{"gold_per_floor":[110,110,35,49,61,89,89,115,184,195,195,20,32,107,107,184,184,195,210,310,310,320,320,36,36,36,68,68,84,134,134,134,212,212,232,242,66,79,97,97,130,57,57,91,0,0,16,16,16,16],"floor_reached":51,"playtime":2324,"items_purged":["Strike_B","Gash"],"score":1270,"play_id":"080495bb-6ecf-45ea-a173-b5d78e854a49","local_time":"20181021134126","is_ascension_mode":true,"campfire_choices":[{"data":"Zap","floor":7,"key":"SMITH"},{"data":"Electrodynamics","floor":11,"key":"SMITH"},{"data":"Coolheaded","floor":15,"key":"SMITH"},{"data":"Hologram","floor":23,"key":"SMITH"},{"data":"Turbo","floor":25,"key":"SMITH"},{"data":"Hologram","floor":28,"key":"SMITH"},{"data":"Dualcast","floor":32,"key":"SMITH"},{"data":"Fission","floor":40,"key":"SMITH"},{"data":"Strike_B+1","floor":46,"key":"PURGE"},{"floor":49,"key":"REST"}],"neow_cost":"NONE","seed_source_timestamp":234245609803137,"circlet_count":0,"master_deck":["Defend_B","Defend_B","Defend_B","Defend_B","Zap+1","Dualcast+1","AscendersBane","Coolheaded+1","Conserve Battery","Hologram+1","Electrodynamics+1","Hologram+1","Defragment+1","Compile Driver","Glacier","Biased Cognition+1","Coolheaded+1","Compile Driver+1","Conserve Battery","Echo Form+1","Capacitor+1","Ball Lightning+1","Turbo+1","Compile Driver","Ball Lightning+1","Defragment+1","Electrodynamics+1","Self Repair+1","Consume","Loop+1","Fission+1","Glacier","Steam+1","Defragment+1","Glacier+1"],"special_seed":0,"relics":["Cracked Core","NeowsBlessing","Gambling Chip","Happy Flower","Frozen Egg 2","Runic Dome","Du-Vu Doll","Meat on the Bone","Pantograph","PreservedInsect","StoneCalendar","Whetstone","Nuclear Battery","Peace Pipe","Unceasing Top","Ornamental Fan","Red Mask"],"potions_floor_usage":[6,13,33,38,41,50],"damage_taken":[{"damage":0,"enemies":"2 Louse","floor":1,"turns":1},{"damage":0,"enemies":"Jaw Worm","floor":4,"turns":1},{"damage":0,"enemies":"Small Slimes","floor":5,"turns":1},{"damage":12,"enemies":"3 Sentries","floor":6,"turns":9},{"damage":12,"enemies":"Lagavulin","floor":8,"turns":6},{"damage":0,"enemies":"Looter","floor":10,"turns":3},{"damage":0,"enemies":"Large Slime","floor":13,"turns":2},{"damage":4,"enemies":"Slime Boss","floor":16,"turns":6},{"damage":0,"enemies":"Shell Parasite","floor":18,"turns":4},{"damage":22,"enemies":"2 Thieves","floor":19,"turns":2},{"damage":7,"enemies":"Colosseum Slavers","floor":20,"turns":3},{"damage":0,"enemies":"Colosseum Nobs","floor":20,"turns":2},{"damage":3,"enemies":"Snecko","floor":22,"turns":5},{"damage":13,"enemies":"Gremlin Leader","floor":27,"turns":6},{"damage":6,"enemies":"Chosen and Byrds","floor":29,"turns":3},{"damage":48,"enemies":"Automaton","floor":33,"turns":7},{"damage":22,"enemies":"3 Darklings","floor":35,"turns":3},{"damage":0,"enemies":"Orb Walker","floor":36,"turns":3},{"damage":37,"enemies":"Writhing Mass","floor":38,"turns":5},{"damage":15,"enemies":"Spire Growth","floor":39,"turns":4},{"damage":10,"enemies":"Reptomancer","floor":41,"turns":4},{"damage":45,"enemies":"Nemesis","floor":44,"turns":7},{"damage":0,"enemies":"Sphere and 2 Shapes","floor":47,"turns":3},{"damage":37,"enemies":"Awakened One","floor":50,"turns":19}],"seed_played":"1629677694194559372","potions_obtained":[{"floor":5,"key":"SkillPotion"},{"floor":8,"key":"AttackPotion"},{"floor":16,"key":"SmokeBomb"},{"floor":18,"key":"FearPotion"},{"floor":20,"key":"Weak Potion"},{"floor":27,"key":"AttackPotion"},{"floor":38,"key":"GamblersBrew"},{"floor":41,"key":"SteroidPotion"},{"floor":44,"key":"SkillPotion"}],"is_trial":false,"path_per_floor":["M","?","?","M","M","E","R","E","T","M","R","$","M","?","R","B",null,"M","M","?","T","M","R","$","R","T","E","R","M","?","?","R","B",null,"M","M","$","M","M","R","E","$","T","E","?","R","M","$","R","B"],"character_chosen":"DEFECT","items_purchased":["Defragment+1","Compile Driver","Capacitor+1","Ball Lightning","PreservedInsect","Turbo","Loop+1","Defragment+1"],"campfire_rested":1,"item_purchase_floors":[12,12,24,24,24,24,37,42],"current_hp_per_floor":[64,57,57,57,57,45,45,33,33,33,33,33,33,22,22,18,58,58,36,29,29,38,38,38,38,38,37,37,43,43,43,43,32,61,39,49,49,34,41,41,53,53,53,30,30,30,42,42,63,56],"gold":16,"neow_bonus":"THREE_ENEMY_KILL","is_prod":false,"is_daily":false,"chose_seed":false,"campfire_upgraded":8,"win_rate":0,"timestamp":1540143686,"path_taken":["M","?","?","?","M","E","R","E","T","M","R","$","?","?","R","BOSS","M","M","?","?","?","R","$","R","T","E","R","?","?","?","R","BOSS","M","M","$","M","M","R","E","?","T","E","?","R","M","$","R","BOSS"],"build_version":"2018-10-18","purchased_purges":2,"victory":true,"max_hp_per_floor":[71,71,71,71,71,71,71,71,71,71,71,71,71,71,71,71,71,71,71,71,71,71,71,71,71,71,71,71,71,71,71,71,71,71,71,71,71,71,71,71,71,71,71,71,71,71,71,71,71,71],"card_choices":[{"not_picked":["Force Field","Redo"],"picked":"Coolheaded","floor":1},{"not_picked":["Barrage","Darkness"],"picked":"Conserve Battery","floor":4},{"not_picked":["Stack","Beam Cell"],"picked":"Hologram","floor":5},{"not_picked":["Aggregate","Redo"],"picked":"Gash","floor":6},{"not_picked":["Tempest","Conserve Battery"],"picked":"Electrodynamics","floor":8},{"not_picked":["Chill","Melter"],"picked":"Hologram","floor":10},{"not_picked":["Redo","Cold Snap"],"picked":"Glacier","floor":13},{"not_picked":["Fission","Electrodynamics+1"],"picked":"Biased Cognition+1","floor":16},{"not_picked":["Barrage","Sunder"],"picked":"Coolheaded+1","floor":18},{"not_picked":["Cold Snap","Redo"],"picked":"Compile Driver+1","floor":19},{"not_picked":["Scrape","Hologram"],"picked":"Conserve Battery","floor":20},{"not_picked":["Doom and Gloom","Conserve Battery"],"picked":"Echo Form+1","floor":22},{"not_picked":["Hello World+1","Barrage"],"picked":"Compile Driver","floor":27},{"not_picked":["Capacitor+1","Chaos"],"picked":"Ball Lightning+1","floor":29},{"not_picked":["Multi-Cast","Biased Cognition+1"],"picked":"Electrodynamics+1","floor":33},{"not_picked":["Leap","Hologram"],"picked":"Self Repair+1","floor":35},{"not_picked":["Scrape+1","Rebound"],"picked":"Consume","floor":36},{"not_picked":["Doom and Gloom","Stack"],"picked":"Fission","floor":38},{"not_picked":["Redo","Gash"],"picked":"Glacier","floor":39},{"not_picked":["Leap","Redo+1"],"picked":"Steam+1","floor":41},{"not_picked":["Cold Snap","Compile Driver"],"picked":"Glacier+1","floor":44},{"not_picked":["Loop+1","Coolheaded","Ball Lightning"],"picked":"SKIP","floor":47}],"player_experience":946720,"relics_obtained":[{"floor":6,"key":"Gambling Chip"},{"floor":8,"key":"Happy Flower"},{"floor":9,"key":"Frozen Egg 2"},{"floor":20,"key":"Du-Vu Doll"},{"floor":20,"key":"Meat on the Bone"},{"floor":21,"key":"Pantograph"},{"floor":26,"key":"StoneCalendar"},{"floor":27,"key":"Whetstone"},{"floor":41,"key":"Peace Pipe"},{"floor":43,"key":"Unceasing Top"},{"floor":44,"key":"Ornamental Fan"}],"event_choices":[{"cards_removed":["Strike_B"],"damage_healed":0,"gold_gain":0,"player_choice":"Card Removal","damage_taken":7,"max_hp_gain":0,"max_hp_loss":0,"event_name":"Golden Wing","floor":2,"gold_loss":0},{"cards_removed":["Strike_B"],"damage_healed":0,"gold_gain":0,"player_choice":"Card Removal","damage_taken":0,"max_hp_gain":0,"max_hp_loss":0,"event_name":"The Cleric","floor":3,"gold_loss":75},{"damage_healed":0,"gold_gain":75,"player_choice":"Gather Gold","damage_taken":11,"max_hp_gain":0,"max_hp_loss":0,"event_name":"World of Goop","floor":14,"gold_loss":0},{"damage_healed":0,"gold_gain":0,"player_choice":"Fight","damage_taken":0,"max_hp_gain":0,"max_hp_loss":0,"event_name":"Colosseum","floor":20,"gold_loss":0},{"damage_healed":0,"gold_gain":0,"player_choice":"Fought Nobs","damage_taken":0,"max_hp_gain":0,"max_hp_loss":0,"event_name":"Colosseum","floor":20,"gold_loss":0},{"damage_healed":0,"gold_gain":50,"player_choice":"Stole From Cult","damage_taken":0,"max_hp_gain":0,"max_hp_loss":0,"event_name":"Nest","floor":30,"gold_loss":0},{"damage_healed":0,"gold_gain":0,"player_choice":"Read","damage_taken":0,"max_hp_gain":0,"max_hp_loss":0,"event_name":"The Library","floor":31,"gold_loss":0,"cards_obtained":["Defragment"]},{"damage_healed":0,"gold_gain":0,"player_choice":"Paid","damage_taken":0,"relics_obtained":["Red Mask"],"max_hp_gain":0,"max_hp_loss":0,"event_name":"Tomb of Lord Red Mask","floor":45,"gold_loss":91}],"is_beta":false,"boss_relics":[{"not_picked":["Philosopher\u0027s Stone","Lizard Tail"],"picked":"Runic Dome"},{"not_picked":["Eternal Feather","Snecko Eye"],"picked":"Nuclear Battery"}],"items_purged_floors":[12,37],"is_endless":false,"potions_floor_spawned":[5,8,16,18,20,22,27,29,38,41,44],"ascension_level":15}