{"gold_per_floor":[119,194,244,70,89,89,89,123,202,212,212],"floor_reached":11,"playtime":317,"items_purged":["Strike_G"],"score":192,"play_id":"665b3994-1510-458a-b76b-01ac1c249cdd","local_time":"20190517161937","is_ascension_mode":true,"campfire_choices":[],"neow_cost":"NONE","seed_source_timestamp":104792910247269,"circlet_count":0,"master_deck":["AscendersBane","Defend_G","Defend_G","Defend_G","Defend_G","Defend_G","Strike_G","Strike_G","Strike_G","Survivor","Neutralize","Backflip","Backstab","Caltrops","After Image","Dash"],"relics":["Ring of the Snake","NeowsBlessing","Sundial"],"potions_floor_usage":[11,11],"damage_taken":[{"damage":0,"enemies":"Small Slimes","floor":1,"turns":1},{"damage":0,"enemies":"Cultist","floor":5,"turns":1},{"damage":0,"enemies":"Gremlin Nob","floor":8,"turns":1},{"damage":0,"enemies":"Jaw Worm","floor":10,"turns":6},{"damage":44,"enemies":"Lagavulin","floor":11,"turns":11}],"seed_played":"-994070961610028911","potions_obtained":[{"floor":1,"key":"Poison Potion"}],"is_trial":false,"path_per_floor":["M","?","?","$","M","$","?","E","T","M","E"],"character_chosen":"THE_SILENT","items_purchased":["Backstab","SteroidPotion"],"campfire_rested":0,"item_purchase_floors":[4,4],"current_hp_per_floor":[59,48,42,42,42,42,35,35,35,35,0],"gold":212,"neow_bonus":"THREE_ENEMY_KILL","is_prod":false,"is_daily":false,"chose_seed":false,"campfire_upgraded":0,"win_rate":0,"timestamp":1558124377,"path_taken":["M","?","?","$","?","?","?","E","T","M","E"],"build_version":"2019-01-23","purchased_purges":1,"victory":false,"max_hp_per_floor":[66,66,66,66,66,66,66,66,66,66,66],"card_choices":[{"not_picked":["Reflex","Outmaneuver"],"picked":"Backflip","floor":1},{"not_picked":["Tactician","Bane"],"picked":"Caltrops","floor":5},{"not_picked":["Concentrate","Eviscerate"],"picked":"After Image","floor":8},{"not_picked":["Deflect","Dagger Spray"],"picked":"Dash","floor":10}],"player_experience":1410587,"relics_obtained":[{"floor":8,"key":"Sundial"}],"event_choices":[{"damage_healed":0,"gold_gain":75,"player_choice":"Gather Gold","damage_taken":11,"max_hp_gain":0,"max_hp_loss":0,"event_name":"World of Goop","floor":2,"gold_loss":0},{"damage_healed":0,"gold_gain":50,"player_choice":"Touch","damage_taken":6,"max_hp_gain":0,"max_hp_loss":0,"event_name":"FaceTrader","floor":3,"gold_loss":0},{"cards_removed":["Strike_G"],"damage_healed":0,"gold_gain":0,"player_choice":"Card Removal","damage_taken":7,"max_hp_gain":0,"max_hp_loss":0,"event_name":"Golden Wing","floor":7,"gold_loss":0}],"is_beta":false,"boss_relics":[],"items_purged_floors":[4],"is_endless":false,"potions_floor_spawned":[1,8],"killed_by":"Lagavulin","ascension_level":20}