{"gold_per_floor":[117,192,211,221,231,260,260,288,334,348,358,358,388,388,388,490,490,502,27,43,62,26,26,26],"floor_reached":24,"playtime":1721,"items_purged":[],"score":229,"play_id":"b9365e30-ed37-4ee2-9f97-298d6f61b936","local_time":"20190711033152","is_ascension_mode":true,"campfire_choices":[{"floor":7,"key":"REST"},{"floor":12,"key":"REST"},{"floor":15,"key":"RECALL"},{"floor":23,"key":"REST"}],"neow_cost":"NONE","seed_source_timestamp":80147729027791,"circlet_count":0,"master_deck":["Strike_R","Strike_R","Strike_R","Strike_R","Strike_R","Defend_R","Defend_R","Defend_R","Defend_R","Bash","Headbutt","Rampage","Searing Blow","Shrug It Off","Disarm","Inflame","Heavy Blade","Feel No Pain","Perfected Strike","Reaper","Flame Barrier","Evolve","Armaments","Battle Trance","Cleave"],"relics":["Burning Blood","Juzu Bracelet","Kunai","Dream Catcher","Lizard Tail","Bag of Preparation","Singing Bowl"],"potions_floor_usage":[6,18,21,21],"damage_taken":[{"damage":6,"enemies":"Jaw Worm","floor":1,"turns":3},{"damage":0,"enemies":"Cultist","floor":3,"turns":2},{"damage":6,"enemies":"2 Louse","floor":4,"turns":3},{"damage":8,"enemies":"Red Slaver","floor":5,"turns":2},{"damage":35,"enemies":"Lagavulin","floor":6,"turns":6},{"damage":49,"enemies":"3 Sentries","floor":8,"turns":8},{"damage":12,"enemies":"Looter","floor":10,"turns":3},{"damage":12,"enemies":"Exordium Wildlife","floor":11,"turns":3},{"damage":31,"enemies":"Gremlin Nob","floor":13,"turns":5},{"damage":69,"enemies":"The Guardian","floor":16,"turns":12},{"damage":26,"enemies":"Spheric Guardian","floor":18,"turns":5},{"damage":12,"enemies":"Chosen","floor":20,"turns":6},{"damage":113,"enemies":"3 Cultists","floor":21,"turns":10},{"damage":69,"enemies":"Book of Stabbing","floor":24,"turns":8}],"seed_played":"-5995010479458432071","potions_obtained":[{"floor":3,"key":"Energy Potion"},{"floor":6,"key":"SpeedPotion"},{"floor":10,"key":"Ancient Potion"},{"floor":11,"key":"Explosive Potion"},{"floor":13,"key":"FairyPotion"},{"floor":18,"key":"SkillPotion"},{"floor":20,"key":"Weak Potion"}],"is_trial":false,"path_per_floor":["M","?","M","M","M","E","R","E","T","M","M","R","E","?","R","B",null,"M","$","M","M","$","R","E"],"character_chosen":"IRONCLAD","items_purchased":["Bag of Preparation","Singing Bowl","Evolve","Battle Trance"],"campfire_rested":3,"item_purchase_floors":[19,19,19,22],"current_hp_per_floor":[80,69,75,75,73,44,68,25,25,19,13,37,12,90,90,27,90,70,70,64,34,34,61,0],"gold":26,"neow_bonus":"ONE_RANDOM_RARE_CARD","is_prod":false,"is_daily":false,"chose_seed":false,"campfire_upgraded":0,"win_rate":0,"timestamp":1562841112,"path_taken":["M","?","M","M","M","E","R","E","T","M","M","R","E","?","R","BOSS","M","$","M","M","$","R","E"],"build_version":"2019-07-05","purchased_purges":0,"victory":false,"max_hp_per_floor":[80,80,80,80,80,80,80,80,80,80,80,80,80,90,90,90,90,90,90,90,92,92,92,92],"card_choices":[{"not_picked":["Sword Boomerang","Reckless Charge"],"picked":"Headbutt","floor":1},{"not_picked":["Headbutt","Shockwave"],"picked":"Rampage","floor":3},{"not_picked":["Intimidate","Thunderclap"],"picked":"Searing Blow","floor":4},{"not_picked":["Warcry","Body Slam"],"picked":"Shrug It Off","floor":5},{"not_picked":["Rupture","Evolve"],"picked":"Disarm","floor":6},{"not_picked":["Sever Soul","Flame Barrier"],"picked":"Inflame","floor":8},{"not_picked":["Hemokinesis","Pummel"],"picked":"Heavy Blade","floor":10},{"not_picked":["Rage","Pommel Strike"],"picked":"Feel No Pain","floor":11},{"not_picked":["Brutality","Dropkick"],"picked":"Perfected Strike","floor":13},{"not_picked":["Juggernaut","Offering"],"picked":"Reaper","floor":16},{"not_picked":["Anger","Warcry"],"picked":"Flame Barrier","floor":18},{"not_picked":["Reckless Charge+1","Burning Pact"],"picked":"Armaments","floor":20},{"not_picked":["Rampage","Heavy Blade","True Grit"],"picked":"Singing Bowl","floor":21},{"not_picked":["Clothesline","Perfected Strike+1"],"picked":"Cleave","floor":23}],"player_experience":261978,"relics_obtained":[{"floor":6,"key":"Juzu Bracelet"},{"floor":8,"key":"Kunai"},{"floor":13,"key":"Dream Catcher"}],"event_choices":[{"damage_healed":0,"gold_gain":75,"player_choice":"Gather Gold","damage_taken":11,"max_hp_gain":0,"max_hp_loss":0,"event_name":"World of Goop","floor":2,"gold_loss":0},{"cards_removed":["Fiend Fire"],"damage_healed":68,"gold_gain":0,"player_choice":"Offered Rare","damage_taken":0,"max_hp_gain":10,"max_hp_loss":0,"event_name":"Bonfire Elementals","floor":14,"gold_loss":0}],"is_beta":false,"boss_relics":[{"not_picked":["Runic Dome","Velvet Choker"],"picked":"Lizard Tail"}],"items_purged_floors":[],"is_endless":false,"potions_floor_spawned":[3,6,10,11,13,18,20],"killed_by":"Book of Stabbing","ascension_level":1}