{"gold_per_floor":[115,115,115,115,115,156,181,181,234,259,272,53,84,109,109,233,233,251,276,37,58,72,72],"floor_reached":23,"playtime":1313,"items_purged":[],"score":239,"play_id":"4fb81d59-23a9-45e2-90a2-914a9133a18c","local_time":"20190711035400","is_ascension_mode":true,"campfire_choices":[{"data":"Armaments","floor":8,"key":"SMITH"},{"floor":15,"key":"RECALL"}],"neow_cost":"NONE","seed_source_timestamp":81884397137481,"circlet_count":0,"master_deck":["Strike_R","Strike_R+1","Strike_R","Strike_R","Strike_R","Defend_R","Defend_R","Defend_R","Defend_R","Bash+1","Flame Barrier","Cleave","Armaments+1","Combust","Shrug It Off","Battle Trance","Seeing Red","Sentinel","Bludgeon+1","Warcry","Rupture+1","True Grit","Battle Trance","Metallicize","Inflame"],"relics":["Burning Blood","NeowsBlessing","Golden Idol","Dodecahedron","Peace Pipe","Anchor","Potion Belt","Mark of Pain","Whetstone"],"potions_floor_usage":[13,16,16,16,16,22,22,22,22],"damage_taken":[{"damage":0,"enemies":"Small Slimes","floor":1,"turns":1},{"damage":0,"enemies":"3 Sentries","floor":6,"turns":2},{"damage":0,"enemies":"2 Louse","floor":7,"turns":1},{"damage":0,"enemies":"Cultist","floor":10,"turns":3},{"damage":8,"enemies":"3 Louse","floor":11,"turns":2},{"damage":11,"enemies":"Lagavulin","floor":13,"turns":6},{"damage":2,"enemies":"Looter","floor":14,"turns":3},{"damage":73,"enemies":"The Guardian","floor":16,"turns":10},{"damage":1,"enemies":"2 Thieves","floor":18,"turns":4},{"damage":20,"enemies":"Shell Parasite","floor":19,"turns":5},{"damage":25,"enemies":"Shelled Parasite and Fungi","floor":21,"turns":7},{"damage":3,"enemies":"Centurion and Healer","floor":22,"turns":5},{"damage":51,"enemies":"Book of Stabbing","floor":23,"turns":7}],"seed_played":"-7676315791377086731","potions_obtained":[{"floor":5,"key":"Poison Potion"},{"floor":5,"key":"PowerPotion"},{"floor":5,"key":"SteroidPotion"},{"floor":6,"key":"SkillPotion"},{"floor":13,"key":"Weak Potion"},{"floor":14,"key":"Regen Potion"},{"floor":16,"key":"Fire Potion"},{"floor":18,"key":"SpeedPotion"},{"floor":19,"key":"SteroidPotion"},{"floor":21,"key":"SpeedPotion"}],"is_trial":false,"path_per_floor":["M","?","?","?","?","E","M","R","T","M","M","$","E","M","R","B",null,"M","M","$","M","M","E"],"character_chosen":"IRONCLAD","items_purchased":["Anchor","Battle Trance","Whetstone","True Grit","Battle Trance"],"campfire_rested":0,"item_purchase_floors":[12,12,20,20,20],"current_hp_per_floor":[80,80,60,53,53,59,65,65,65,71,69,69,64,68,68,15,80,80,66,66,47,50,0],"gold":72,"neow_bonus":"THREE_ENEMY_KILL","is_prod":false,"is_daily":false,"chose_seed":false,"campfire_upgraded":1,"win_rate":0,"timestamp":1562842440,"path_taken":["M","?","?","?","?","E","M","R","T","M","M","$","E","M","R","BOSS","M","M","$","M","?","E"],"build_version":"2019-07-05","purchased_purges":0,"victory":false,"max_hp_per_floor":[80,80,80,80,80,80,80,80,80,80,80,80,80,80,80,80,80,80,80,80,80,80,80],"card_choices":[{"not_picked":["Clash","Seeing Red"],"picked":"Flame Barrier","floor":1},{"not_picked":["Warcry","Headbutt"],"picked":"Cleave","floor":6},{"not_picked":["Dual Wield","Rupture"],"picked":"Armaments","floor":7},{"not_picked":["Hemokinesis","Ghostly Armor"],"picked":"Combust","floor":10},{"not_picked":["Body Slam","Dropkick"],"picked":"Shrug It Off","floor":11},{"not_picked":["Combust","Flame Barrier"],"picked":"Seeing Red","floor":13},{"not_picked":["Cleave","Flame Barrier"],"picked":"Sentinel","floor":14},{"not_picked":["Juggernaut","Berserk"],"picked":"Bludgeon","floor":16},{"not_picked":["Perfected Strike","Clash"],"picked":"Warcry","floor":18},{"not_picked":["Havoc","Disarm+1"],"picked":"Rupture+1","floor":19},{"not_picked":["Intimidate","Rage+1"],"picked":"Metallicize","floor":21},{"not_picked":["Twin Strike","Carnage+1"],"picked":"Inflame","floor":22}],"player_experience":263699,"relics_obtained":[{"floor":6,"key":"Peace Pipe"},{"floor":13,"key":"Potion Belt"}],"event_choices":[{"damage_healed":0,"gold_gain":0,"player_choice":"Grow","damage_taken":0,"max_hp_gain":0,"max_hp_loss":0,"event_name":"Living Wall","floor":2,"gold_loss":0,"cards_upgraded":["Bash"]},{"damage_healed":0,"gold_gain":0,"player_choice":"Take Damage","damage_taken":20,"relics_obtained":["Golden Idol"],"max_hp_gain":0,"max_hp_loss":0,"event_name":"Golden Idol","floor":3,"gold_loss":0},{"damage_healed":0,"gold_gain":0,"player_choice":"Success","damage_taken":7,"relics_obtained":["Dodecahedron"],"max_hp_gain":0,"max_hp_loss":0,"event_name":"Scrap Ooze","floor":4,"gold_loss":0},{"damage_healed":0,"gold_gain":0,"player_choice":"Got Potions","damage_taken":0,"max_hp_gain":0,"max_hp_loss":0,"event_name":"Lab","floor":5,"gold_loss":0}],"is_beta":false,"boss_relics":[{"not_picked":["Fusion Hammer","Empty Cage"],"picked":"Mark of Pain"}],"items_purged_floors":[],"is_endless":false,"potions_floor_spawned":[6,7,13,14,16,18,19,21],"killed_by":"Book of Stabbing","ascension_level":1}