{"gold_per_floor":[117,137,137,153,166,192,192,157,180,180,211,227,251,281,281,281],"floor_reached":16,"playtime":737,"items_purged":[],"score":240,"play_id":"354e99f8-ae4f-4b4f-ba81-3dd7b7439700","local_time":"20181220170627","is_ascension_mode":true,"campfire_choices":[{"data":"Leg Sweep","floor":7,"key":"SMITH"},{"data":"Leg Sweep","floor":15,"key":"SMITH"}],"neow_cost":"NONE","seed_source_timestamp":670338789941957,"circlet_count":0,"master_deck":["AscendersBane","Defend_G","Defend_G","Defend_G","Defend_G","Defend_G","Strike_G","Strike_G","Strike_G","Strike_G","Strike_G","Survivor","Neutralize","Dagger Throw","Quick Slash","Noxious Fumes","Deadly Poison","PiercingWail","Leg Sweep+1","Leg Sweep+1","Escape Plan","Noxious Fumes","Dodge and Roll"],"relics":["Ring of the Snake","Blood Vial","Strawberry","PreservedInsect","Odd Mushroom","Du-Vu Doll"],"potions_floor_usage":[6,11,12,16],"damage_taken":[{"damage":19,"enemies":"Jaw Worm","floor":1,"turns":8},{"damage":3,"enemies":"Cultist","floor":2,"turns":4},{"damage":0,"enemies":"2 Louse","floor":4,"turns":3},{"damage":0,"enemies":"2 Fungi Beasts","floor":5,"turns":4},{"damage":22,"enemies":"Gremlin Nob","floor":6,"turns":4},{"damage":17,"enemies":"Lagavulin","floor":11,"turns":8},{"damage":7,"enemies":"Large Slime","floor":12,"turns":9},{"damage":5,"enemies":"The Mushroom Lair","floor":13,"turns":6},{"damage":16,"enemies":"3 Sentries","floor":14,"turns":9},{"damage":12,"enemies":"The Guardian","floor":16,"turns":2}],"seed_played":"7103688715068448752","potions_obtained":[{"floor":1,"key":"Poison Potion"},{"floor":5,"key":"Weak Potion"},{"floor":6,"key":"Swift Potion"},{"floor":11,"key":"Fire Potion"},{"floor":13,"key":"LiquidBronze"}],"is_trial":false,"path_per_floor":["M","M","?","M","M","E","R","?","T","?","E","M","?","E","R","B"],"character_chosen":"THE_SILENT","items_purchased":[],"campfire_rested":0,"item_purchase_floors":[],"current_hp_per_floor":[46,43,43,43,43,21,21,39,46,46,31,26,23,9,9,0],"gold":281,"neow_bonus":"TEN_PERCENT_HP_BONUS","is_prod":false,"is_daily":false,"chose_seed":false,"campfire_upgraded":2,"win_rate":0,"timestamp":1545343587,"path_taken":["M","M","?","?","M","E","R","?","T","?","E","M","?","E","R","BOSS"],"build_version":"2018-12-13","purchased_purges":0,"victory":false,"max_hp_per_floor":[72,72,72,72,72,72,72,72,79,79,79,79,79,79,79,79],"card_choices":[{"not_picked":["Riddle With Holes","Prepared"],"picked":"Dagger Throw","floor":1},{"not_picked":["Masterful Stab","Reflex"],"picked":"Quick Slash","floor":2},{"not_picked":["Deflect","Reflex"],"picked":"Deadly Poison","floor":4},{"not_picked":["Eviscerate","Catalyst"],"picked":"PiercingWail","floor":5},{"not_picked":["Dash","Skewer"],"picked":"Leg Sweep","floor":6},{"not_picked":["Envenom","Cloak And Dagger"],"picked":"Leg Sweep","floor":11},{"not_picked":["Dagger Spray","Underhanded Strike"],"picked":"Escape Plan","floor":12},{"not_picked":["Dodge and Roll","Dagger Spray"],"picked":"Noxious Fumes","floor":13},{"not_picked":["Sucker Punch","Bane"],"picked":"Dodge and Roll","floor":14}],"player_experience":1293742,"relics_obtained":[{"floor":6,"key":"Blood Vial"},{"floor":9,"key":"Strawberry"},{"floor":11,"key":"PreservedInsect"},{"floor":13,"key":"Odd Mushroom"},{"floor":14,"key":"Du-Vu Doll"}],"event_choices":[{"damage_healed":0,"gold_gain":0,"player_choice":"1 cards matched","damage_taken":0,"max_hp_gain":0,"max_hp_loss":0,"event_name":"Match and Keep!","floor":3,"gold_loss":0,"cards_obtained":["Noxious Fumes"]},{"damage_healed":18,"gold_gain":0,"player_choice":"Healed","damage_taken":0,"max_hp_gain":0,"max_hp_loss":0,"event_name":"The Cleric","floor":8,"gold_loss":35},{"damage_healed":0,"gold_gain":0,"player_choice":"Searched \u00270\u0027 times","damage_taken":0,"max_hp_gain":0,"max_hp_loss":0,"event_name":"Dead Adventurer","floor":10,"gold_loss":0},{"damage_healed":0,"gold_gain":0,"player_choice":"Fought Mushrooms","damage_taken":0,"max_hp_gain":0,"max_hp_loss":0,"event_name":"Mushrooms","floor":13,"gold_loss":0}],"is_beta":false,"boss_relics":[],"items_purged_floors":[],"is_endless":false,"potions_floor_spawned":[1,5,6,11,13],"killed_by":"The Guardian","ascension_level":20}