{"gold_per_floor":[113,113,131,143,154,154,120,155,178,193,207,222,249,267,267,363,363,377,389,405,405,416,436,462,462,485,485,501,532,544,578,578,674,674,694,511,529,53,71,71,71,104,104,0,0,0,0,16,16,16],"floor_reached":51,"playtime":4052,"items_purged":[],"score":828,"play_id":"dcdbca95-cd5a-4d53-b467-b99193fac79e","local_time":"20180714163625","is_ascension_mode":false,"campfire_choices":[{"data":"Shockwave","floor":6,"key":"SMITH"},{"data":"Feed","floor":15,"key":"SMITH"},{"data":"Infernal Blade","floor":25,"key":"SMITH"},{"data":"Exhume","floor":27,"key":"SMITH"},{"data":"Defend_R","floor":32,"key":"PURGE"},{"data":"Seeing Red","floor":40,"key":"SMITH"},{"data":"Seeing Red","floor":46,"key":"SMITH"},{"data":"Seeing Red","floor":49,"key":"SMITH"}],"neow_cost":"NONE","seed_source_timestamp":246384095763006,"circlet_count":0,"master_deck":["Strike_R","Strike_R","Strike_R","Strike_R","Defend_R","Defend_R","Defend_R","Bash","Heavy Blade","Shockwave+1","Shrug It Off","Battle Trance","Battle Trance","Iron Wave","Feed+1","Anger","Spot Weakness","Dual Wield","Clash","Exhume+1","Inflame+1","Dropkick","Infernal Blade+1","Burning Pact","Iron Wave+1","Double Tap","Sword Boomerang+1","True Grit+1","Flex+1","Seeing Red+1","Exhume","Battle Trance","Blood for Blood","Seeing Red+1","Secret Technique","Seeing Red+1","Intimidate+1","Madness","Madness","Heavy Blade+1"],"relics":["Burning Blood","Ancient Tea Set","Vajra","Orichalcum","Lantern","Coffee Dripper","Bag of Preparation","Bag of Marbles","Gambling Chip","Peace Pipe","Eternal Feather","Omamori","Strange Spoon","Molten Egg 2","Smiling Mask","Red Mask"],"potions_floor_usage":[8,11,13,16,16,16,16,16,19,22,23,33,50,50],"damage_taken":[{"damage":7,"enemies":"2 Louse","floor":1,"turns":2},{"damage":2,"enemies":"Small Slimes","floor":3,"turns":4},{"damage":0,"enemies":"Cultist","floor":4,"turns":3},{"damage":3,"enemies":"2 Fungi Beasts","floor":5,"turns":7},{"damage":12,"enemies":"Gremlin Nob","floor":8,"turns":4},{"damage":6,"enemies":"Lots of Slimes","floor":10,"turns":4},{"damage":2,"enemies":"Blue Slaver","floor":11,"turns":5},{"damage":2,"enemies":"Red Slaver","floor":12,"turns":4},{"damage":2,"enemies":"3 Sentries","floor":13,"turns":5},{"damage":0,"enemies":"3 Louse","floor":14,"turns":3},{"damage":14,"enemies":"Slime Boss","floor":16,"turns":9},{"damage":8,"enemies":"Shell Parasite","floor":18,"turns":3},{"damage":1,"enemies":"Chosen","floor":19,"turns":4},{"damage":12,"enemies":"Centurion and Healer","floor":20,"turns":3},{"damage":14,"enemies":"Sentry and Sphere","floor":22,"turns":4},{"damage":9,"enemies":"Snake Plant","floor":23,"turns":4},{"damage":33,"enemies":"Slavers","floor":24,"turns":4},{"damage":0,"enemies":"Centurion and Healer","floor":28,"turns":2},{"damage":7,"enemies":"Book of Stabbing","floor":29,"turns":3},{"damage":6,"enemies":"Slaver and Parasite","floor":30,"turns":4},{"damage":0,"enemies":"Slavers","floor":31,"turns":1},{"damage":68,"enemies":"Champ","floor":33,"turns":8},{"damage":9,"enemies":"3 Shapes","floor":35,"turns":2},{"damage":6,"enemies":"3 Darklings","floor":37,"turns":4},{"damage":12,"enemies":"Maw","floor":39,"turns":6},{"damage":10,"enemies":"Nemesis","floor":42,"turns":3},{"damage":0,"enemies":"Transient","floor":48,"turns":5},{"damage":70,"enemies":"Awakened One","floor":50,"turns":9}],"seed_played":"7390866046598030512","potions_obtained":[{"floor":1,"key":"Swift Potion"},{"floor":3,"key":"Block Potion"},{"floor":8,"key":"EssenceOfSteel"},{"floor":11,"key":"Weak Potion"},{"floor":12,"key":"EntropicBrew"},{"floor":13,"key":"Dexterity Potion"},{"floor":16,"key":"Energy Potion"},{"floor":18,"key":"LiquidBronze"},{"floor":20,"key":"Weak Potion"},{"floor":24,"key":"FearPotion"},{"floor":30,"key":"Dexterity Potion"},{"floor":31,"key":"PowerPotion"},{"floor":37,"key":"EssenceOfSteel"}],"is_trial":false,"path_per_floor":["M","?","M","M","M","R","$","E","T","M","M","M","E","M","R","B",null,"M","M","M","?","M","M","E","R","T","R","M","E","M","E","R","B",null,"M","$","M","$","M","R","$","E","T","?","$","R","?","M","R","B"],"character_chosen":"IRONCLAD","items_purchased":["Battle Trance","Omamori","Blood for Blood","Strange Spoon","Secret Technique","Seeing Red"],"campfire_rested":0,"item_purchase_floors":[7,36,36,38,38,38],"current_hp_per_floor":[79,79,80,80,80,80,80,74,74,74,81,86,89,92,92,84,92,90,92,86,86,87,92,69,69,69,69,79,78,82,88,88,26,108,105,105,105,105,102,111,111,107,107,107,107,111,97,103,111,47],"gold":16,"neow_bonus":"RANDOM_COMMON_RELIC","is_prod":false,"is_daily":false,"chose_seed":false,"campfire_upgraded":7,"win_rate":0,"timestamp":1531600585,"path_taken":["M","?","M","?","M","R","$","E","T","M","M","M","E","M","R","BOSS","M","M","M","?","?","M","E","R","T","R","M","E","M","E","R","BOSS","M","$","M","$","M","R","$","E","T","?","?","R","?","M","R","BOSS"],"build_version":"2018-07-12","purchased_purges":0,"victory":true,"max_hp_per_floor":[80,80,80,80,80,80,80,80,80,80,83,86,89,92,92,92,92,92,92,92,92,96,96,100,100,100,100,104,104,108,108,108,108,108,108,108,108,108,111,111,111,111,111,111,111,111,111,111,111,111],"card_choices":[{"not_picked":["Reckless Charge","Thunderclap"],"picked":"Heavy Blade","floor":1},{"not_picked":["Body Slam","Hemokinesis"],"picked":"Shockwave","floor":3},{"not_picked":["Armaments","Anger"],"picked":"Shrug It Off","floor":4},{"not_picked":["Headbutt","Combust"],"picked":"Battle Trance","floor":5},{"not_picked":["Headbutt","Sword Boomerang"],"picked":"Iron Wave","floor":8},{"not_picked":["Thunderclap","Body Slam"],"picked":"Feed","floor":10},{"not_picked":["True Grit","Intimidate"],"picked":"Anger","floor":11},{"not_picked":["Sword Boomerang","Iron Wave"],"picked":"Spot Weakness","floor":12},{"not_picked":["Dark Embrace","Ghostly Armor"],"picked":"Dual Wield","floor":13},{"not_picked":["Infernal Blade","Heavy Blade"],"picked":"Clash","floor":14},{"not_picked":["Immolate","Bludgeon"],"picked":"Exhume","floor":16},{"not_picked":["Havoc","Sentinel"],"picked":"Inflame+1","floor":18},{"not_picked":["Cleave","Body Slam"],"picked":"Dropkick","floor":19},{"not_picked":["Dual Wield","Heavy Blade"],"picked":"Infernal Blade","floor":20},{"not_picked":["Heavy Blade","Cleave+1"],"picked":"Burning Pact","floor":22},{"not_picked":["Cleave","Clothesline"],"picked":"Iron Wave+1","floor":23},{"not_picked":["Iron Wave+1","Twin Strike"],"picked":"Double Tap","floor":24},{"not_picked":["Iron Wave","Body Slam"],"picked":"Sword Boomerang+1","floor":28},{"not_picked":["Body Slam+1","Wild Strike+1"],"picked":"True Grit+1","floor":29},{"not_picked":["Anger+1","Blood for Blood"],"picked":"Flex+1","floor":30},{"not_picked":["Spot Weakness","Sentinel"],"picked":"Seeing Red","floor":31},{"not_picked":["Barricade","Feed"],"picked":"Exhume","floor":33},{"not_picked":["Twin Strike","Sentinel"],"picked":"Battle Trance","floor":35},{"not_picked":["Iron Wave","Sentinel+1"],"picked":"Seeing Red","floor":37},{"not_picked":["Bloodletting+1","Ghostly Armor"],"picked":"Intimidate+1","floor":39},{"not_picked":["Entrench","Twin Strike","Thunderclap+1"],"picked":"SKIP","floor":42},{"not_picked":["Thunderclap+1","Shrug It Off+1"],"picked":"Heavy Blade+1","floor":48}],"player_experience":65904,"relics_obtained":[{"floor":8,"key":"Vajra"},{"floor":9,"key":"Orichalcum"},{"floor":13,"key":"Lantern"},{"floor":24,"key":"Bag of Preparation"},{"floor":26,"key":"Bag of Marbles"},{"floor":29,"key":"Gambling Chip"},{"floor":31,"key":"Peace Pipe"},{"floor":42,"key":"Molten Egg 2"},{"floor":43,"key":"Smiling Mask"}],"event_choices":[{"event_name":"The Cleric","player_choice":"Leave","floor":2,"damage_taken":0},{"event_name":"Purifier","player_choice":"One Purge","floor":21,"damage_taken":0},{"event_name":"Tomb of Lord Red Mask","player_choice":"Paid","floor":44,"damage_taken":0},{"event_name":"Winding Halls","player_choice":"Embrace Madness","floor":47,"damage_taken":0}],"boss_relics":[{"not_picked":["Velvet Choker","Tiny House"],"picked":"Coffee Dripper"},{"not_picked":["Empty Cage","Lizard Tail"],"picked":"Eternal Feather"}],"items_purged_floors":[],"is_endless":false,"potions_floor_spawned":[1,3,8,11,12,13,16,18,20,24,30,31,37,39,48],"ascension_level":0}