{"gold_per_floor":[114,114,168,168,168,195,195,195,266,286,286,286,302,333,333,431,431,449,372,382,402,402,402],"floor_reached":23,"playtime":1715,"items_purged":[],"score":247,"play_id":"3f5a1e4c-0821-4029-9c25-eba2396a6fa8","local_time":"20180714144524","is_ascension_mode":false,"campfire_choices":[{"floor":7,"key":"REST"},{"data":"Bash","floor":11,"key":"SMITH"},{"data":"Bash","floor":15,"key":"SMITH"}],"neow_cost":"NONE","seed_source_timestamp":242076226913344,"circlet_count":0,"master_deck":["Strike_R","Strike_R","Strike_R","Strike_R","Strike_R","Defend_R+1","Defend_R","Defend_R+1","Defend_R","Bash+1","Clash","Warcry","Brutality","Bash+1","Perfected Strike","Thunderclap","Warcry","Dark Embrace+1","Flex","J.A.X.","Shrug It Off","Inflame+1"],"relics":["Burning Blood","Tiny Chest","Pear","Juzu Bracelet","War Paint","Frozen Egg 2","Mango","Lizard Tail"],"potions_floor_usage":[16,16,16,16,21,21],"damage_taken":[{"damage":1,"enemies":"2 Louse","floor":1,"turns":5},{"damage":55,"enemies":"Gremlin Nob","floor":6,"turns":6},{"damage":0,"enemies":"Cultist","floor":10,"turns":3},{"damage":1,"enemies":"Jaw Worm","floor":13,"turns":3},{"damage":8,"enemies":"3 Sentries","floor":14,"turns":8},{"damage":101,"enemies":"Hexaghost","floor":16,"turns":11},{"damage":45,"enemies":"Shell Parasite","floor":18,"turns":7},{"damage":10,"enemies":"Chosen","floor":20,"turns":4},{"damage":51,"enemies":"Slaver and Parasite","floor":21,"turns":8},{"damage":122,"enemies":"Slavers","floor":23,"turns":12}],"seed_played":"-404450841976662732","potions_obtained":[{"floor":6,"key":"Swift Potion"},{"floor":14,"key":"EntropicBrew"},{"floor":20,"key":"Strength Potion"}],"is_trial":false,"path_per_floor":["M","?","T","?","T","E","R","?","T","M","R","?","M","E","R","B",null,"M","?","M","M","?"],"character_chosen":"IRONCLAD","items_purchased":[],"campfire_rested":1,"item_purchase_floors":[],"current_hp_per_floor":[80,90,90,100,100,51,81,81,81,87,87,87,92,104,104,9,114,75,75,71,26,64,0],"gold":402,"neow_bonus":"ONE_RANDOM_RARE_CARD","is_prod":false,"is_daily":false,"chose_seed":false,"campfire_upgraded":2,"win_rate":0,"timestamp":1531593924,"path_taken":["M","?","?","?","?","E","R","?","T","M","R","?","M","E","R","BOSS","M","?","M","M","?","E"],"build_version":"2018-07-12","purchased_purges":0,"victory":false,"max_hp_per_floor":[80,90,90,100,100,100,100,100,100,100,100,100,100,114,114,114,114,114,114,114,114,114,114],"card_choices":[{"not_picked":["Heavy Blade","Cleave"],"picked":"Clash","floor":1},{"not_picked":["Cleave","Reckless Charge"],"picked":"Warcry","floor":6},{"not_picked":["Entrench","Power Through"],"picked":"Perfected Strike","floor":10},{"not_picked":["Whirlwind","Corruption+1"],"picked":"Thunderclap","floor":13},{"not_picked":["Armaments","Cleave"],"picked":"Warcry","floor":14},{"not_picked":["Juggernaut+1","Double Tap"],"picked":"Dark Embrace+1","floor":16},{"not_picked":["Blood for Blood","Cleave"],"picked":"Flex","floor":18},{"not_picked":["Pommel Strike","Cleave"],"picked":"Shrug It Off","floor":20},{"not_picked":["Shrug It Off","Flex"],"picked":"Inflame+1","floor":21}],"player_experience":61650,"relics_obtained":[{"floor":3,"key":"Tiny Chest"},{"floor":5,"key":"Juzu Bracelet"},{"floor":6,"key":"War Paint"},{"floor":9,"key":"Frozen Egg 2"},{"floor":14,"key":"Mango"}],"event_choices":[{"event_name":"Bonfire Elementals","player_choice":"RARE","floor":2,"damage_taken":0},{"event_name":"Accursed Blacksmith","player_choice":"Rummage","floor":4,"damage_taken":0},{"event_name":"Match and Keep!","player_choice":"2 cards matched","floor":8,"damage_taken":0},{"event_name":"Wheel of Change","player_choice":"Card Removal","floor":12,"damage_taken":0},{"event_name":"Drug Dealer","player_choice":"Got JAXXED","floor":19,"damage_taken":0},{"event_name":"The Library","player_choice":"Heal","floor":22,"damage_taken":0}],"boss_relics":[{"not_picked":["White Beast Statue","Snecko Eye"],"picked":"Lizard Tail"}],"items_purged_floors":[],"is_endless":false,"potions_floor_spawned":[6,14,20],"killed_by":"Slavers","ascension_level":0}