{"gold_per_floor":[112,112,112,38,52,87,87,101,101,101,117,130,140,105,105,209,209,222,96,96,11,27,56,56,89,89,89],"floor_reached":27,"playtime":1114,"items_purged":["Strike_B"],"score":431,"play_id":"221098b9-9006-4486-b395-b5a02625dc43","local_time":"20190512101551","is_ascension_mode":true,"campfire_choices":[{"data":"Zap","floor":7,"key":"SMITH"},{"floor":10,"key":"REST"},{"floor":15,"key":"REST"},{"floor":24,"key":"REST"}],"neow_cost":"NONE","seed_source_timestamp":88216037547790,"circlet_count":0,"master_deck":["Strike_B","Strike_B","Defend_B","Defend_B","Defend_B","Defend_B","Zap+1","Rebound","Coolheaded","Go for the Eyes","Gash","Gash","Doom and Gloom","Hyperbeam","Cold Snap+1","Double Energy+1","Static Discharge+1","Gash","Gash"],"relics":["Cracked Core","Happy Flower","Gremlin Horn","NlothsMask","Shuriken","Astrolabe","Strawberry","DataDisk","Meat on the Bone"],"potions_floor_usage":[6,16,18,25,27,27],"damage_taken":[{"damage":13,"enemies":"Small Slimes","floor":1,"turns":5},{"damage":4,"enemies":"2 Louse","floor":5,"turns":2},{"damage":35,"enemies":"Lagavulin","floor":6,"turns":9},{"damage":3,"enemies":"Cultist","floor":8,"turns":4},{"damage":10,"enemies":"Gremlin Gang","floor":11,"turns":3},{"damage":7,"enemies":"Looter","floor":12,"turns":3},{"damage":0,"enemies":"2 Fungi Beasts","floor":13,"turns":2},{"damage":0,"enemies":"Slime Boss","floor":16,"turns":5},{"damage":5,"enemies":"3 Byrds","floor":18,"turns":2},{"damage":28,"enemies":"Shell Parasite","floor":22,"turns":3},{"damage":18,"enemies":"Gremlin Leader","floor":23,"turns":5},{"damage":41,"enemies":"Slavers","floor":25,"turns":3},{"damage":14,"enemies":"Book of Stabbing","floor":27,"turns":1}],"seed_played":"-3808218966545768275","potions_obtained":[{"floor":5,"key":"Regen Potion"},{"floor":6,"key":"Strength Potion"},{"floor":8,"key":"Dexterity Potion"},{"floor":12,"key":"Explosive Potion"},{"floor":16,"key":"EssenceOfSteel"},{"floor":22,"key":"Poison Potion"}],"is_trial":false,"path_per_floor":["M","?","?","$","M","E","R","M","T","R","M","M","M","?","R","B",null,"M","$","?","?","M","E","R","E","T","E"],"character_chosen":"DEFECT","items_purchased":["Rebound","Coolheaded","Gash"],"campfire_rested":3,"item_purchase_floors":[4,4,19],"current_hp_per_floor":[55,43,43,43,39,19,19,16,16,38,28,21,21,39,61,61,72,67,67,67,74,46,28,52,11,11,0],"gold":89,"neow_bonus":"RANDOM_COMMON_RELIC","is_prod":false,"is_daily":false,"chose_seed":false,"campfire_upgraded":1,"win_rate":0,"timestamp":1557670551,"path_taken":["M","?","?","$","?","E","R","M","T","R","?","M","M","?","R","BOSS","M","$","?","?","?","E","R","E","T","E"],"build_version":"2019-01-23","purchased_purges":1,"victory":false,"max_hp_per_floor":[75,75,75,75,75,75,75,75,75,75,75,75,75,75,75,75,75,75,75,75,82,82,82,82,82,82,82],"card_choices":[{"not_picked":["Stack","Beam Cell"],"picked":"Capacitor","floor":1},{"not_picked":["Compile Driver","Steam Power","Beam Cell"],"picked":"SKIP","floor":5},{"not_picked":["Self Repair","Sweeping Beam"],"picked":"Go for the Eyes","floor":6},{"not_picked":["Self Repair","Conserve Battery"],"picked":"Gash","floor":8},{"not_picked":["Chill","Sunder"],"picked":"Gash","floor":11},{"not_picked":["Chaos","Lockon","Static Discharge"],"picked":"SKIP","floor":12},{"not_picked":["Compile Driver","Rebound"],"picked":"Doom and Gloom","floor":13},{"not_picked":["Biased Cognition","Core Surge"],"picked":"Hyperbeam","floor":16},{"not_picked":["Reprogram","Coolheaded","Redo"],"picked":"SKIP","floor":18},{"not_picked":["Redo+1","Chaos+1","Ball Lightning"],"picked":"SKIP","floor":22},{"not_picked":["Chaos","Compile Driver+1"],"picked":"Gash","floor":23},{"not_picked":["Beam Cell","Redo+1","Leap"],"picked":"SKIP","floor":25}],"player_experience":285938,"relics_obtained":[{"floor":6,"key":"Shuriken"},{"floor":23,"key":"DataDisk"},{"floor":25,"key":"Meat on the Bone"}],"event_choices":[{"damage_healed":0,"gold_gain":0,"player_choice":"Success","damage_taken":12,"relics_obtained":["Gremlin Horn"],"max_hp_gain":0,"max_hp_loss":0,"event_name":"Scrap Ooze","floor":2,"gold_loss":0},{"damage_healed":0,"gold_gain":0,"player_choice":"Trade","damage_taken":0,"relics_obtained":["NlothsMask"],"max_hp_gain":0,"max_hp_loss":0,"event_name":"FaceTrader","floor":3,"gold_loss":0},{"damage_healed":18,"gold_gain":0,"player_choice":"Healed","damage_taken":0,"max_hp_gain":0,"max_hp_loss":0,"event_name":"The Cleric","floor":14,"gold_loss":35},{"damage_healed":0,"gold_gain":0,"player_choice":"Obtained Relic","damage_taken":0,"relics_obtained":["Strawberry"],"max_hp_gain":0,"max_hp_loss":0,"event_name":"Addict","floor":21,"gold_loss":85}],"is_beta":false,"boss_relics":[{"not_picked":["Cursed Key","Snecko Eye"],"picked":"Astrolabe"}],"items_purged_floors":[19],"is_endless":false,"potions_floor_spawned":[5,6,8,12,16,22,23],"killed_by":"Book of Stabbing","ascension_level":7}