{"gold_per_floor":[15,15,35,49,59,59,89,89,89,89,129,148,148,15,15,15],"floor_reached":16,"playtime":606,"items_purged":["Strike_G"],"score":220,"play_id":"c6bd3eee-e5e7-495f-8d7e-d2007207e7d7","local_time":"20181026202621","is_ascension_mode":true,"campfire_choices":[{"data":"Discovery","floor":6.0,"key":"SMITH"},{"data":"Flechettes","floor":10.0,"key":"SMITH"},{"data":"Footwork","floor":13.0,"key":"SMITH"},{"data":"Deadly Poison","floor":15.0,"key":"SMITH"}],"neow_cost":"NO_GOLD","seed_source_timestamp":692321497608661,"circlet_count":0,"master_deck":["Defend_G","Defend_G","Defend_G","Defend_G","Defend_G","Strike_G","Strike_G","Strike_G","Strike_G","Survivor","Neutralize+1","AscendersBane","Discovery+1","Forethought","Flying Knee","Flechettes+1","Deadly Poison+1","Flying Knee","Dash","PiercingWail","Footwork+1","Backflip"],"special_seed":0,"relics":["Ring of the Snake","Bag of Marbles","Golden Idol","Bag of Preparation","Ninja Scroll"],"potions_floor_usage":[],"damage_taken":[{"damage":0.0,"enemies":"Small Slimes","floor":1.0,"turns":5.0},{"damage":0.0,"enemies":"Cultist","floor":3.0,"turns":3.0},{"damage":0.0,"enemies":"Jaw Worm","floor":4.0,"turns":3.0},{"damage":0.0,"enemies":"3 Louse","floor":5.0,"turns":3.0},{"damage":37.0,"enemies":"3 Sentries","floor":7.0,"turns":14.0},{"damage":11.0,"enemies":"Gremlin Nob","floor":11.0,"turns":3.0},{"damage":1.0,"enemies":"Exordium Thugs","floor":12.0,"turns":3.0},{"damage":10,"enemies":"The Guardian","floor":16,"turns":4}],"seed_played":"-8397314920391080426","potions_obtained":[{"floor":3.0,"key":"Ancient Potion"},{"floor":4.0,"key":"Block Potion"},{"floor":7.0,"key":"SteroidPotion"}],"is_trial":false,"path_per_floor":["M","?","M","M","M","R","E","?","T","R","E","M","R","$","R"],"character_chosen":"THE_SILENT","items_purchased":["Backflip"],"campfire_rested":0,"item_purchase_floors":[14],"current_hp_per_floor":[59,59,59,59,59,59,22,22,22,22,11,10,10,10,10,0],"gold":15,"neow_bonus":"RANDOM_COLORLESS_2","is_prod":false,"is_daily":false,"chose_seed":false,"campfire_upgraded":4,"win_rate":0,"timestamp":1540599981,"path_taken":["M","?","M","?","M","R","E","?","T","R","E","M","R","$","R","BOSS"],"build_version":"2018-10-25v2","purchased_purges":1,"victory":false,"max_hp_per_floor":[66,66,66,66,66,66,66,60,60,60,60,60,60,60,60,60],"card_choices":[{"not_picked":["Choke","Endless Agony"],"picked":"Flying Knee","floor":1.0},{"not_picked":["Reflex","Bane"],"picked":"Flechettes","floor":3.0},{"not_picked":["Tactician","Flechettes"],"picked":"Deadly Poison","floor":4.0},{"not_picked":["Dagger Throw","Prepared"],"picked":"Flying Knee","floor":5.0},{"not_picked":["Sucker Punch","Infinite Blades"],"picked":"Dash","floor":7.0},{"not_picked":["Terror","Dash"],"picked":"PiercingWail","floor":11.0},{"not_picked":["Sucker Punch","Phantasmal Killer"],"picked":"Footwork","floor":12.0}],"player_experience":992760,"relics_obtained":[{"floor":7.0,"key":"Bag of Marbles"},{"floor":9.0,"key":"Bag of Preparation"},{"floor":11.0,"key":"Ninja Scroll"}],"event_choices":[{"damage_healed":0.0,"max_hp_gain":0.0,"max_hp_loss":0.0,"gold_gain":0.0,"event_name":"Upgrade Shrine","player_choice":"Upgraded","floor":2.0,"gold_loss":0.0,"damage_taken":0.0,"cards_upgraded":["Neutralize"]},{"damage_healed":0.0,"max_hp_gain":0.0,"max_hp_loss":6.0,"gold_gain":0.0,"event_name":"Golden Idol","player_choice":"Lose Max HP","floor":8.0,"gold_loss":0.0,"damage_taken":0.0,"relics_obtained":["Golden Idol"]}],"is_beta":false,"boss_relics":[],"items_purged_floors":[14],"is_endless":false,"potions_floor_spawned":[3,4,5,7],"killed_by":"The Guardian","ascension_level":20}