{"gold_per_floor":[215,195,29,44,61,61,89,89,89,121,121,121,152,20,20,95,95,106,106,21,21,31,31],"floor_reached":23,"playtime":881,"items_purged":["Strike_B"],"score":460,"play_id":"e8fdae33-245d-42d7-a062-aafb252bd024","local_time":"20181201115317","is_ascension_mode":true,"campfire_choices":[{"data":"Zap","floor":6,"key":"SMITH"},{"data":"Electrodynamics","floor":11,"key":"SMITH"},{"data":"Loop","floor":15,"key":"SMITH"}],"neow_cost":"NONE","seed_source_timestamp":514049140260752,"circlet_count":0,"master_deck":["AscendersBane","Strike_B+1","Defend_B+1","Defend_B+1","Defend_B+1","Defend_B+1","Zap+1","Dualcast","Reinforced Body","Cold Snap","Compile Driver","Electrodynamics+1","Loop+1","Meteor Strike","Glacier","Hologram","Hologram","Doom and Gloom","Loop"],"relics":["Cracked Core","DataDisk","Ice Cream","Meat on the Bone","The Courier","Lantern","Sozu"],"potions_floor_usage":[10,13],"damage_taken":[{"damage":7,"enemies":"Small Slimes","floor":1,"turns":3},{"damage":1,"enemies":"Cultist","floor":4,"turns":3},{"damage":0,"enemies":"2 Louse","floor":5,"turns":3},{"damage":10,"enemies":"Lagavulin","floor":7,"turns":6},{"damage":0,"enemies":"3 Sentries","floor":10,"turns":3},{"damage":2,"enemies":"Gremlin Nob","floor":13,"turns":3},{"damage":11,"enemies":"The Guardian","floor":16,"turns":12},{"damage":16,"enemies":"Shell Parasite","floor":18,"turns":3},{"damage":0,"enemies":"2 Thieves","floor":22,"turns":4},{"damage":54,"enemies":"Gremlin Leader","floor":23,"turns":6}],"seed_played":"-918890250061528314","potions_obtained":[{"floor":1,"key":"GamblersBrew"},{"floor":2,"key":"Block Potion"}],"is_trial":false,"path_per_floor":["M","?","$","M","M","R","E","?","T","E","R","?","E","$","R","B",null,"M","?","$","?","M","E"],"character_chosen":"DEFECT","items_purchased":["DataDisk","Loop","Hologram","Hologram"],"campfire_rested":0,"item_purchase_floors":[3,14,20,20],"current_hp_per_floor":[57,57,57,56,56,56,46,46,46,46,46,46,44,44,44,45,65,49,49,49,49,49,0],"gold":31,"neow_bonus":"HUNDRED_GOLD","is_prod":false,"is_daily":false,"chose_seed":false,"campfire_upgraded":3,"win_rate":0,"timestamp":1543683197,"path_taken":["M","?","$","?","M","R","E","?","T","E","R","?","E","?","R","BOSS","M","?","$","?","M","E"],"build_version":"2018-11-15","purchased_purges":1,"victory":false,"max_hp_per_floor":[71,71,71,71,71,71,71,71,71,71,71,71,71,71,71,71,71,71,71,71,71,71,71],"card_choices":[{"not_picked":["Steam Power","Lockon"],"picked":"Reinforced Body","floor":1},{"not_picked":["Ball Lightning","Aggregate"],"picked":"Cold Snap","floor":4},{"not_picked":["Sweeping Beam","Steam"],"picked":"Compile Driver","floor":5},{"not_picked":["Hello World","Creative AI"],"picked":"Electrodynamics","floor":7},{"not_picked":["Double Energy","Redo","Steam Power"],"picked":"SKIP","floor":10},{"not_picked":["Force Field","Reboot","Redo"],"picked":"SKIP","floor":13},{"not_picked":["Thunder Strike","Buffer"],"picked":"Meteor Strike","floor":16},{"not_picked":["Barrage","Rebound"],"picked":"Glacier","floor":18},{"not_picked":["Barrage","Sunder"],"picked":"Loop","floor":22}],"player_experience":1217075,"relics_obtained":[{"floor":7,"key":"Ice Cream"},{"floor":9,"key":"Meat on the Bone"},{"floor":10,"key":"The Courier"},{"floor":13,"key":"Lantern"}],"event_choices":[{"damage_healed":0,"gold_gain":0,"player_choice":"Bought 1 Potion","damage_taken":0,"max_hp_gain":0,"max_hp_loss":0,"event_name":"The Woman in Blue","floor":2,"gold_loss":0},{"damage_healed":0,"gold_gain":0,"player_choice":"Ignored","damage_taken":0,"max_hp_gain":0,"max_hp_loss":0,"event_name":"Liars Game","floor":8,"gold_loss":0},{"cards_removed":["Strike_B"],"damage_healed":0,"gold_gain":0,"player_choice":"Forget","damage_taken":0,"max_hp_gain":0,"max_hp_loss":0,"event_name":"Living Wall","floor":12,"gold_loss":0},{"damage_healed":0,"gold_gain":0,"player_choice":"Simplicity","damage_taken":0,"max_hp_gain":0,"max_hp_loss":0,"event_name":"Back to Basics","floor":19,"gold_loss":0,"cards_upgraded":["Strike_B","Strike_B","Defend_B","Defend_B","Defend_B","Defend_B"]},{"damage_healed":0,"gold_gain":0,"cards_transformed":["Strike_B"],"player_choice":"Transformed","damage_taken":0,"max_hp_gain":0,"max_hp_loss":0,"event_name":"Transmorgrifier","floor":21,"gold_loss":0,"cards_obtained":["Doom and Gloom"]}],"is_beta":false,"boss_relics":[{"not_picked":["Busted Crown","White Beast Statue"],"picked":"Sozu"}],"items_purged_floors":[14],"is_endless":false,"potions_floor_spawned":[1,4,7],"killed_by":"Gremlin Leader","ascension_level":20}