{"gold_per_floor":[219,219,238,251,265,265,293,293,293,293,293,331,331,40,40,139,139,139,154,154,154,154],"floor_reached":22,"playtime":573,"items_purged":["Strike_B"],"score":384,"play_id":"f2fe7848-169a-400f-a037-5a58de88cc28","local_time":"20181129125114","is_ascension_mode":true,"campfire_choices":[{"data":"Zap","floor":6,"key":"SMITH"},{"floor":8,"key":"REST"},{"data":"Go for the Eyes","floor":11,"key":"SMITH"},{"floor":13,"key":"REST"},{"data":"Static Discharge","floor":15,"key":"SMITH"}],"neow_cost":"NONE","seed_source_timestamp":345020439169992,"circlet_count":0,"master_deck":["AscendersBane","Defend_B","Defend_B","Defend_B","Defend_B","Zap+1","Dualcast","Go for the Eyes+1","Static Discharge+1","Rip and Tear","Streamline","Steam+1","Apotheosis+1","Sweeping Beam","Creative AI","Consume+1","Cold Snap+1","Storm+1","Compile Driver","Glacier+1"],"relics":["Cracked Core","Shuriken","Art of War","Toxic Egg 2","Golden Idol","Regal Pillow","Astrolabe","Nilry\u0027s Codex"],"potions_floor_usage":[12,18],"damage_taken":[{"damage":10,"enemies":"Small Slimes","floor":1,"turns":4},{"damage":0,"enemies":"Cultist","floor":3,"turns":3},{"damage":2,"enemies":"Jaw Worm","floor":4,"turns":4},{"damage":2,"enemies":"2 Fungi Beasts","floor":5,"turns":3},{"damage":48,"enemies":"Gremlin Nob","floor":7,"turns":5},{"damage":16,"enemies":"3 Sentries","floor":12,"turns":6},{"damage":28,"enemies":"Slime Boss","floor":16,"turns":8},{"damage":0,"enemies":"2 Thieves","floor":18,"turns":1},{"damage":19,"enemies":"Chosen","floor":19,"turns":4},{"damage":15,"enemies":"Centurion and Healer","floor":22,"turns":1}],"seed_played":"-3311997673811373679","potions_obtained":[{"floor":1,"key":"EssenceOfSteel"},{"floor":7,"key":"SkillPotion"},{"floor":16,"key":"SmokeBomb"}],"is_trial":false,"path_per_floor":["M","?","M","M","M","R","E","R","T","?","R","E","R","$","R","B",null,"M","M","?","?","M"],"character_chosen":"DEFECT","items_purchased":["Apotheosis+1","Sweeping Beam"],"campfire_rested":2,"item_purchase_floors":[14,14],"current_hp_per_floor":[54,54,54,52,50,50,2,23,23,23,23,7,41,41,41,13,51,51,32,32,11,0],"gold":154,"neow_bonus":"HUNDRED_GOLD","is_prod":false,"is_daily":false,"chose_seed":false,"campfire_upgraded":3,"win_rate":0,"timestamp":1543513874,"path_taken":["M","?","M","M","?","R","E","R","T","?","R","E","R","$","R","BOSS","M","M","?","?","M"],"build_version":"2018-11-15","purchased_purges":1,"victory":false,"max_hp_per_floor":[71,71,71,71,71,71,71,71,71,64,64,64,64,64,64,64,64,64,64,64,64,64],"card_choices":[{"not_picked":["Force Field","Beam Cell"],"picked":"Go for the Eyes","floor":1},{"not_picked":["Turbo","Heatsinks"],"picked":"Static Discharge","floor":3},{"not_picked":["Redo","Coolheaded"],"picked":"Rip and Tear","floor":4},{"not_picked":["Aggregate","Redo","Stack"],"picked":"SKIP","floor":5},{"not_picked":["Redo","Melter"],"picked":"Streamline","floor":7},{"not_picked":["Aggregate+1","Steam Power+1"],"picked":"Steam+1","floor":12},{"not_picked":["Reboot+1","Core Surge"],"picked":"Creative AI","floor":16},{"not_picked":["Go for the Eyes","Chaos+1"],"picked":"Compile Driver","floor":19}],"player_experience":1196196,"relics_obtained":[{"floor":7,"key":"Art of War"},{"floor":9,"key":"Toxic Egg 2"},{"floor":12,"key":"Regal Pillow"},{"floor":21,"key":"Nilry\u0027s Codex"}],"event_choices":[{"damage_healed":0,"gold_gain":0,"player_choice":"Gave Potion","damage_taken":0,"relics_obtained":["Shuriken"],"max_hp_gain":0,"max_hp_loss":0,"event_name":"WeMeetAgain","floor":2,"gold_loss":0},{"damage_healed":0,"gold_gain":0,"player_choice":"Lose Max HP","damage_taken":0,"relics_obtained":["Golden Idol"],"max_hp_gain":0,"max_hp_loss":7,"event_name":"Golden Idol","floor":10,"gold_loss":0},{"damage_healed":0,"gold_gain":0,"player_choice":"Read","damage_taken":0,"max_hp_gain":0,"max_hp_loss":0,"event_name":"The Library","floor":20,"gold_loss":0,"cards_obtained":["Glacier"]},{"damage_healed":0,"gold_gain":0,"player_choice":"Obtained Book","damage_taken":21,"max_hp_gain":0,"max_hp_loss":0,"event_name":"Cursed Tome","floor":21,"gold_loss":0}],"is_beta":false,"boss_relics":[{"not_picked":["Empty Cage","Eternal Feather"],"picked":"Astrolabe"}],"items_purged_floors":[14],"is_endless":false,"potions_floor_spawned":[1,7,16],"killed_by":"Centurion and Healer","ascension_level":20}