{"gold_per_floor":[117,136,136,153,173,208,208,173,218,218,218],"floor_reached":11,"playtime":295,"items_purged":[],"score":146,"play_id":"6be469e9-acbe-4947-9a82-12c1a380d570","local_time":"20190520153755","is_ascension_mode":true,"campfire_choices":[{"data":"Neutralize","floor":7,"key":"SMITH"},{"data":"Skewer","floor":10,"key":"SMITH"}],"neow_cost":"NONE","seed_source_timestamp":241763823798566,"circlet_count":0,"master_deck":["AscendersBane","Defend_G","Defend_G","Defend_G+1","Defend_G","Defend_G","Strike_G","Strike_G","Strike_G","Strike_G","Strike_G","Survivor","Neutralize+1","All Out Attack+1","Skewer+1","Quick Slash","Grand Finale"],"relics":["Ring of the Snake","NeowsBlessing","Singing Bowl","Snake Skull"],"potions_floor_usage":[5,6,6],"damage_taken":[{"damage":0,"enemies":"Cultist","floor":1,"turns":1},{"damage":0,"enemies":"2 Louse","floor":2,"turns":1},{"damage":0,"enemies":"Small Slimes","floor":4,"turns":1},{"damage":1,"enemies":"Blue Slaver","floor":5,"turns":2},{"damage":11,"enemies":"Lagavulin","floor":6,"turns":5},{"damage":51,"enemies":"3 Sentries","floor":11,"turns":9}],"seed_played":"405551024300552913","potions_obtained":[{"floor":1,"key":"Fire Potion"},{"floor":2,"key":"EssenceOfSteel"},{"floor":5,"key":"SkillPotion"}],"is_trial":false,"path_per_floor":["M","M","?","M","M","E","R","?","T","R","E"],"character_chosen":"THE_SILENT","items_purchased":[],"campfire_rested":0,"item_purchase_floors":[],"current_hp_per_floor":[59,59,39,39,38,27,27,43,43,43,0],"gold":218,"neow_bonus":"THREE_ENEMY_KILL","is_prod":false,"is_daily":false,"chose_seed":false,"campfire_upgraded":2,"win_rate":0,"timestamp":1558381075,"path_taken":["M","M","?","M","M","E","R","?","T","R","E"],"build_version":"2019-01-23","purchased_purges":0,"victory":false,"max_hp_per_floor":[66,66,66,66,66,66,66,66,66,66,66],"card_choices":[{"not_picked":["Riddle With Holes","Deflect"],"picked":"All Out Attack","floor":1},{"not_picked":["Setup","Bouncing Flask"],"picked":"Skewer","floor":2},{"not_picked":["Bane","Cloak And Dagger","Sucker Punch"],"picked":"SKIP","floor":4},{"not_picked":["Masterful Stab","Accuracy"],"picked":"Quick Slash","floor":5},{"not_picked":["Bane","Masterful Stab"],"picked":"Grand Finale","floor":6}],"player_experience":1429984,"relics_obtained":[{"floor":6,"key":"Singing Bowl"},{"floor":9,"key":"Snake Skull"}],"event_choices":[{"damage_healed":0,"gold_gain":0,"player_choice":"Entered Light","damage_taken":20,"max_hp_gain":0,"max_hp_loss":0,"event_name":"Shining Light","floor":3,"gold_loss":0,"cards_upgraded":["All Out Attack","Defend_G"]},{"damage_healed":16,"gold_gain":0,"player_choice":"Healed","damage_taken":0,"max_hp_gain":0,"max_hp_loss":0,"event_name":"The Cleric","floor":8,"gold_loss":35}],"is_beta":false,"boss_relics":[],"items_purged_floors":[],"is_endless":false,"potions_floor_spawned":[1,2,5],"killed_by":"3 Sentries","ascension_level":20}