{"gold_per_floor":[115,115,65,65,65,65,96,110,155,185,207,235,17,45,45,145,145,162,162,162,162,14,14,25,25,50,65,65,65,91,16,16,120,120,137,137,137,157,257,257,288,288,288,288,288,288,303,203,203,203,203,203,5,35,35],"floor_reached":56,"playtime":5511,"items_purged":["Strike_B","Writhe"],"score":1783,"play_id":"845d605a-2f06-430a-8e77-38b5fd984c9e","local_time":"20190513193147","is_ascension_mode":true,"campfire_choices":[{"data":"Zap","floor":6.0,"key":"SMITH"},{"floor":15.0,"key":"REST"},{"data":"Blizzard","floor":23.0,"key":"SMITH"},{"floor":32.0,"key":"REST"},{"floor":40,"key":"REST"},{"floor":42,"key":"RECALL"},{"data":"Creative AI","floor":44,"key":"SMITH"},{"data":"Buffer","floor":49,"key":"SMITH"},{"data":"Glacier","floor":52,"key":"SMITH"}],"neow_cost":"NONE","seed_source_timestamp":0,"circlet_count":0,"master_deck":["AscendersBane","Defend_B+1","Defend_B+1","Defend_B+1","Defend_B+1","Creative AI+1","Glacier","Heatsinks+1","Glacier+1","Core Surge","Blizzard+1","Buffer+1","Undo+1","Echo Form+1","Hologram+1","Chill","Turbo+1","Chill+1","Cold Snap+1"],"special_seed":0,"relics":["Cracked Core","NeowsBlessing","Ornamental Fan","Gremlin Horn","Juzu Bracelet","MawBank","Ancient Tea Set","Dodecahedron","Snecko Eye","DataDisk","Nilry\u0027s Codex","Centennial Puzzle","Unceasing Top","Astrolabe","Torii","FossilizedHelix","Shuriken","ClockworkSouvenir","Bronze Scales"],"potions_floor_usage":[50,55,55],"damage_taken":[{"damage":0.0,"enemies":"2 Louse","floor":1.0,"turns":1.0},{"damage":0.0,"enemies":"3 Sentries","floor":7.0,"turns":1.0},{"damage":0.0,"enemies":"Jaw Worm","floor":8.0,"turns":1.0},{"damage":33.0,"enemies":"Lagavulin","floor":10.0,"turns":8.0},{"damage":0.0,"enemies":"Cultist","floor":11.0,"turns":5.0},{"damage":16.0,"enemies":"2 Fungi Beasts","floor":12.0,"turns":5.0},{"damage":22.0,"enemies":"Gremlin Nob","floor":14.0,"turns":6.0},{"damage":22.0,"enemies":"Hexaghost","floor":16.0,"turns":15.0},{"damage":21.0,"enemies":"2 Thieves","floor":18.0,"turns":5.0},{"damage":1.0,"enemies":"Shell Parasite","floor":24.0,"turns":5.0},{"damage":0.0,"enemies":"Shelled Parasite and Fungi","floor":27.0,"turns":5.0},{"damage":1.0,"enemies":"Book of Stabbing","floor":30.0,"turns":8.0},{"damage":0.0,"enemies":"Champ","floor":33.0,"turns":14.0},{"damage":31.0,"enemies":"3 Shapes","floor":35.0,"turns":5.0},{"damage":0.0,"enemies":"Orb Walker","floor":38.0,"turns":7.0},{"damage":0.0,"enemies":"Mind Bloom Boss Battle","floor":39.0,"turns":11.0},{"damage":12,"enemies":"Nemesis","floor":41,"turns":7},{"damage":0,"enemies":"Maw","floor":47,"turns":9},{"damage":14,"enemies":"Awakened One","floor":50,"turns":20},{"damage":0,"enemies":"Shield and Spear","floor":54,"turns":6},{"damage":56,"enemies":"The Heart","floor":55,"turns":9}],"seed_played":"332688203206777834","potions_obtained":[{"floor":10.0,"key":"Regen Potion"},{"floor":11.0,"key":"SpeedPotion"},{"floor":12.0,"key":"PowerPotion"},{"floor":14.0,"key":"Weak Potion"},{"floor":21.0,"key":"SneckoOil"},{"floor":21.0,"key":"Fire Potion"},{"floor":21.0,"key":"Dexterity Potion"},{"floor":27.0,"key":"Swift Potion"},{"floor":33.0,"key":"EssenceOfSteel"}],"is_trial":false,"path_per_floor":["M","?","?","T","$","R","E","M","T","E","M","M","$","E","R","B",null,"M","?","T","?","$","R","M","?","T","M","?","?","E","?","R","B",null,"M","?","?","M","?","R","E","R","T","R","?","?","M","$","R","B",null,"R","$","E","B",null],"character_chosen":"DEFECT","items_purchased":["Ancient Tea Set","DataDisk","ClockworkSouvenir"],"campfire_rested":3,"item_purchase_floors":[13,22,53],"current_hp_per_floor":[68,61,61,61,61,61,61,61,61,28,42,26,26,4,26,4,57,36,36,36,36,36,36,35,19,19,19,19,19,18,18,40,40,66,35,35,35,35,35,57,45,45,45,45,64,64,64,64,64,50,69,69,69,69,13],"gold":35,"neow_bonus":"THREE_ENEMY_KILL","is_prod":false,"is_daily":false,"chose_seed":false,"campfire_upgraded":5,"win_rate":0,"timestamp":1557790307,"path_taken":["M","?","?","?","?","R","E","M","T","E","M","M","$","E","R","BOSS","M","?","?","?","$","R","M","?","T","M","?","?","E","?","R","BOSS","M","?","?","M","?","R","E","R","T","R","?","?","M","?","R","BOSS","R","$","E","BOSS"],"build_version":"2019-01-23","purchased_purges":2,"victory":true,"max_hp_per_floor":[75,75,75,75,75,75,75,75,75,75,75,75,75,75,75,75,75,75,75,75,75,75,75,75,75,75,75,75,75,75,75,75,75,75,75,75,75,75,75,75,75,75,75,75,75,75,75,75,75,75,75,75,75,75,75],"card_choices":[{"not_picked":["Redo","Barrage"],"picked":"Beam Cell","floor":1.0},{"not_picked":["Coolheaded","Gash"],"picked":"Creative AI","floor":7.0},{"not_picked":["Streamline","Barrage"],"picked":"Glacier","floor":8.0},{"not_picked":["Streamline","Barrage","Compile Driver"],"picked":"SKIP","floor":10.0},{"not_picked":["Barrage","Redo","Gash"],"picked":"SKIP","floor":11.0},{"not_picked":["Aggregate","Barrage"],"picked":"Heatsinks","floor":12.0},{"not_picked":["Aggregate","Electrodynamics"],"picked":"Glacier","floor":14.0},{"not_picked":["Hyperbeam","Rainbow"],"picked":"Core Surge","floor":16.0},{"not_picked":["Genetic Algorithm","Redo"],"picked":"Blizzard","floor":18.0},{"not_picked":["Gash+1","Cold Snap","Beam Cell"],"picked":"SKIP","floor":24.0},{"not_picked":["Redo","Rebound","White Noise"],"picked":"SKIP","floor":27.0},{"not_picked":["Sweeping Beam","Loop","Fusion"],"picked":"SKIP","floor":30.0},{"not_picked":["Meteor Strike","Amplify"],"picked":"Buffer","floor":33.0},{"not_picked":["Barrage+1","Consume"],"picked":"Chill","floor":35.0},{"not_picked":["Gash","BootSequence","Redo+1"],"picked":"SKIP","floor":38.0},{"not_picked":["White Noise+1","Stack+1"],"picked":"Turbo+1","floor":39},{"not_picked":["Gash+1","Turbo","Go for the Eyes"],"picked":"SKIP","floor":41},{"not_picked":["Core Surge","Compile Driver+1"],"picked":"Chill+1","floor":47},{"not_picked":["Sweeping Beam+1","Recycle"],"picked":"Cold Snap+1","floor":54}],"player_experience":310793,"relics_obtained":[{"floor":4.0,"key":"Ornamental Fan"},{"floor":7.0,"key":"Gremlin Horn"},{"floor":9.0,"key":"Juzu Bracelet"},{"floor":10.0,"key":"MawBank"},{"floor":14.0,"key":"Dodecahedron"},{"floor":25.0,"key":"Nilry\u0027s Codex"},{"floor":26.0,"key":"Centennial Puzzle"},{"floor":30.0,"key":"Unceasing Top"},{"floor":39,"key":"Torii"},{"floor":41,"key":"FossilizedHelix"},{"floor":43,"key":"Shuriken"},{"floor":54,"key":"Bronze Scales"}],"event_choices":[{"cards_removed":["Strike_B"],"damage_healed":0.0,"max_hp_gain":0.0,"max_hp_loss":0.0,"gold_gain":0.0,"event_name":"Golden Wing","player_choice":"Card Removal","floor":2.0,"gold_loss":0.0,"damage_taken":7.0},{"cards_removed":["Strike_B"],"damage_healed":0.0,"max_hp_gain":0.0,"max_hp_loss":0.0,"gold_gain":0.0,"event_name":"The Cleric","player_choice":"Card Removal","floor":3.0,"gold_loss":50.0,"damage_taken":0.0},{"damage_healed":0.0,"max_hp_gain":0.0,"max_hp_loss":0.0,"gold_gain":0.0,"event_name":"Back to Basics","player_choice":"Simplicity","floor":19.0,"gold_loss":0.0,"damage_taken":0.0,"cards_upgraded":["Strike_B","Defend_B","Defend_B","Defend_B","Defend_B"]},{"damage_healed":0.0,"max_hp_gain":0.0,"max_hp_loss":0.0,"gold_gain":0.0,"event_name":"Lab","player_choice":"Got Potions","floor":21.0,"gold_loss":0.0,"damage_taken":0.0},{"damage_healed":0.0,"max_hp_gain":0.0,"max_hp_loss":0.0,"gold_gain":0.0,"event_name":"Cursed Tome","player_choice":"Obtained Book","floor":25.0,"gold_loss":0.0,"damage_taken":16.0},{"damage_healed":0.0,"max_hp_gain":0.0,"max_hp_loss":0.0,"gold_gain":0.0,"event_name":"Upgrade Shrine","player_choice":"Upgraded","floor":28.0,"gold_loss":0.0,"damage_taken":0.0,"cards_upgraded":["Heatsinks"]},{"damage_healed":0.0,"max_hp_gain":0.0,"max_hp_loss":0.0,"gold_gain":0.0,"cards_transformed":["Beam Cell","Strike_B"],"event_name":"Drug Dealer","player_choice":"Became Test Subject","floor":29.0,"gold_loss":0.0,"damage_taken":0.0,"cards_obtained":["Double Energy","Scrape"]},{"cards_removed":["Dualcast"],"damage_healed":0.0,"max_hp_gain":0.0,"max_hp_loss":0.0,"gold_gain":0.0,"event_name":"Beggar","player_choice":"Gave Gold","floor":31.0,"gold_loss":75.0,"damage_taken":0.0},{"damage_healed":0.0,"max_hp_gain":0.0,"max_hp_loss":0.0,"gold_gain":0.0,"event_name":"SensoryStone","player_choice":"Memory 1","floor":36.0,"gold_loss":0.0,"damage_taken":0.0},{"damage_healed":0.0,"max_hp_gain":0.0,"max_hp_loss":0.0,"gold_gain":0.0,"event_name":"Mysterious Sphere","player_choice":"Ignored","floor":37.0,"gold_loss":0.0,"damage_taken":0.0},{"damage_healed":0.0,"max_hp_gain":0.0,"max_hp_loss":0.0,"gold_gain":0.0,"event_name":"MindBloom","player_choice":"Fight","floor":39.0,"gold_loss":0.0,"damage_taken":0.0},{"damage_healed":19,"gold_gain":0,"player_choice":"Writhe","damage_taken":0,"max_hp_gain":0,"max_hp_loss":0,"event_name":"Winding Halls","floor":45,"gold_loss":0,"cards_obtained":["Writhe"]},{"damage_healed":0,"gold_gain":0,"player_choice":"Ignored","damage_taken":0,"max_hp_gain":0,"max_hp_loss":0,"event_name":"Tomb of Lord Red Mask","floor":46,"gold_loss":0}],"is_beta":false,"boss_relics":[{"not_picked":["Empty Cage","Eternal Feather"],"picked":"Snecko Eye"},{"not_picked":["Velvet Choker","Tiny House"],"picked":"Astrolabe"}],"items_purged_floors":[13,48],"is_endless":false,"potions_floor_spawned":[10,11,12,14,24,27,33,35],"ascension_level":10}