{"gold_per_floor":[113,83,101,118,137,137,162,162,162,189,189,189,207,219,219,291,291,311,331,331,246,246],"floor_reached":22,"playtime":970,"items_purged":[],"score":392,"play_id":"360c43de-3e56-4aff-97d9-61920a010374","local_time":"20181122104240","is_ascension_mode":true,"campfire_choices":[{"data":"Zap","floor":6,"key":"SMITH"},{"floor":12,"key":"REST"},{"data":"Buffer","floor":15,"key":"SMITH"}],"neow_cost":"NONE","seed_source_timestamp":127575825439899,"circlet_count":0,"master_deck":["AscendersBane","Strike_B","Strike_B","Strike_B","Defend_B","Defend_B","Defend_B","Defend_B","Zap+1","Dualcast","Sweeping Beam","Undo","Coolheaded","Compile Driver","Ball Lightning","Compile Driver","Capacitor","Buffer+1","Core Surge","Barrage+1","Static Discharge"],"relics":["Cracked Core","Regal Pillow","Dream Catcher","DataDisk","Singing Bowl","Coffee Dripper","Dodecahedron"],"potions_floor_usage":[3,7,20],"damage_taken":[{"damage":4,"enemies":"Jaw Worm","floor":1,"turns":3},{"damage":4,"enemies":"Cultist","floor":3,"turns":3},{"damage":3,"enemies":"2 Louse","floor":4,"turns":3},{"damage":3,"enemies":"Exordium Wildlife","floor":5,"turns":7},{"damage":35,"enemies":"Lagavulin","floor":7,"turns":8},{"damage":12,"enemies":"3 Sentries","floor":10,"turns":7},{"damage":3,"enemies":"2 Fungi Beasts","floor":13,"turns":2},{"damage":11,"enemies":"3 Louse","floor":14,"turns":3},{"damage":8,"enemies":"Slime Boss","floor":16,"turns":9},{"damage":5,"enemies":"Chosen","floor":18,"turns":5},{"damage":30,"enemies":"3 Byrds","floor":19,"turns":4},{"damage":26,"enemies":"Colosseum Slavers","floor":20,"turns":4},{"damage":8,"enemies":"Snake Plant","floor":22,"turns":1}],"seed_played":"1589129935042052454","potions_obtained":[{"floor":2,"key":"Fruit Juice"},{"floor":2,"key":"SkillPotion"},{"floor":3,"key":"GamblersBrew"},{"floor":7,"key":"LiquidBronze"},{"floor":13,"key":"Weak Potion"},{"floor":19,"key":"PowerPotion"}],"is_trial":false,"path_per_floor":["M","?","M","M","M","R","E","?","T","E","?","R","M","M","R","B",null,"M","M","?","?","M"],"character_chosen":"DEFECT","items_purchased":[],"campfire_rested":1,"item_purchase_floors":[],"current_hp_per_floor":[60,60,56,53,50,50,20,45,45,33,26,63,60,51,51,43,69,64,34,8,8,0],"gold":246,"neow_bonus":"RANDOM_COMMON_RELIC","is_prod":false,"is_daily":false,"chose_seed":false,"campfire_upgraded":2,"win_rate":0,"timestamp":1542901360,"path_taken":["M","?","?","M","M","R","E","?","T","E","?","R","M","M","R","BOSS","M","M","?","?","M"],"build_version":"2018-11-15","purchased_purges":0,"victory":false,"max_hp_per_floor":[71,71,71,71,71,71,76,76,76,76,76,76,76,78,78,78,78,78,78,78,78,78],"card_choices":[{"not_picked":["Recycle","Rebound"],"picked":"Sweeping Beam","floor":1},{"not_picked":["Conserve Battery","Blizzard"],"picked":"Undo","floor":3},{"not_picked":["Conserve Battery","Auto Shields"],"picked":"Coolheaded","floor":4},{"not_picked":["Beam Cell","Leap"],"picked":"Compile Driver","floor":5},{"not_picked":["Skim","Hologram"],"picked":"Ball Lightning","floor":7},{"not_picked":["Sunder","Gash"],"picked":"Compile Driver","floor":10},{"not_picked":["Coolheaded","Blizzard"],"picked":"Capacitor","floor":12},{"not_picked":["Ball Lightning","Chaos"],"picked":"Buffer","floor":13},{"not_picked":["Leap","Skim","Turbo"],"picked":"Singing Bowl","floor":14},{"not_picked":["Reboot","Multi-Cast"],"picked":"Core Surge","floor":16},{"not_picked":["Gash","Aggregate"],"picked":"Barrage+1","floor":18},{"not_picked":["BootSequence+1","Auto Shields"],"picked":"Static Discharge","floor":19}],"player_experience":1131950,"relics_obtained":[{"floor":7,"key":"Dream Catcher"},{"floor":9,"key":"DataDisk"},{"floor":10,"key":"Singing Bowl"}],"event_choices":[{"damage_healed":0,"gold_gain":0,"player_choice":"Bought 2 Potions","damage_taken":0,"max_hp_gain":0,"max_hp_loss":0,"event_name":"The Woman in Blue","floor":2,"gold_loss":0},{"damage_healed":25,"gold_gain":0,"player_choice":"Banana","damage_taken":0,"max_hp_gain":0,"max_hp_loss":0,"event_name":"Big Fish","floor":8,"gold_loss":0},{"cards_removed":["Strike_B"],"damage_healed":0,"gold_gain":0,"player_choice":"Card Removal","damage_taken":7,"max_hp_gain":0,"max_hp_loss":0,"event_name":"Golden Wing","floor":11,"gold_loss":0},{"damage_healed":0,"gold_gain":0,"player_choice":"Fight","damage_taken":0,"max_hp_gain":0,"max_hp_loss":0,"event_name":"Colosseum","floor":20,"gold_loss":0},{"damage_healed":0,"gold_gain":0,"player_choice":"Fled From Nobs","damage_taken":0,"max_hp_gain":0,"max_hp_loss":0,"event_name":"Colosseum","floor":20,"gold_loss":0},{"damage_healed":0,"gold_gain":0,"player_choice":"Obtained Relic","damage_taken":0,"relics_obtained":["Dodecahedron"],"max_hp_gain":0,"max_hp_loss":0,"event_name":"Addict","floor":21,"gold_loss":85}],"is_beta":false,"boss_relics":[{"not_picked":["Pandora\u0027s Box","Runic Pyramid"],"picked":"Coffee Dripper"}],"items_purged_floors":[],"is_endless":false,"potions_floor_spawned":[3,7,13,19,20],"killed_by":"Snake Plant","ascension_level":20}