{"gold_per_floor":[115,290,143,162,162,188,188,203,203,218,190,55,69,82,82,179,179,196,209,16,30,30,30,46,1,1,17,17],"floor_reached":28,"playtime":1523,"items_purged":["Doubt","Strike_G"],"score":244,"play_id":"5dd26d87-34f6-49cf-acf4-445fa407525c","local_time":"20180701223311","is_ascension_mode":true,"campfire_choices":[{"floor":7,"key":"REST"},{"floor":15,"key":"REST"},{"floor":23,"key":"REST"}],"neow_cost":"NONE","seed_source_timestamp":179240162051080,"circlet_count":0,"master_deck":["Survivor","Neutralize","Noxious Fumes","Deadly Poison","Prepared","Crippling Poison","Bane","Footwork+1","Catalyst","Bane","Cloak And Dagger","Crippling Poison","Flying Knee","Slice","Finisher","Distraction","Backstab","Catalyst","Backflip","Corpse Explosion","Apotheosis","Deadly Poison"],"relics":["Fusion Hammer","Ice Cream","Frozen Egg 2","Pandora\u0027s Box","Turnip"],"potions_floor_usage":[6,13,16,27,27],"damage_taken":[{"damage":5,"enemies":"2 Louse","floor":1,"turns":3},{"damage":0,"enemies":"Jaw Worm","floor":4,"turns":4},{"damage":55,"enemies":"Gremlin Nob","floor":6,"turns":6},{"damage":0,"enemies":"Cultist","floor":8,"turns":4},{"damage":0,"enemies":"Large Slime","floor":10,"turns":5},{"damage":4,"enemies":"Exordium Wildlife","floor":13,"turns":4},{"damage":0,"enemies":"Blue Slaver","floor":14,"turns":3},{"damage":24,"enemies":"Slime Boss","floor":16,"turns":10},{"damage":22,"enemies":"2 Thieves","floor":18,"turns":3},{"damage":16,"enemies":"Spheric Guardian","floor":19,"turns":4},{"damage":2,"enemies":"Snecko","floor":21,"turns":4},{"damage":14,"enemies":"Snake Plant","floor":24,"turns":3},{"damage":22,"enemies":"Centurion and Healer","floor":27,"turns":4},{"damage":13,"enemies":"Snecko","floor":28,"turns":2}],"seed_played":"-2357066298020468513","potions_obtained":[{"floor":1,"key":"SpeedPotion"},{"floor":6,"key":"Block Potion"},{"floor":10,"key":"Ancient Potion"},{"floor":21,"key":"PowerPotion"},{"floor":24,"key":"SkillPotion"}],"is_trial":false,"path_per_floor":["M","?","$","M","?","E","R","M","T","M","?","$","M","M","R","B",null,"M","M","$","M","?","R","M","$","T","M"],"character_chosen":"THE_SILENT","items_purchased":["Deadly Poison","Prepared","Footwork+1","Apotheosis","Deadly Poison"],"campfire_rested":3,"item_purchase_floors":[3,3,12,20,25],"current_hp_per_floor":[65,65,65,65,58,3,24,24,24,24,24,24,20,20,41,17,70,48,32,32,30,17,39,25,25,25,3,0],"gold":17,"neow_bonus":"BOSS_RELIC","is_prod":false,"is_daily":false,"chose_seed":false,"campfire_upgraded":0,"win_rate":0,"timestamp":1530502391,"path_taken":["M","?","$","M","?","E","R","M","T","M","?","$","?","M","R","BOSS","M","M","$","M","?","R","M","$","T","M","?"],"build_version":"2018-06-28","purchased_purges":2,"victory":false,"max_hp_per_floor":[70,70,70,70,70,70,70,70,70,70,70,70,70,70,70,70,70,70,70,70,70,75,75,75,75,75,75,75],"card_choices":[{"not_picked":["Riddle With Holes","Deflect"],"picked":"Noxious Fumes","floor":1},{"not_picked":["Leg Sweep","Riddle With Holes","Reflex"],"picked":"SKIP","floor":4},{"not_picked":["All Out Attack","Deflect"],"picked":"Crippling Poison","floor":6},{"not_picked":["Outmaneuver","Backflip"],"picked":"Bane","floor":8},{"not_picked":["Sucker Punch","Endless Agony","Accuracy+1"],"picked":"SKIP","floor":10},{"not_picked":["Malaise","Leg Sweep"],"picked":"Catalyst","floor":13},{"not_picked":["Deflect","Calculated Gamble"],"picked":"Bane","floor":14},{"not_picked":["Poisoned Stab","Escape Plan"],"picked":"Backflip","floor":18},{"not_picked":["Distraction","Underhanded Strike"],"picked":"Corpse Explosion","floor":19},{"not_picked":["Dodge and Roll","Outmaneuver","Distraction"],"picked":"SKIP","floor":21},{"not_picked":["Catalyst","Crippling Poison","Malaise"],"picked":"SKIP","floor":24},{"not_picked":["Sucker Punch","PiercingWail","Underhanded Strike+1"],"picked":"SKIP","floor":27}],"player_experience":127248,"relics_obtained":[{"floor":6,"key":"Ice Cream"},{"floor":9,"key":"Frozen Egg 2"},{"floor":26,"key":"Turnip"}],"event_choices":[{"event_name":"Liars Game","player_choice":"agreed","floor":2,"damage_taken":0},{"event_name":"Golden Wing","player_choice":"Card Removal","floor":5,"damage_taken":0},{"event_name":"World of Goop","player_choice":"Left","floor":11,"damage_taken":0},{"event_name":"Forgotten Altar","player_choice":"Shed Blood","floor":22,"damage_taken":0}],"boss_relics":[{"not_picked":["Runic Pyramid","Runic Dome"],"picked":"Pandora\u0027s Box"}],"items_purged_floors":[3,12],"is_endless":false,"potions_floor_spawned":[1,6,10,21,24],"killed_by":"Snecko","ascension_level":2}