{"gold_per_floor":[116,136,86,186,205,205,52,52,52,83,98,98,98],"floor_reached":13,"playtime":1400,"items_purged":["Strike_G"],"score":95,"play_id":"08b129c1-6d6c-41e2-9bb0-b137cc4d4234","local_time":"20190428125933","is_ascension_mode":true,"campfire_choices":[{"data":"Cloak And Dagger","floor":6,"key":"SMITH"},{"data":"Blade Dance","floor":8,"key":"SMITH"}],"neow_cost":"NONE","seed_source_timestamp":72683380633012,"circlet_count":0,"master_deck":["Defend_G","Defend_G","Defend_G","Defend_G","Defend_G","Strike_G","Strike_G","Strike_G","Survivor","Neutralize","Blade Dance","Deflect","Cloak And Dagger+1","Blade Dance+1","Blur","Terror","Terror"],"relics":["Ring of the Snake","Pantograph","Lantern"],"potions_floor_usage":[10,13],"damage_taken":[{"damage":1,"enemies":"Jaw Worm","floor":1,"turns":5},{"damage":0,"enemies":"2 Louse","floor":2,"turns":3},{"damage":0,"enemies":"Cultist","floor":5,"turns":4},{"damage":52,"enemies":"Gremlin Nob","floor":10,"turns":6},{"damage":0,"enemies":"Large Slime","floor":11,"turns":8},{"damage":28,"enemies":"Lagavulin","floor":13,"turns":5}],"seed_played":"-8642696187851120716","potions_obtained":[{"floor":1,"key":"Energy Potion"},{"floor":11,"key":"PowerPotion"}],"is_trial":false,"path_per_floor":["M","M","?","?","M","R","$","R","T","E","M","?","E"],"character_chosen":"THE_SILENT","items_purchased":["Blur"],"campfire_rested":0,"item_purchase_floors":[7],"current_hp_per_floor":[69,69,69,69,69,69,69,69,69,17,17,17,0],"gold":98,"neow_bonus":"THREE_CARDS","is_prod":false,"is_daily":false,"chose_seed":false,"campfire_upgraded":2,"win_rate":0,"timestamp":1556470773,"path_taken":["M","M","?","?","?","R","$","R","T","E","M","?","E"],"build_version":"2019-01-23","purchased_purges":1,"victory":false,"max_hp_per_floor":[70,70,70,70,70,70,70,70,70,70,70,70,70],"card_choices":[{"not_picked":["Choke","Heel Hook"],"picked":"Blade Dance","floor":0},{"not_picked":["Riddle With Holes","Concentrate"],"picked":"Deflect","floor":1},{"not_picked":["Dagger Spray","Acrobatics"],"picked":"Cloak And Dagger","floor":2},{"not_picked":["Riddle With Holes","Tactician"],"picked":"Blade Dance","floor":5},{"not_picked":["Slice","Leg Sweep"],"picked":"Terror","floor":10},{"not_picked":["Dagger Throw","Cloak And Dagger"],"picked":"Terror","floor":11}],"player_experience":181280,"relics_obtained":[{"floor":9,"key":"Pantograph"},{"floor":10,"key":"Lantern"}],"event_choices":[{"cards_removed":["Strike_G"],"damage_healed":0,"gold_gain":0,"player_choice":"Card Removal","damage_taken":0,"max_hp_gain":0,"max_hp_loss":0,"event_name":"The Cleric","floor":3,"gold_loss":50},{"damage_healed":0,"gold_gain":100,"player_choice":"Pray","damage_taken":0,"max_hp_gain":0,"max_hp_loss":0,"event_name":"Golden Shrine","floor":4,"gold_loss":0},{"damage_healed":0,"gold_gain":0,"player_choice":"Ignored","damage_taken":0,"max_hp_gain":0,"max_hp_loss":0,"event_name":"Golden Idol","floor":12,"gold_loss":0}],"is_beta":false,"boss_relics":[],"items_purged_floors":[7],"is_endless":false,"potions_floor_spawned":[1,11],"killed_by":"Lagavulin","ascension_level":3}