{"gold_per_floor":[119,137,153,172,186,186,214,214,264,296,296,313,323,354,354,455,455,473,473,473,486,23,23,52,52,52,52,384,396,414,430,430,535,535,554,554,554],"floor_reached":37,"playtime":2649,"items_purged":[],"score":453,"play_id":"fc7c684c-07a4-47de-9462-0bea258ee3ed","local_time":"20190711030300","is_ascension_mode":true,"campfire_choices":[{"data":"Inflame","floor":6,"key":"SMITH"},{"floor":8,"key":"REST"},{"floor":15,"key":"REST"},{"floor":23,"key":"REST"},{"floor":25,"key":"REST"},{"floor":32,"key":"REST"}],"neow_cost":"NONE","seed_source_timestamp":77487565339391,"circlet_count":0,"master_deck":["Strike_R","Strike_R","Strike_R","Strike_R","Strike_R","Defend_R","Defend_R","Defend_R","Defend_R","Bash","Headbutt","Inflame+1","Cleave","Inflame","Armaments","Shrug It Off","Flex","Heavy Blade","Offering","True Grit+1","Uppercut+1","Havoc","Impervious","Armaments","Cleave","Sentinel","Bludgeon","Rampage"],"relics":["Burning Blood","Shuriken","Question Card","Lantern","Busted Crown","Enchiridion","Ornamental Fan","Red Skull","Pantograph","Boot","Old Coin","Lizard Tail"],"potions_floor_usage":[7,10,10,14,16,24,30,35],"damage_taken":[{"damage":0,"enemies":"Small Slimes","floor":1,"turns":3},{"damage":1,"enemies":"Cultist","floor":2,"turns":3},{"damage":9,"enemies":"Jaw Worm","floor":3,"turns":4},{"damage":14,"enemies":"Lots of Slimes","floor":4,"turns":5},{"damage":14,"enemies":"Red Slaver","floor":5,"turns":5},{"damage":34,"enemies":"Lagavulin","floor":7,"turns":6},{"damage":35,"enemies":"3 Sentries","floor":10,"turns":5},{"damage":10,"enemies":"2 Fungi Beasts","floor":12,"turns":3},{"damage":10,"enemies":"Large Slime","floor":13,"turns":6},{"damage":33,"enemies":"Lagavulin","floor":14,"turns":6},{"damage":36,"enemies":"Slime Boss","floor":16,"turns":8},{"damage":10,"enemies":"Chosen","floor":18,"turns":3},{"damage":25,"enemies":"2 Thieves","floor":21,"turns":4},{"damage":25,"enemies":"Book of Stabbing","floor":24,"turns":5},{"damage":22,"enemies":"Gremlin Leader","floor":28,"turns":6},{"damage":17,"enemies":"Snake Plant","floor":29,"turns":2},{"damage":12,"enemies":"Chosen and Byrds","floor":30,"turns":4},{"damage":9,"enemies":"Centurion and Healer","floor":31,"turns":4},{"damage":73,"enemies":"Collector","floor":33,"turns":6},{"damage":19,"enemies":"3 Darklings","floor":35,"turns":3},{"damage":150,"enemies":"Time Eater","floor":37,"turns":11}],"seed_played":"6853440888973827323","potions_obtained":[{"floor":4,"key":"LiquidBronze"},{"floor":5,"key":"Weak Potion"},{"floor":7,"key":"Poison Potion"},{"floor":13,"key":"BloodPotion"},{"floor":14,"key":"SpeedPotion"},{"floor":18,"key":"Weak Potion"},{"floor":29,"key":"Explosive Potion"},{"floor":33,"key":"Explosive Potion"}],"is_trial":false,"path_per_floor":["M","M","M","M","M","R","E","R","T","E","?","M","M","E","R","B",null,"M","?","?","M","$","R","E","R","T","$","E","M","M","M","R","B",null,"M","?","B"],"character_chosen":"IRONCLAD","items_purchased":["Ornamental Fan","Havoc","Red Skull"],"campfire_rested":5,"item_purchase_floors":[22,22,22],"current_hp_per_floor":[88,88,85,77,69,69,41,67,67,38,43,39,35,30,56,26,88,84,68,51,32,32,59,40,67,67,67,51,40,34,31,58,16,93,80,80,0],"gold":554,"neow_bonus":"TEN_PERCENT_HP_BONUS","is_prod":false,"is_daily":false,"chose_seed":false,"campfire_upgraded":1,"win_rate":0,"timestamp":1562839380,"path_taken":["M","M","M","M","M","R","E","R","T","E","?","M","M","E","R","BOSS","M","?","?","M","$","R","E","R","T","$","E","M","M","M","R","BOSS","M","?","BOSS"],"build_version":"2019-07-05","purchased_purges":0,"victory":false,"max_hp_per_floor":[88,88,88,88,88,88,88,88,88,88,88,88,88,88,88,88,88,88,88,93,93,93,93,93,93,93,93,93,93,93,93,93,93,93,93,93,93],"card_choices":[{"not_picked":["Warcry","Flex"],"picked":"Headbutt","floor":1},{"not_picked":["Wild Strike","Second Wind","Thunderclap"],"picked":"SKIP","floor":2},{"not_picked":["Thunderclap","Headbutt"],"picked":"Body Slam","floor":3},{"not_picked":["Cleave","Body Slam"],"picked":"Inflame","floor":4},{"not_picked":["Wild Strike","Dropkick"],"picked":"Cleave","floor":5},{"not_picked":["Combust","Intimidate"],"picked":"Inflame","floor":7},{"not_picked":["Shockwave","Impervious"],"picked":"Armaments","floor":10},{"not_picked":["Body Slam","Iron Wave","Havoc"],"picked":"Shrug It Off","floor":12},{"not_picked":["Headbutt","Perfected Strike","Metallicize"],"picked":"Flex","floor":13},{"not_picked":["Juggernaut","Sword Boomerang","True Grit"],"picked":"Heavy Blade","floor":14},{"not_picked":["Bludgeon","Fiend Fire","Juggernaut"],"picked":"Offering","floor":16},{"not_picked":["Inflame"],"picked":"True Grit+1","floor":18},{"not_picked":["Reckless Charge"],"picked":"Uppercut+1","floor":21},{"not_picked":["Pummel"],"picked":"Impervious","floor":24},{"not_picked":["Entrench+1"],"picked":"Armaments","floor":28},{"not_picked":["Sword Boomerang+1"],"picked":"Cleave","floor":29},{"not_picked":["Intimidate","Wild Strike"],"picked":"SKIP","floor":30},{"not_picked":["Shrug It Off"],"picked":"Sentinel","floor":31},{"not_picked":["Juggernaut"],"picked":"Bludgeon","floor":33},{"not_picked":["Perfected Strike"],"picked":"Rampage","floor":35}],"player_experience":259329,"relics_obtained":[{"floor":7,"key":"Shuriken"},{"floor":10,"key":"Question Card"},{"floor":14,"key":"Lantern"},{"floor":19,"key":"Enchiridion"},{"floor":24,"key":"Pantograph"},{"floor":26,"key":"Boot"},{"floor":28,"key":"Old Coin"}],"event_choices":[{"cards_removed":["Body Slam"],"damage_healed":5,"gold_gain":0,"player_choice":"Offered Common","damage_taken":0,"max_hp_gain":0,"max_hp_loss":0,"event_name":"Bonfire Elementals","floor":11,"gold_loss":0},{"cards_removed":["Body Slam"],"damage_healed":5,"gold_gain":0,"player_choice":"Offered Special","damage_taken":0,"max_hp_gain":0,"max_hp_loss":0,"event_name":"Bonfire Elementals","floor":11,"gold_loss":0},{"damage_healed":0,"gold_gain":0,"player_choice":"Obtained Book","damage_taken":16,"max_hp_gain":0,"max_hp_loss":0,"event_name":"Cursed Tome","floor":19,"gold_loss":0},{"damage_healed":0,"gold_gain":0,"player_choice":"Shed Blood","damage_taken":22,"max_hp_gain":5,"max_hp_loss":0,"event_name":"Forgotten Altar","floor":20,"gold_loss":0},{"damage_healed":0,"gold_gain":0,"player_choice":"Took Portal","damage_taken":0,"max_hp_gain":0,"max_hp_loss":0,"event_name":"SecretPortal","floor":36,"gold_loss":0}],"is_beta":false,"boss_relics":[{"not_picked":["Fusion Hammer","Philosopher\u0027s Stone"],"picked":"Busted Crown"},{"not_picked":["Coffee Dripper","White Beast Statue"],"picked":"Lizard Tail"}],"items_purged_floors":[],"is_endless":false,"potions_floor_spawned":[4,5,7,13,14,18,29,33],"killed_by":"Time Eater","ascension_level":1}