{"gold_per_floor":[110,260,260,271,346,379,379,9,9,37,66,78,90,102,114,126],"floor_reached":16,"playtime":505,"items_purged":[],"score":261,"play_id":"cc230e5d-4bff-4a92-b8a0-55b9d9b0f338","local_time":"20181117143219","is_ascension_mode":true,"campfire_choices":[{"data":"Rampage","floor":7,"key":"SMITH"},{"data":"Bash","floor":13,"key":"SMITH"},{"data":"Corruption","floor":15,"key":"SMITH"}],"neow_cost":"NONE","seed_source_timestamp":268557293763994,"circlet_count":0,"master_deck":["AscendersBane","Strike_R","Strike_R","Strike_R","Strike_R","Defend_R","Defend_R","Defend_R","Defend_R","Bash+1","Rampage+1","Feel No Pain","Corruption+1","Feel No Pain","Cleave","Pommel Strike","Pommel Strike"],"relics":["Burning Blood","NeowsBlessing","Spirit Poop","Ancient Tea Set","Prayer Wheel","MawBank","Unceasing Top"],"potions_floor_usage":[16],"damage_taken":[{"damage":0,"enemies":"Jaw Worm","floor":1,"turns":1},{"damage":0,"enemies":"Cultist","floor":4,"turns":1},{"damage":0,"enemies":"Lagavulin","floor":6,"turns":1},{"damage":20,"enemies":"3 Sentries","floor":10,"turns":16},{"damage":4,"enemies":"2 Louse","floor":11,"turns":3},{"damage":59,"enemies":"Hexaghost","floor":16,"turns":9}],"seed_played":"-9117856551555960200","potions_obtained":[{"floor":4,"key":"Energy Potion"},{"floor":11,"key":"Explosive Potion"}],"is_trial":false,"path_per_floor":["M","?","?","M","?","E","R","$","T","E","M","?","R","?","R","B"],"character_chosen":"IRONCLAD","items_purchased":["Feel No Pain","Prayer Wheel"],"campfire_rested":0,"item_purchase_floors":[8,8],"current_hp_per_floor":[74,74,74,75,64,70,70,70,70,56,58,58,58,58,58,0],"gold":126,"neow_bonus":"THREE_ENEMY_KILL","is_prod":false,"is_daily":false,"chose_seed":false,"campfire_upgraded":3,"win_rate":0,"timestamp":1542483139,"path_taken":["M","?","?","?","?","E","R","$","T","E","M","?","R","?","R","BOSS"],"build_version":"2018-11-15","purchased_purges":0,"victory":false,"max_hp_per_floor":[75,75,75,75,75,75,75,75,75,75,75,75,75,75,75,75],"card_choices":[{"not_picked":["Wild Strike","Clash"],"picked":"Rampage","floor":1},{"not_picked":["Havoc","Clothesline"],"picked":"Feel No Pain","floor":4},{"not_picked":["Perfected Strike","Berserk"],"picked":"Corruption","floor":6},{"not_picked":["Power Through","Metallicize"],"picked":"Cleave","floor":10},{"not_picked":["Flex","Thunderclap"],"picked":"Pommel Strike","floor":11},{"not_picked":["Havoc","Searing Blow"],"picked":"Pommel Strike","floor":11}],"player_experience":1091804,"relics_obtained":[{"floor":6,"key":"Ancient Tea Set"},{"floor":10,"key":"MawBank"},{"floor":14,"key":"Unceasing Top"}],"event_choices":[{"damage_healed":0,"gold_gain":150,"player_choice":"AGREE","damage_taken":0,"max_hp_gain":0,"max_hp_loss":0,"event_name":"Liars Game","floor":2,"gold_loss":0,"cards_obtained":["Doubt"]},{"cards_removed":["Doubt"],"damage_healed":0,"gold_gain":0,"player_choice":"Offered Curse","damage_taken":0,"relics_obtained":["Spirit Poop"],"max_hp_gain":0,"max_hp_loss":0,"event_name":"Bonfire Elementals","floor":3,"gold_loss":0},{"damage_healed":0,"gold_gain":75,"player_choice":"Gather Gold","damage_taken":11,"max_hp_gain":0,"max_hp_loss":0,"event_name":"World of Goop","floor":5,"gold_loss":0},{"cards_removed":["Strike_R"],"damage_healed":0,"gold_gain":0,"player_choice":"Forget","damage_taken":0,"max_hp_gain":0,"max_hp_loss":0,"event_name":"Living Wall","floor":12,"gold_loss":0},{"damage_healed":0,"gold_gain":0,"player_choice":"Relic","damage_taken":0,"max_hp_gain":0,"max_hp_loss":0,"event_name":"Wheel of Change","floor":14,"gold_loss":0}],"is_beta":false,"boss_relics":[],"items_purged_floors":[],"is_endless":false,"potions_floor_spawned":[4,11],"killed_by":"Hexaghost","ascension_level":20}