{"gold_per_floor":[117,117,137,202,219,246,246,246],"floor_reached":8,"playtime":273,"items_purged":[],"score":116,"play_id":"4bd6f289-9556-42a7-b425-9e2420c52790","local_time":"20181226154414","is_ascension_mode":true,"campfire_choices":[{"data":"Armaments","floor":7,"key":"SMITH"}],"neow_cost":"TEN_PERCENT_HP_LOSS","seed_source_timestamp":4307055793438,"circlet_count":0,"master_deck":["AscendersBane","Strike_R","Strike_R","Strike_R","Strike_R","Strike_R","Defend_R","Defend_R","Defend_R","Defend_R","Bash","Immolate","Wild Strike","Feel No Pain","Armaments+1","Spot Weakness"],"relics":["Burning Blood","SsserpentHead","Singing Bowl"],"potions_floor_usage":[6],"damage_taken":[{"damage":0,"enemies":"2 Louse","floor":1,"turns":1},{"damage":6,"enemies":"Cultist","floor":3,"turns":3},{"damage":14,"enemies":"Small Slimes","floor":4,"turns":3},{"damage":0,"enemies":"Exordium Thugs","floor":5,"turns":4},{"damage":55,"enemies":"Gremlin Nob","floor":6,"turns":5},{"damage":7,"enemies":"Lagavulin","floor":8,"turns":5}],"seed_played":"538226643422112611","potions_obtained":[{"floor":3,"key":"EssenceOfSteel"},{"floor":5,"key":"LiquidBronze"}],"is_trial":false,"path_per_floor":["M","?","M","M","M","E","R","E"],"character_chosen":"IRONCLAD","items_purchased":[],"campfire_rested":0,"item_purchase_floors":[],"current_hp_per_floor":[68,68,68,60,66,19,19,12],"gold":246,"neow_bonus":"THREE_RARE_CARDS","is_prod":false,"is_daily":false,"chose_seed":false,"campfire_upgraded":1,"win_rate":0,"timestamp":1545857054,"path_taken":["M","?","M","?","M","E","R","E"],"build_version":"2018-12-20","purchased_purges":0,"victory":false,"max_hp_per_floor":[68,68,68,68,68,70,70,70],"card_choices":[{"not_picked":["Brutality","Barricade"],"picked":"Immolate","floor":0},{"not_picked":["Perfected Strike","Sentinel"],"picked":"Wild Strike","floor":1},{"not_picked":["Heavy Blade","Sword Boomerang"],"picked":"Feel No Pain","floor":3},{"not_picked":["Thunderclap","Clash"],"picked":"Armaments","floor":4},{"not_picked":["Heavy Blade","Reckless Charge"],"picked":"Spot Weakness","floor":5},{"not_picked":["Flex","Armaments","Havoc"],"picked":"Singing Bowl","floor":6}],"player_experience":1302405,"relics_obtained":[{"floor":6,"key":"Singing Bowl"}],"event_choices":[{"damage_healed":0,"gold_gain":0,"player_choice":"Trade","damage_taken":0,"relics_obtained":["SsserpentHead"],"max_hp_gain":0,"max_hp_loss":0,"event_name":"FaceTrader","floor":2,"gold_loss":0}],"is_beta":false,"boss_relics":[],"items_purged_floors":[],"is_endless":false,"potions_floor_spawned":[3,5],"killed_by":"Lagavulin","ascension_level":20}