{"gold_per_floor":[116,116,42,59,209,209,134,168,193,193,228,246,246,260,260,332,332,348,348,365,290,215,247,247,259,286,319,319,7,7,7,7,7],"floor_reached":33,"playtime":1207,"items_purged":["Strike_R"],"score":550,"play_id":"5748239b-6426-41c9-9d98-f95464d1519b","local_time":"20181213121812","is_ascension_mode":true,"campfire_choices":[{"data":"Immolate","floor":6,"key":"SMITH"},{"data":"Bash","floor":10,"key":"SMITH"},{"data":"Disarm","floor":13,"key":"SMITH"},{"floor":15,"key":"REST"},{"data":"Body Slam","floor":24,"key":"SMITH"},{"data":"True Grit","floor":28,"key":"SMITH"},{"floor":30,"key":"RECALL"},{"data":"Corruption","floor":32,"key":"SMITH"}],"neow_cost":"CURSE","seed_source_timestamp":47724893370228,"circlet_count":0,"master_deck":["AscendersBane","Strike_R","Strike_R","Strike_R+1","Strike_R","Defend_R","Defend_R","Defend_R+1","Defend_R","Bash+1","Impervious","Immolate+1","Disarm+1","Impervious","Body Slam+1","Offering","Corruption+1","Shrug It Off+1","Pommel Strike","True Grit+1","Brutality"],"relics":["Burning Blood","Omamori","Strawberry","Gremlin Horn","Philosopher\u0027s Stone","Bag of Preparation","Potion Belt","Smiling Mask","Mummified Hand","Meat on the Bone"],"potions_floor_usage":[8,23,33],"damage_taken":[{"damage":7,"enemies":"Jaw Worm","floor":1,"turns":4},{"damage":0,"enemies":"Small Slimes","floor":4,"turns":3},{"damage":15,"enemies":"3 Sentries","floor":8,"turns":3},{"damage":44,"enemies":"Lagavulin","floor":11,"turns":8},{"damage":0,"enemies":"2 Louse","floor":12,"turns":2},{"damage":8,"enemies":"Blue Slaver","floor":14,"turns":3},{"damage":36,"enemies":"Slime Boss","floor":16,"turns":10},{"damage":12,"enemies":"Chosen","floor":18,"turns":5},{"damage":6,"enemies":"2 Thieves","floor":20,"turns":5},{"damage":6,"enemies":"Book of Stabbing","floor":23,"turns":4},{"damage":0,"enemies":"Snecko","floor":25,"turns":4},{"damage":7,"enemies":"Slavers","floor":27,"turns":4},{"damage":68,"enemies":"Collector","floor":33,"turns":8}],"seed_played":"-8960976948588709140","potions_obtained":[{"floor":4,"key":"PowerPotion"},{"floor":16,"key":"PowerPotion"},{"floor":23,"key":"AttackPotion"},{"floor":25,"key":"Explosive Potion"}],"is_trial":false,"path_per_floor":["M","?","$","M","?","R","?","E","T","R","E","M","R","M","R","B",null,"M","?","M","?","$","E","R","M","T","E","R","$","R","?","R","B"],"character_chosen":"IRONCLAD","items_purchased":["Immolate","Mummified Hand","Brutality"],"campfire_rested":1,"item_purchase_floors":[3,29,29],"current_hp_per_floor":[67,44,44,50,50,50,50,41,48,48,10,16,16,14,38,8,64,58,58,58,58,58,58,58,64,64,63,63,63,63,63,63,0],"gold":7,"neow_bonus":"THREE_RARE_CARDS","is_prod":false,"is_daily":false,"chose_seed":false,"campfire_upgraded":6,"win_rate":0,"timestamp":1544721492,"path_taken":["M","?","$","M","?","R","?","E","T","R","E","M","R","M","R","BOSS","M","?","M","?","$","E","R","M","T","E","R","$","R","?","R","BOSS"],"build_version":"2018-12-06","purchased_purges":1,"victory":false,"max_hp_per_floor":[75,75,75,75,75,75,75,75,82,82,82,82,82,82,82,82,82,82,82,82,82,82,82,82,82,82,82,82,82,82,82,82,82],"card_choices":[{"not_picked":["Exhume","Brutality"],"picked":"Impervious","floor":0},{"not_picked":["Perfected Strike","Pummel","Power Through"],"picked":"SKIP","floor":1},{"not_picked":["Second Wind","Perfected Strike","Blood for Blood"],"picked":"SKIP","floor":4},{"not_picked":["Cleave","Headbutt"],"picked":"Disarm","floor":8},{"not_picked":["Whirlwind","Flex"],"picked":"Impervious","floor":11},{"not_picked":["Intimidate","Clash","Flex"],"picked":"SKIP","floor":12},{"not_picked":["Flex","Wild Strike"],"picked":"Body Slam","floor":14},{"not_picked":["Exhume","Dark Embrace"],"picked":"Offering","floor":16},{"not_picked":["Searing Blow","Iron Wave","Thunderclap"],"picked":"SKIP","floor":18},{"not_picked":["Sentinel","Fire Breathing"],"picked":"Shrug It Off+1","floor":20},{"not_picked":["Combust","Wild Strike"],"picked":"Pommel Strike","floor":23},{"not_picked":["Sword Boomerang+1","Armaments"],"picked":"True Grit","floor":25},{"not_picked":["Power Through","Ghostly Armor","Havoc"],"picked":"SKIP","floor":27}],"player_experience":1273733,"relics_obtained":[{"floor":8,"key":"Omamori"},{"floor":9,"key":"Strawberry"},{"floor":11,"key":"Gremlin Horn"},{"floor":23,"key":"Bag of Preparation"},{"floor":26,"key":"Potion Belt"},{"floor":27,"key":"Smiling Mask"}],"event_choices":[{"damage_healed":0,"gold_gain":0,"player_choice":"Entered Light","damage_taken":23,"max_hp_gain":0,"max_hp_loss":0,"event_name":"Shining Light","floor":2,"gold_loss":0,"cards_upgraded":["Strike_R","Defend_R"]},{"damage_healed":0,"gold_gain":150,"player_choice":"AGREE","damage_taken":0,"max_hp_gain":0,"max_hp_loss":0,"event_name":"Liars Game","floor":5,"gold_loss":0,"cards_obtained":["Doubt"]},{"cards_removed":["Shame"],"damage_healed":0,"gold_gain":0,"player_choice":"Card Removal","damage_taken":0,"max_hp_gain":0,"max_hp_loss":0,"event_name":"The Cleric","floor":7,"gold_loss":75},{"damage_healed":0,"gold_gain":0,"player_choice":"Read","damage_taken":0,"max_hp_gain":0,"max_hp_loss":0,"event_name":"The Library","floor":19,"gold_loss":0,"cards_obtained":["Corruption"]},{"cards_removed":["Doubt"],"damage_healed":0,"gold_gain":0,"player_choice":"Gave Gold","damage_taken":0,"max_hp_gain":0,"max_hp_loss":0,"event_name":"Beggar","floor":21,"gold_loss":75},{"damage_healed":0,"gold_gain":0,"player_choice":"Gave Potion","damage_taken":0,"relics_obtained":["Meat on the Bone"],"max_hp_gain":0,"max_hp_loss":0,"event_name":"WeMeetAgain","floor":31,"gold_loss":0}],"is_beta":false,"boss_relics":[{"not_picked":["Coffee Dripper","Tiny House"],"picked":"Philosopher\u0027s Stone"}],"items_purged_floors":[22],"is_endless":false,"potions_floor_spawned":[4,16,23,25],"killed_by":"Collector","ascension_level":15}