{"gold_per_floor":[110,32,52,62,78,78,106,106,106,139,139,59,59,59,59,162,162,172,172,202,55,55,55,73,73,124,124,143,97,109,137,137,137],"floor_reached":33,"playtime":1726,"items_purged":["Strike_G"],"score":432,"play_id":"78b0f943-0c27-4853-a94f-cb96241b7602","local_time":"20190613084323","is_ascension_mode":true,"campfire_choices":[{"data":"Footwork","floor":6,"key":"SMITH"},{"data":"Neutralize","floor":8,"key":"SMITH"},{"data":"Tools of the Trade","floor":11,"key":"SMITH"},{"floor":15,"key":"REST"},{"floor":23,"key":"REST"},{"data":"Footwork","floor":25,"key":"SMITH"},{"data":"Tools of the Trade","floor":27,"key":"SMITH"},{"floor":32,"key":"REST"}],"neow_cost":"NONE","seed_source_timestamp":136652576621219,"circlet_count":0,"master_deck":["AscendersBane","Defend_G","Defend_G","Defend_G","Defend_G","Defend_G","Survivor","Neutralize+1","Dash","Terror","Footwork+1","Deadly Poison","Deadly Poison","Tools of the Trade+1","Footwork+1","Tools of the Trade+1","J.A.X.","Underhanded Strike+1","Eviscerate+1","Bite+1","Bite+1","Bite+1","Bite+1","Bite+1","Dagger Spray+1","Prepared"],"relics":["Ring of the Snake","Meat on the Bone","Molten Egg 2","Bottled Tornado","WarpedTongs","Empty Cage","Red Mask","Bronze Scales","Boot"],"potions_floor_usage":[10,20,20,31,33],"damage_taken":[{"damage":1,"enemies":"Cultist","floor":1,"turns":5},{"damage":0,"enemies":"Jaw Worm","floor":3,"turns":4},{"damage":0,"enemies":"2 Louse","floor":4,"turns":3},{"damage":0,"enemies":"Blue Slaver","floor":5,"turns":5},{"damage":7,"enemies":"Lagavulin","floor":7,"turns":7},{"damage":10,"enemies":"3 Sentries","floor":10,"turns":10},{"damage":37,"enemies":"Slime Boss","floor":16,"turns":17},{"damage":16,"enemies":"Spheric Guardian","floor":18,"turns":7},{"damage":41,"enemies":"Masked Bandits","floor":20,"turns":9},{"damage":11,"enemies":"3 Byrds","floor":24,"turns":7},{"damage":27,"enemies":"Cultist and Chosen","floor":28,"turns":7},{"damage":17,"enemies":"Snake Plant","floor":30,"turns":5},{"damage":29,"enemies":"Gremlin Leader","floor":31,"turns":6},{"damage":51,"enemies":"Collector","floor":33,"turns":3}],"seed_played":"-8743597761819307898","potions_obtained":[{"floor":5,"key":"PowerPotion"},{"floor":7,"key":"Fire Potion"},{"floor":16,"key":"Fire Potion"},{"floor":28,"key":"Poison Potion"},{"floor":31,"key":"Dexterity Potion"}],"is_trial":false,"path_per_floor":["M","$","M","M","M","R","E","R","T","E","R","$","?","$","R","B",null,"M","?","?","$","?","R","M","R","T","R","M","$","M","E","R","B"],"character_chosen":"THE_SILENT","items_purchased":["Footwork","Footwork","Eviscerate+1","Prepared"],"campfire_rested":3,"item_purchase_floors":[2,12,21,29],"current_hp_per_floor":[62,62,62,62,62,62,55,55,55,45,45,45,45,45,66,41,63,47,47,18,18,18,32,45,45,45,45,28,28,35,27,41,0],"gold":137,"neow_bonus":"THREE_CARDS","is_prod":false,"is_daily":false,"chose_seed":false,"campfire_upgraded":5,"win_rate":0,"timestamp":1560429803,"path_taken":["M","?","M","M","M","R","E","R","T","E","R","$","?","$","R","BOSS","M","?","?","$","?","R","M","R","T","R","M","?","M","E","R","BOSS"],"build_version":"2019-01-23","purchased_purges":1,"victory":false,"max_hp_per_floor":[70,70,70,70,70,70,70,70,70,70,70,70,70,70,70,70,70,70,70,70,70,49,49,49,49,49,49,49,49,49,49,49,49],"card_choices":[{"not_picked":["Sucker Punch","Slice"],"picked":"Dash","floor":0},{"not_picked":["Underhanded Strike","Caltrops"],"picked":"Terror","floor":1},{"not_picked":["PiercingWail","Outmaneuver"],"picked":"Deadly Poison","floor":3},{"not_picked":["Distraction","Prepared","Flying Knee"],"picked":"SKIP","floor":4},{"not_picked":["Outmaneuver","Sucker Punch"],"picked":"Deadly Poison","floor":5},{"not_picked":["Heel Hook","Dagger Throw"],"picked":"Tools of the Trade","floor":7},{"not_picked":["Acrobatics","Deadly Poison","PiercingWail"],"picked":"SKIP","floor":10},{"not_picked":["Storm of Steel","A Thousand Cuts"],"picked":"Tools of the Trade","floor":16},{"not_picked":["Flying Knee+1","Concentrate","Bouncing Flask"],"picked":"SKIP","floor":18},{"not_picked":["Dagger Throw+1","Deadly Poison"],"picked":"Underhanded Strike+1","floor":20},{"not_picked":["Caltrops","Cloak And Dagger","Heel Hook+1"],"picked":"SKIP","floor":24},{"not_picked":["Sucker Punch+1","Backflip+1"],"picked":"Dagger Spray+1","floor":28},{"not_picked":["Bane+1","Acrobatics","Heel Hook+1"],"picked":"SKIP","floor":30},{"not_picked":["Grand Finale+1","Expertise+1","PiercingWail"],"picked":"SKIP","floor":31}],"player_experience":416267,"relics_obtained":[{"floor":7,"key":"Meat on the Bone"},{"floor":9,"key":"Molten Egg 2"},{"floor":10,"key":"Bottled Tornado"},{"floor":20,"key":"Red Mask"},{"floor":26,"key":"Bronze Scales"},{"floor":31,"key":"Boot"}],"event_choices":[{"damage_healed":0,"gold_gain":0,"player_choice":"Rummage","damage_taken":0,"relics_obtained":["WarpedTongs"],"max_hp_gain":0,"max_hp_loss":0,"event_name":"Accursed Blacksmith","floor":13,"gold_loss":0,"cards_obtained":["Pain"]},{"damage_healed":0,"gold_gain":0,"player_choice":"Obtain J.A.X.","damage_taken":0,"max_hp_gain":0,"max_hp_loss":0,"event_name":"Drug Dealer","floor":19,"gold_loss":0,"cards_obtained":["J.A.X."]},{"damage_healed":0,"gold_gain":0,"player_choice":"Fought Bandits","damage_taken":0,"max_hp_gain":0,"max_hp_loss":0,"event_name":"Masked Bandits","floor":20,"gold_loss":0},{"damage_healed":0,"gold_gain":0,"player_choice":"Became a vampire","damage_taken":0,"max_hp_gain":0,"max_hp_loss":21,"event_name":"Vampires","floor":22,"gold_loss":0,"cards_obtained":["Bite","Bite","Bite","Bite","Bite"]}],"is_beta":false,"boss_relics":[{"not_picked":["Astrolabe","Lizard Tail"],"picked":"Empty Cage"}],"items_purged_floors":[21],"is_endless":false,"potions_floor_spawned":[5,7,16,28,31],"killed_by":"Collector","ascension_level":10}