{"gold_per_floor":[119,138,150,38,53,53,80,136,161,161,173,5,15,15,15,15],"floor_reached":16,"playtime":601,"items_purged":["Strike_R"],"score":204,"play_id":"3637fe7d-b60d-400a-98b9-32368d0cef1a","local_time":"20181029171101","is_ascension_mode":true,"campfire_choices":[{"data":"Feel No Pain","floor":6,"key":"SMITH"},{"data":"Immolate","floor":15,"key":"SMITH"}],"neow_cost":"NONE","seed_source_timestamp":939842773501553,"circlet_count":0,"master_deck":["Strike_R","Strike_R","Strike_R","Strike_R","Defend_R","Defend_R","Defend_R","Defend_R","Bash","AscendersBane","Wild Strike","Wild Strike","Warcry","Feel No Pain+1","Sever Soul","Clothesline","Immolate+1","Warcry","Evolve"],"relics":["Burning Blood","Bag of Marbles","PreservedInsect","Omamori","WarpedTongs","Bronze Scales","Bag of Preparation"],"potions_floor_usage":[8,8,11,13],"damage_taken":[{"damage":11,"enemies":"Jaw Worm","floor":1,"turns":4},{"damage":4,"enemies":"Small Slimes","floor":2,"turns":4},{"damage":2,"enemies":"Cultist","floor":3,"turns":4},{"damage":7,"enemies":"3 Louse","floor":5,"turns":4},{"damage":57,"enemies":"Lagavulin","floor":7,"turns":7},{"damage":15,"enemies":"Lagavulin Event","floor":8,"turns":5},{"damage":5,"enemies":"Gremlin Gang","floor":11,"turns":2},{"damage":0,"enemies":"2 Fungi Beasts","floor":13,"turns":2},{"damage":32,"enemies":"Hexaghost","floor":16,"turns":9}],"seed_played":"-8111456072861203234","potions_obtained":[{"floor":5,"key":"LiquidBronze"},{"floor":7,"key":"BloodPotion"},{"floor":8,"key":"Fire Potion"},{"floor":11,"key":"Poison Potion"},{"floor":13,"key":"Fire Potion"}],"is_trial":false,"path_per_floor":["M","M","M","$","M","R","E","?","T","?","M","$","M","?","R"],"character_chosen":"IRONCLAD","items_purchased":["Feel No Pain","Bronze Scales"],"campfire_rested":0,"item_purchase_floors":[4,12],"current_hp_per_floor":[70,72,76,76,75,75,24,23,23,23,24,24,30,30,30,0],"gold":15,"neow_bonus":"TEN_PERCENT_HP_BONUS","is_prod":false,"is_daily":false,"chose_seed":false,"campfire_upgraded":2,"win_rate":0,"timestamp":1540847461,"path_taken":["M","M","M","$","M","R","E","?","T","?","M","$","?","?","R","BOSS"],"build_version":"2018-10-25v2","purchased_purges":1,"victory":false,"max_hp_per_floor":[82,82,82,82,82,82,82,82,82,82,82,82,82,82,82,82],"card_choices":[{"not_picked":["Armaments","Clash"],"picked":"Wild Strike","floor":1},{"not_picked":["Sword Boomerang","Havoc"],"picked":"Wild Strike","floor":2},{"not_picked":["Clash","Wild Strike"],"picked":"Warcry","floor":3},{"not_picked":["Berserk","Flex"],"picked":"Sever Soul","floor":5},{"not_picked":["Burning Pact","Entrench"],"picked":"Clothesline","floor":7},{"not_picked":["Sword Boomerang","Anger"],"picked":"Immolate","floor":8},{"not_picked":["Cleave","Pummel"],"picked":"Warcry","floor":11},{"not_picked":["Whirlwind","Perfected Strike"],"picked":"Evolve","floor":13}],"player_experience":1005172,"relics_obtained":[{"floor":7,"key":"Bag of Marbles"},{"floor":8,"key":"PreservedInsect"},{"floor":9,"key":"Omamori"}],"event_choices":[{"damage_healed":0,"gold_gain":0,"player_choice":"Searched \u00272\u0027 times","damage_taken":0,"max_hp_gain":0,"max_hp_loss":0,"event_name":"Dead Adventurer","floor":8,"gold_loss":0},{"damage_healed":0,"gold_gain":0,"player_choice":"Rummage","damage_taken":0,"relics_obtained":["WarpedTongs"],"max_hp_gain":0,"max_hp_loss":0,"event_name":"Accursed Blacksmith","floor":10,"gold_loss":0,"cards_obtained":["Pain"]},{"damage_healed":0,"gold_gain":0,"player_choice":"Gave Potion","damage_taken":0,"relics_obtained":["Bag of Preparation"],"max_hp_gain":0,"max_hp_loss":0,"event_name":"WeMeetAgain","floor":14,"gold_loss":0}],"is_beta":false,"boss_relics":[],"items_purged_floors":[4],"is_endless":false,"potions_floor_spawned":[5,7,8,11,13],"killed_by":"Hexaghost","ascension_level":20}