{"gold_per_floor":[115,115,127,127,202,202,232,157,180,199,199,210,210,33,33,112,112,127,127,142,153,68,68,99,99,124,124,124],"floor_reached":28,"playtime":1137,"items_purged":["Strike_G","Strike_G"],"score":518,"play_id":"bf011797-2ba4-41d8-845c-43171e02f535","local_time":"20181127131530","is_ascension_mode":true,"campfire_choices":[{"data":"Neutralize","floor":6,"key":"SMITH"},{"data":"All Out Attack","floor":11,"key":"SMITH"},{"data":"Sucker Punch","floor":13,"key":"SMITH"},{"data":"Footwork","floor":15,"key":"SMITH"},{"floor":23,"key":"REST"},{"data":"Malaise","floor":25,"key":"SMITH"},{"floor":27,"key":"REST"}],"neow_cost":"NONE","seed_source_timestamp":173096635515338,"circlet_count":0,"master_deck":["AscendersBane","Defend_G","Defend_G","Defend_G","Defend_G","Defend_G","Strike_G","Strike_G","Survivor","Neutralize+1","All Out Attack+1","Blur","Well Laid Plans","Sucker Punch+1","PiercingWail","Footwork+1","Malaise+1","Flying Knee","Deflect","Footwork","Caltrops","Bouncing Flask+1"],"relics":["Ring of the Snake","NeowsBlessing","Letter Opener","Omamori","Sozu","Molten Egg 2","Pen Nib"],"potions_floor_usage":[16,16],"damage_taken":[{"damage":0,"enemies":"Jaw Worm","floor":1,"turns":1},{"damage":0,"enemies":"Cultist","floor":3,"turns":1},{"damage":0,"enemies":"Gremlin Nob","floor":7,"turns":1},{"damage":0,"enemies":"Small Slimes","floor":10,"turns":3},{"damage":0,"enemies":"Blue Slaver","floor":12,"turns":5},{"damage":50,"enemies":"Slime Boss","floor":16,"turns":19},{"damage":1,"enemies":"Chosen","floor":18,"turns":11},{"damage":0,"enemies":"3 Byrds","floor":20,"turns":7},{"damage":20,"enemies":"Sentry and Sphere","floor":21,"turns":12},{"damage":24,"enemies":"Gremlin Leader","floor":24,"turns":12},{"damage":51,"enemies":"Slavers","floor":28,"turns":4}],"seed_played":"4660745776183376144","potions_obtained":[{"floor":2,"key":"FearPotion"},{"floor":2,"key":"PowerPotion"},{"floor":10,"key":"Fire Potion"}],"is_trial":false,"path_per_floor":["M","?","M","?","?","R","E","$","T","M","R","M","R","$","R","B",null,"M","?","M","M","$","R","E","R","T","R","E"],"character_chosen":"THE_SILENT","items_purchased":["Footwork","Caltrops"],"campfire_rested":2,"item_purchase_floors":[14,22],"current_hp_per_floor":[59,59,59,64,53,53,53,53,53,53,53,53,53,53,53,3,54,53,53,53,33,33,54,30,30,30,51,0],"gold":124,"neow_bonus":"THREE_ENEMY_KILL","is_prod":false,"is_daily":false,"chose_seed":false,"campfire_upgraded":5,"win_rate":0,"timestamp":1543342530,"path_taken":["M","?","?","?","?","R","E","?","T","M","R","M","R","$","R","BOSS","M","?","M","?","$","R","E","R","T","R","E"],"build_version":"2018-11-15","purchased_purges":2,"victory":false,"max_hp_per_floor":[66,66,66,71,71,71,71,71,71,71,71,71,71,71,71,71,71,71,71,71,71,71,71,71,71,71,71,71],"card_choices":[{"not_picked":["Acrobatics","Flechettes"],"picked":"All Out Attack","floor":1},{"not_picked":["Blade Dance","Dodge and Roll"],"picked":"Blur","floor":3},{"not_picked":["Skewer","Doppelganger"],"picked":"Well Laid Plans","floor":7},{"not_picked":["Outmaneuver","Underhanded Strike"],"picked":"Sucker Punch","floor":10},{"not_picked":["Flying Knee","Concentrate"],"picked":"PiercingWail","floor":12},{"not_picked":["Wraith Form v2","Phantasmal Killer"],"picked":"Malaise","floor":16},{"not_picked":["Dagger Throw","Outmaneuver"],"picked":"Flying Knee","floor":18},{"not_picked":["Sucker Punch","Concentrate"],"picked":"Deflect","floor":20},{"not_picked":["Backstab","Poisoned Stab"],"picked":"Footwork","floor":21},{"not_picked":["Wraith Form v2","Blade Dance+1"],"picked":"Bouncing Flask+1","floor":24}],"player_experience":1167635,"relics_obtained":[{"floor":7,"key":"Letter Opener"},{"floor":9,"key":"Omamori"},{"floor":24,"key":"Molten Egg 2"},{"floor":26,"key":"Pen Nib"}],"event_choices":[{"damage_healed":0,"gold_gain":0,"player_choice":"Got Potions","damage_taken":0,"max_hp_gain":0,"max_hp_loss":0,"event_name":"Lab","floor":2,"gold_loss":0},{"damage_healed":0,"gold_gain":0,"player_choice":"Donut","damage_taken":0,"max_hp_gain":5,"max_hp_loss":0,"event_name":"Big Fish","floor":4,"gold_loss":0},{"damage_healed":0,"gold_gain":75,"player_choice":"Gather Gold","damage_taken":11,"max_hp_gain":0,"max_hp_loss":0,"event_name":"World of Goop","floor":5,"gold_loss":0},{"cards_removed":["Strike_G"],"damage_healed":0,"gold_gain":0,"player_choice":"Card Removal","damage_taken":0,"max_hp_gain":0,"max_hp_loss":0,"event_name":"Wheel of Change","floor":19,"gold_loss":0}],"is_beta":false,"boss_relics":[{"not_picked":["Busted Crown","HoveringKite"],"picked":"Sozu"}],"items_purged_floors":[8,14],"is_endless":false,"potions_floor_spawned":[3,10,12,18,20],"killed_by":"Slavers","ascension_level":20}