{"gold_per_floor":[118,137,137,156,173,207,219,238,238,238,267,287,287],"floor_reached":13,"playtime":1082,"items_purged":[],"score":104,"play_id":"6bbf8132-471c-4a0a-97d5-38f3616be47d","local_time":"20190708160933","is_ascension_mode":true,"campfire_choices":[{"floor":10,"key":"RECALL"}],"neow_cost":"NONE","seed_source_timestamp":215287201977683,"circlet_count":0,"master_deck":["Strike_R","Strike_R","Strike_R","Strike_R","Strike_R","Defend_R","Defend_R","Defend_R","Defend_R","Bash+1","Body Slam","Reckless Charge","Shrug It Off","Iron Wave","Sentinel","Feed","Clothesline","Flame Barrier","Body Slam"],"relics":["Burning Blood","Question Card","Gambling Chip"],"potions_floor_usage":[11,11,13,13],"damage_taken":[{"damage":1,"enemies":"Cultist","floor":1,"turns":4},{"damage":4,"enemies":"2 Louse","floor":2,"turns":4},{"damage":3,"enemies":"Small Slimes","floor":4,"turns":3},{"damage":17,"enemies":"Exordium Wildlife","floor":5,"turns":7},{"damage":40,"enemies":"Lagavulin","floor":6,"turns":8},{"damage":2,"enemies":"3 Louse","floor":7,"turns":3},{"damage":7,"enemies":"Exordium Thugs","floor":8,"turns":5},{"damage":12,"enemies":"Gremlin Nob","floor":11,"turns":4},{"damage":0,"enemies":"Exordium Wildlife","floor":12,"turns":7},{"damage":54,"enemies":"3 Sentries","floor":13,"turns":6}],"seed_played":"-5678511906217915030","potions_obtained":[{"floor":1,"key":"SpeedPotion"},{"floor":6,"key":"GamblersBrew"},{"floor":8,"key":"Block Potion"},{"floor":12,"key":"Fruit Juice"}],"is_trial":false,"path_per_floor":["M","M","?","M","M","E","M","M","T","R","E","M","E"],"character_chosen":"IRONCLAD","items_purchased":[],"campfire_rested":0,"item_purchase_floors":[],"current_hp_per_floor":[80,80,80,80,69,35,39,41,41,41,35,44,0],"gold":287,"neow_bonus":"UPGRADE_CARD","is_prod":false,"is_daily":false,"chose_seed":false,"campfire_upgraded":0,"win_rate":0,"timestamp":1562627373,"path_taken":["M","M","?","M","?","E","M","M","T","R","E","M","E"],"build_version":"2019-07-05","purchased_purges":0,"victory":false,"max_hp_per_floor":[80,80,80,80,80,80,80,83,83,83,83,86,94],"card_choices":[{"not_picked":["Thunderclap","Headbutt"],"picked":"Pummel","floor":1},{"not_picked":["Second Wind","Perfected Strike"],"picked":"Body Slam","floor":2},{"not_picked":["Havoc","Seeing Red"],"picked":"Shrug It Off","floor":4},{"not_picked":["Clash","Intimidate"],"picked":"Iron Wave","floor":5},{"not_picked":["Flex","Perfected Strike"],"picked":"Sentinel","floor":6},{"not_picked":["Reckless Charge","Flame Barrier","Anger"],"picked":"Feed","floor":7},{"not_picked":["True Grit","Thunderclap","Second Wind"],"picked":"Clothesline","floor":8},{"not_picked":["Evolve","Clash","Pommel Strike"],"picked":"Flame Barrier","floor":11},{"not_picked":["Twin Strike","Sword Boomerang","Barricade"],"picked":"Body Slam","floor":12}],"player_experience":219320,"relics_obtained":[{"floor":6,"key":"Question Card"},{"floor":11,"key":"Gambling Chip"}],"event_choices":[{"damage_healed":0,"gold_gain":0,"cards_transformed":["Pummel"],"player_choice":"Transformed","damage_taken":0,"max_hp_gain":0,"max_hp_loss":0,"event_name":"Transmorgrifier","floor":3,"gold_loss":0,"cards_obtained":["Reckless Charge"]}],"is_beta":false,"boss_relics":[],"items_purged_floors":[],"is_endless":false,"potions_floor_spawned":[1,6,8,12],"killed_by":"3 Sentries","ascension_level":1}