{"gold_per_floor":[118,134,14,89,89,114,131,131,131,163,163,163],"floor_reached":12,"playtime":298,"items_purged":["Strike_R"],"score":222,"play_id":"289e9161-ead7-4754-91ab-5bb1edd0b0bf","local_time":"20190119155530","is_ascension_mode":true,"campfire_choices":[{"data":"True Grit","floor":8,"key":"SMITH"},{"data":"Bash","floor":11,"key":"SMITH"}],"neow_cost":"NONE","seed_source_timestamp":15527675680228,"circlet_count":0,"master_deck":["AscendersBane","Strike_R","Strike_R","Strike_R","Strike_R","Defend_R","Defend_R","Defend_R","Defend_R","Bash+1","True Grit+1","Evolve","Decay","Shockwave"],"relics":["Burning Blood","NeowsBlessing","Bottled Tornado","Vajra"],"potions_floor_usage":[7],"damage_taken":[{"damage":0,"enemies":"2 Louse","floor":1,"turns":1},{"damage":0,"enemies":"Small Slimes","floor":2,"turns":1},{"damage":0,"enemies":"3 Sentries","floor":6,"turns":3},{"damage":16,"enemies":"Cultist","floor":7,"turns":6},{"damage":55,"enemies":"Gremlin Nob","floor":10,"turns":6},{"damage":24,"enemies":"Exordium Thugs","floor":12,"turns":4}],"seed_played":"6547779644131484551","potions_obtained":[{"floor":2,"key":"PowerPotion"}],"is_trial":false,"path_per_floor":["M","M","$","?","?","E","M","R","T","E","R","M"],"character_chosen":"IRONCLAD","items_purchased":["Evolve"],"campfire_rested":0,"item_purchase_floors":[3],"current_hp_per_floor":[74,75,75,64,64,70,60,60,60,11,11,0],"gold":163,"neow_bonus":"THREE_ENEMY_KILL","is_prod":false,"is_daily":false,"chose_seed":false,"campfire_upgraded":2,"win_rate":0,"timestamp":1547931330,"path_taken":["M","M","$","?","?","E","M","R","T","E","R","M"],"build_version":"2019-01-17v2","purchased_purges":1,"victory":false,"max_hp_per_floor":[75,75,75,75,75,75,75,75,75,75,75,75],"card_choices":[{"not_picked":["Clash","Heavy Blade"],"picked":"True Grit","floor":1},{"not_picked":["Second Wind","Burning Pact","Intimidate"],"picked":"SKIP","floor":2},{"not_picked":["Evolve","Cleave","Heavy Blade"],"picked":"SKIP","floor":6},{"not_picked":["Armaments","Iron Wave"],"picked":"Shockwave","floor":7},{"not_picked":["Sword Boomerang","Havoc","Bloodletting"],"picked":"SKIP","floor":10}],"player_experience":1337081,"relics_obtained":[{"floor":6,"key":"Bottled Tornado"},{"floor":10,"key":"Vajra"}],"event_choices":[{"damage_healed":0,"gold_gain":75,"player_choice":"Gather Gold","damage_taken":11,"max_hp_gain":0,"max_hp_loss":0,"event_name":"World of Goop","floor":4,"gold_loss":0},{"damage_healed":0,"gold_gain":0,"player_choice":"Cursed","damage_taken":0,"max_hp_gain":0,"max_hp_loss":0,"event_name":"Wheel of Change","floor":5,"gold_loss":0,"cards_obtained":["Decay"]}],"is_beta":false,"boss_relics":[],"items_purged_floors":[3],"is_endless":false,"potions_floor_spawned":[2],"killed_by":"Exordium Thugs","ascension_level":20}