{"gold_per_floor":[111,129,54,74,54,54,86,86,110,110,135,60,70,105,105,176,176,193,205,15,15,25,25,41,41,71,71,71,71,71,82,82,82],"floor_reached":33,"playtime":1424,"items_purged":["Strike_G"],"score":460,"play_id":"69d7bb13-34da-4b2a-a9fd-95f505465371","local_time":"20181209121429","is_ascension_mode":true,"campfire_choices":[{"data":"Backstab","floor":6,"key":"SMITH"},{"data":"Neutralize","floor":8,"key":"SMITH"},{"data":"Deflect","floor":10,"key":"SMITH"},{"floor":15,"key":"REST"},{"data":"Footwork","floor":23,"key":"SMITH"},{"data":"Footwork","floor":25,"key":"SMITH"},{"floor":27,"key":"REST"},{"data":"Leg Sweep","floor":30,"key":"SMITH"},{"data":"Quick Slash","floor":32,"key":"SMITH"}],"neow_cost":"NONE","seed_source_timestamp":166756835932180,"circlet_count":0,"master_deck":["AscendersBane","Defend_G","Defend_G","Defend_G","Defend_G","Defend_G","Strike_G+1","Strike_G","Strike_G","Survivor","Neutralize+1","Dagger Throw","Backstab+1","Poisoned Stab+1","Deflect+1","Grand Finale","Quick Slash+1","Doppelganger","Footwork+1","Footwork+1","Leg Sweep+1","Predator","Adrenaline"],"relics":["Ring of the Snake","Bag of Marbles","Strawberry","Whetstone","Happy Flower","Smiling Mask","Orrery","Chemical X","FaceOfCleric","Tiny Chest"],"potions_floor_usage":[7,16,16,24,33,33],"damage_taken":[{"damage":0,"enemies":"Cultist","floor":1,"turns":5},{"damage":0,"enemies":"2 Louse","floor":2,"turns":3},{"damage":0,"enemies":"Small Slimes","floor":4,"turns":2},{"damage":25,"enemies":"Lagavulin","floor":7,"turns":5},{"damage":5,"enemies":"Gremlin Nob","floor":11,"turns":3},{"damage":0,"enemies":"Exordium Thugs","floor":13,"turns":5},{"damage":13,"enemies":"Lagavulin","floor":14,"turns":5},{"damage":29,"enemies":"Slime Boss","floor":16,"turns":17},{"damage":5,"enemies":"3 Byrds","floor":18,"turns":6},{"damage":3,"enemies":"Chosen","floor":19,"turns":5},{"damage":6,"enemies":"Snake Plant","floor":22,"turns":6},{"damage":15,"enemies":"Sentry and Sphere","floor":24,"turns":8},{"damage":6,"enemies":"3 Cultists","floor":31,"turns":7},{"damage":60,"enemies":"Automaton","floor":33,"turns":16}],"seed_played":"4153153402803815587","potions_obtained":[{"floor":1,"key":"GhostInAJar"},{"floor":5,"key":"PowerPotion"},{"floor":11,"key":"Strength Potion"},{"floor":13,"key":"GhostInAJar"},{"floor":16,"key":"GhostInAJar"},{"floor":19,"key":"Strength Potion"},{"floor":24,"key":"Block Potion"}],"is_trial":false,"path_per_floor":["M","M","?","M","?","R","E","R","T","R","E","$","M","E","R","B",null,"M","M","$","?","M","R","M","R","T","R","$","T","R","M","R","B"],"character_chosen":"THE_SILENT","items_purchased":["Chemical X"],"campfire_rested":2,"item_purchase_floors":[20],"current_hp_per_floor":[59,59,59,59,59,59,41,41,41,41,36,36,36,23,44,15,59,54,51,51,51,46,46,32,32,32,54,54,54,54,49,49,0],"gold":82,"neow_bonus":"RANDOM_COMMON_RELIC","is_prod":false,"is_daily":false,"chose_seed":false,"campfire_upgraded":7,"win_rate":0,"timestamp":1544375669,"path_taken":["M","?","?","M","?","R","E","R","T","R","E","$","M","E","R","BOSS","M","?","$","?","M","R","M","R","T","R","?","?","R","?","R","BOSS"],"build_version":"2018-12-06","purchased_purges":1,"victory":false,"max_hp_per_floor":[66,66,66,66,66,66,73,73,73,73,73,73,73,73,73,73,73,73,73,73,73,74,74,75,75,75,75,75,75,75,76,76,76],"card_choices":[{"not_picked":["Distraction","Masterful Stab"],"picked":"Dagger Throw","floor":1},{"not_picked":["Deadly Poison","Outmaneuver"],"picked":"Backstab","floor":2},{"not_picked":["Blade Dance","Tactician"],"picked":"Poisoned Stab","floor":4},{"not_picked":["Setup","Underhanded Strike"],"picked":"Deflect","floor":7},{"not_picked":["Expertise","Flechettes"],"picked":"Grand Finale","floor":11},{"not_picked":["Slice","Underhanded Strike"],"picked":"Quick Slash","floor":13},{"not_picked":["Dagger Throw","Slice","Concentrate"],"picked":"SKIP","floor":14},{"not_picked":["Burst","Die Die Die"],"picked":"Doppelganger","floor":16},{"not_picked":["Backstab","Cloak And Dagger"],"picked":"Footwork","floor":17},{"not_picked":["Cloak And Dagger","Slice"],"picked":"Footwork","floor":18},{"not_picked":["Quick Slash","Concentrate"],"picked":"Leg Sweep","floor":19},{"not_picked":["All Out Attack","Slice+1"],"picked":"Predator","floor":22},{"not_picked":["Quick Slash","Dash","Eviscerate"],"picked":"SKIP","floor":24},{"not_picked":["Flying Knee","Distraction"],"picked":"Adrenaline","floor":31}],"player_experience":1243717,"relics_obtained":[{"floor":7,"key":"Strawberry"},{"floor":9,"key":"Whetstone"},{"floor":11,"key":"Happy Flower"},{"floor":14,"key":"Smiling Mask"},{"floor":26,"key":"Tiny Chest"}],"event_choices":[{"cards_removed":["Strike_G"],"damage_healed":0,"gold_gain":0,"player_choice":"Card Removal","damage_taken":0,"max_hp_gain":0,"max_hp_loss":0,"event_name":"The Cleric","floor":3,"gold_loss":75},{"damage_healed":0,"gold_gain":0,"player_choice":"Bought 1 Potion","damage_taken":0,"max_hp_gain":0,"max_hp_loss":0,"event_name":"The Woman in Blue","floor":5,"gold_loss":0},{"damage_healed":0,"gold_gain":0,"player_choice":"Trade","damage_taken":0,"relics_obtained":["FaceOfCleric"],"max_hp_gain":0,"max_hp_loss":0,"event_name":"FaceTrader","floor":21,"gold_loss":0}],"is_beta":false,"boss_relics":[{"not_picked":["Coffee Dripper","Sozu"],"picked":"Orrery"}],"items_purged_floors":[12],"is_endless":false,"potions_floor_spawned":[1,11,13,14,16,19,24],"killed_by":"Automaton","ascension_level":15}