{"gold_per_floor":[110,125,125,125,125,125,159,159,159,185,335,335,347,367,367,367],"floor_reached":16,"playtime":492,"items_purged":[],"score":216,"play_id":"b98997ed-1d21-40c1-a30f-eac07a543d11","local_time":"20181026135755","is_ascension_mode":true,"campfire_choices":[{"data":"Bash","floor":6,"key":"SMITH"},{"data":"Rampage","floor":8,"key":"SMITH"},{"data":"True Grit","floor":12,"key":"SMITH"},{"data":"Armaments","floor":15,"key":"SMITH"}],"neow_cost":"NONE","seed_source_timestamp":669157280698514,"circlet_count":0,"master_deck":["Strike_R","Strike_R","Strike_R","Strike_R","Defend_R","Defend_R","Defend_R","Defend_R","Bash+1","AscendersBane","Pommel Strike","Perfected Strike","Rampage+1","True Grit+1","Doubt","Clothesline","Armaments+1"],"relics":["Burning Blood","Pantograph","Magic Flower","Potion Belt","Meat on the Bone"],"potions_floor_usage":[7],"damage_taken":[{"damage":3,"enemies":"2 Louse","floor":1,"turns":4},{"damage":5,"enemies":"Small Slimes","floor":2,"turns":3},{"damage":26,"enemies":"Lagavulin","floor":7,"turns":5},{"damage":30,"enemies":"3 Sentries","floor":10,"turns":8},{"damage":0,"enemies":"Jaw Worm","floor":13,"turns":3},{"damage":10,"enemies":"3 Louse","floor":14,"turns":4},{"damage":90,"enemies":"Hexaghost","floor":16,"turns":10}],"seed_played":"519751296429726550","potions_obtained":[{"floor":1,"key":"Dexterity Potion"}],"is_trial":false,"path_per_floor":["M","M","?","?","?","R","E","R","T","E","?","R","M","M","R"],"character_chosen":"IRONCLAD","items_purchased":[],"campfire_rested":0,"item_purchase_floors":[],"current_hp_per_floor":[78,79,61,61,54,54,34,34,34,13,13,13,40,57,57,0],"gold":367,"neow_bonus":"TEN_PERCENT_HP_BONUS","is_prod":false,"is_daily":false,"chose_seed":false,"campfire_upgraded":4,"win_rate":0,"timestamp":1540576675,"path_taken":["M","M","?","?","?","R","E","R","T","E","?","R","M","M","R","BOSS"],"build_version":"2018-10-25v2","purchased_purges":0,"victory":false,"max_hp_per_floor":[82,82,82,82,82,82,82,82,82,82,82,82,82,82,82,82],"card_choices":[{"not_picked":["Cleave","Thunderclap"],"picked":"Pommel Strike","floor":1},{"not_picked":["Wild Strike","Reckless Charge"],"picked":"Perfected Strike","floor":2},{"not_picked":["Power Through","Armaments"],"picked":"Rampage","floor":7},{"not_picked":["Rage","Brutality"],"picked":"True Grit","floor":10},{"not_picked":["Twin Strike","Inflame"],"picked":"Clothesline","floor":13},{"not_picked":["Twin Strike","Heavy Blade"],"picked":"Armaments","floor":14}],"player_experience":988012,"relics_obtained":[{"floor":7,"key":"Magic Flower"},{"floor":9,"key":"Potion Belt"},{"floor":10,"key":"Meat on the Bone"}],"event_choices":[{"damage_healed":0,"gold_gain":0,"player_choice":"Success","damage_taken":18,"relics_obtained":["Pantograph"],"max_hp_gain":0,"max_hp_loss":0,"event_name":"Scrap Ooze","floor":3,"gold_loss":0},{"damage_healed":0,"gold_gain":0,"cards_transformed":["Strike_R"],"player_choice":"Change","damage_taken":0,"max_hp_gain":0,"max_hp_loss":0,"event_name":"Living Wall","floor":4,"gold_loss":0,"cards_obtained":["Heavy Blade"]},{"cards_removed":["Heavy Blade"],"damage_healed":0,"gold_gain":0,"player_choice":"Card Removal","damage_taken":7,"max_hp_gain":0,"max_hp_loss":0,"event_name":"Golden Wing","floor":5,"gold_loss":0},{"damage_healed":0,"gold_gain":150,"player_choice":"AGREE","damage_taken":0,"max_hp_gain":0,"max_hp_loss":0,"event_name":"Liars Game","floor":11,"gold_loss":0,"cards_obtained":["Doubt"]}],"is_beta":false,"boss_relics":[],"items_purged_floors":[],"is_endless":false,"potions_floor_spawned":[1],"killed_by":"Hexaghost","ascension_level":20}