{"gold_per_floor":[218,218,235,9,27,58,9,39,39,39,39,69,69,98,98,200,200,218,618,533,188,158],"floor_reached":22,"playtime":1008,"items_purged":["Strike_B","Strike_B"],"score":387,"play_id":"fe30e544-219b-48c1-8556-f496ef23149e","local_time":"20190512164007","is_ascension_mode":true,"campfire_choices":[{"floor":11,"key":"REST"},{"floor":13,"key":"REST"},{"data":"Zap","floor":15,"key":"SMITH"}],"neow_cost":"NONE","seed_source_timestamp":10289527242676,"circlet_count":0,"master_deck":["AscendersBane","Strike_B","Defend_B","Defend_B","Defend_B","Defend_B","Zap+1","Dualcast","Hologram+1","Electrodynamics","Chill","Echo Form","Streamline+1","Buffer+1","Double Energy","Multi-Cast","Apotheosis"],"relics":["Cracked Core","Frozen Egg 2","Nunchaku","Letter Opener","Blue Candle","Dream Catcher","Busted Crown","Old Coin","The Courier","Potion Belt","Regal Pillow"],"potions_floor_usage":[14,14,14,22],"damage_taken":[{"damage":3,"enemies":"2 Louse","floor":1,"turns":2},{"damage":1,"enemies":"Cultist","floor":3,"turns":4},{"damage":0,"enemies":"Jaw Worm","floor":5,"turns":3},{"damage":17,"enemies":"Lagavulin","floor":6,"turns":5},{"damage":15,"enemies":"3 Sentries","floor":8,"turns":7},{"damage":0,"enemies":"Lagavulin","floor":12,"turns":7},{"damage":0,"enemies":"Gremlin Nob","floor":14,"turns":4},{"damage":63,"enemies":"Hexaghost","floor":16,"turns":10},{"damage":1,"enemies":"3 Byrds","floor":18,"turns":2},{"damage":13,"enemies":"Colosseum Slavers","floor":19,"turns":2},{"damage":38,"enemies":"Colosseum Nobs","floor":19,"turns":6},{"damage":8,"enemies":"2 Thieves","floor":22,"turns":1}],"seed_played":"-1179764063931877257","potions_obtained":[{"floor":5,"key":"Poison Potion"},{"floor":8,"key":"Block Potion"},{"floor":12,"key":"Regen Potion"},{"floor":14,"key":"FearPotion"},{"floor":19,"key":"SpeedPotion"}],"is_trial":false,"path_per_floor":["M","?","M","$","M","E","?","E","T","?","R","E","R","E","R","B",null,"M","?","?","$","M"],"character_chosen":"DEFECT","items_purchased":["Echo Form","Apotheosis","Regal Pillow"],"campfire_rested":2,"item_purchase_floors":[4,21,21],"current_hp_per_floor":[65,65,64,64,64,47,47,32,32,17,39,39,61,73,73,10,59,58,7,7,7,0],"gold":158,"neow_bonus":"HUNDRED_GOLD","is_prod":false,"is_daily":false,"chose_seed":false,"campfire_upgraded":1,"win_rate":0,"timestamp":1557693607,"path_taken":["M","?","M","$","?","E","?","E","T","?","R","E","R","E","R","BOSS","M","?","?","$","M"],"build_version":"2019-01-23","purchased_purges":2,"victory":false,"max_hp_per_floor":[75,75,75,75,75,75,75,75,75,75,75,75,75,75,75,75,75,75,75,75,75,75],"card_choices":[{"not_picked":["Hologram","Storm","Redo"],"picked":"SKIP","floor":1},{"not_picked":["Storm","Redo"],"picked":"Hologram","floor":1},{"not_picked":["Undo","Coolheaded"],"picked":"Chill","floor":3},{"not_picked":["Beam Cell","Self Repair"],"picked":"Streamline","floor":5},{"not_picked":["Steam","Compile Driver","Recycle"],"picked":"SKIP","floor":6},{"not_picked":["Rebound","Cold Snap"],"picked":"Buffer+1","floor":8},{"not_picked":["Reprogram","Recycle","Blizzard"],"picked":"SKIP","floor":12},{"not_picked":["Sunder","Cold Snap"],"picked":"Double Energy","floor":14},{"not_picked":["Echo Form+1","Electrodynamics+1"],"picked":"Multi-Cast","floor":16},{"not_picked":["Stack"],"picked":"SKIP","floor":18}],"player_experience":298656,"relics_obtained":[{"floor":6,"key":"Frozen Egg 2"},{"floor":8,"key":"Nunchaku"},{"floor":9,"key":"Letter Opener"},{"floor":12,"key":"Blue Candle"},{"floor":14,"key":"Dream Catcher"},{"floor":19,"key":"Old Coin"},{"floor":19,"key":"The Courier"}],"event_choices":[{"damage_healed":0,"gold_gain":0,"cards_transformed":["Strike_B"],"player_choice":"Transformed","damage_taken":0,"max_hp_gain":0,"max_hp_loss":0,"event_name":"Transmorgrifier","floor":2,"gold_loss":0,"cards_obtained":["Electrodynamics"]},{"damage_healed":0,"gold_gain":0,"player_choice":"Left Gold","damage_taken":0,"max_hp_gain":0,"max_hp_loss":0,"event_name":"World of Goop","floor":7,"gold_loss":49},{"damage_healed":0,"gold_gain":0,"player_choice":"Entered Light","damage_taken":15,"max_hp_gain":0,"max_hp_loss":0,"event_name":"Shining Light","floor":10,"gold_loss":0,"cards_upgraded":["Hologram","Streamline"]},{"damage_healed":0,"gold_gain":0,"player_choice":"Fight","damage_taken":0,"max_hp_gain":0,"max_hp_loss":0,"event_name":"Colosseum","floor":19,"gold_loss":0},{"damage_healed":0,"gold_gain":0,"player_choice":"Fought Nobs","damage_taken":0,"max_hp_gain":0,"max_hp_loss":0,"event_name":"Colosseum","floor":19,"gold_loss":0},{"damage_healed":0,"gold_gain":0,"player_choice":"Obtained Relic","damage_taken":0,"relics_obtained":["Potion Belt"],"max_hp_gain":0,"max_hp_loss":0,"event_name":"Addict","floor":20,"gold_loss":85}],"is_beta":false,"boss_relics":[{"not_picked":["Sozu","Nuclear Battery"],"picked":"Busted Crown"}],"items_purged_floors":[4,21],"is_endless":false,"potions_floor_spawned":[5,8,12,14,19],"killed_by":"2 Thieves","ascension_level":10}