{"gold_per_floor":[366,366,366,380,18,44,44,20,20,20,71,109,109,162,162,233,233],"floor_reached":17,"playtime":477,"items_purged":[],"score":392,"play_id":"0b5a2036-5dfe-472c-bbd1-1d023f7cef22","local_time":"20181129142321","is_ascension_mode":true,"campfire_choices":[{"data":"Zap","floor":7,"key":"SMITH"},{"data":"HandOfGreed","floor":10,"key":"SMITH"},{"data":"Defragment","floor":15,"key":"SMITH"}],"neow_cost":"TEN_PERCENT_HP_LOSS","seed_source_timestamp":350643252666426,"circlet_count":0,"master_deck":["AscendersBane","Zap+1","Dualcast","Compile Driver","Rebound","HandOfGreed+1","Doom and Gloom","Cold Snap","Turbo","Consume","Defragment+1","Meteor Strike","Sweeping Beam","Go for the Eyes","Ball Lightning","Recycle","Rebound","Steam","Rip and Tear"],"relics":["Cracked Core","Orichalcum","Potion Belt","FossilizedHelix","Vajra","Pandora\u0027s Box"],"potions_floor_usage":[4,14],"damage_taken":[{"damage":0,"enemies":"2 Louse","floor":1,"turns":2},{"damage":4,"enemies":"Small Slimes","floor":4,"turns":3},{"damage":25,"enemies":"Gremlin Nob","floor":6,"turns":4},{"damage":23,"enemies":"Lagavulin","floor":11,"turns":6},{"damage":0,"enemies":"Jaw Worm","floor":12,"turns":3},{"damage":0,"enemies":"3 Sentries","floor":14,"turns":6},{"damage":16,"enemies":"Slime Boss","floor":16,"turns":8}],"seed_played":"2544114533378954834","potions_obtained":[{"floor":1,"key":"SneckoOil"},{"floor":11,"key":"Ancient Potion"},{"floor":12,"key":"EssenceOfSteel"}],"is_trial":false,"path_per_floor":["M","?","?","M","$","E","R","$","T","R","E","M","?","E","R","B",null],"character_chosen":"DEFECT","items_purchased":["HandOfGreed","Orichalcum","Cold Snap"],"campfire_rested":0,"item_purchase_floors":[5,5,8],"current_hp_per_floor":[64,69,69,65,65,40,40,40,40,40,17,17,17,17,17,1,1],"gold":233,"neow_bonus":"TWO_FIFTY_GOLD","is_prod":false,"is_daily":false,"chose_seed":false,"campfire_upgraded":3,"win_rate":0,"timestamp":1543519401,"path_taken":["M","?","?","M","?","E","R","$","T","R","E","M","?","E","R","BOSS"],"build_version":"2018-11-15","purchased_purges":0,"victory":false,"max_hp_per_floor":[64,69,69,69,69,69,69,69,69,69,69,69,69,69,69,69,69],"card_choices":[{"not_picked":["Skim","Beam Cell"],"picked":"Compile Driver","floor":1},{"not_picked":["Steam","Redo"],"picked":"Rebound","floor":4},{"not_picked":["Consume","Skim"],"picked":"Doom and Gloom","floor":6},{"not_picked":["Rebound","Chaos"],"picked":"Turbo","floor":11},{"not_picked":["Redo","Rip and Tear"],"picked":"Consume","floor":12},{"not_picked":["Conserve Battery","Biased Cognition"],"picked":"Defragment","floor":14},{"not_picked":["Fission","Hyperbeam"],"picked":"Meteor Strike","floor":16}],"player_experience":1201192,"relics_obtained":[{"floor":6,"key":"Potion Belt"},{"floor":11,"key":"FossilizedHelix"},{"floor":14,"key":"Vajra"}],"event_choices":[{"damage_healed":0,"gold_gain":0,"player_choice":"Donut","damage_taken":0,"max_hp_gain":5,"max_hp_loss":0,"event_name":"Big Fish","floor":2,"gold_loss":0},{"damage_healed":0,"gold_gain":0,"player_choice":"Ignored","damage_taken":0,"max_hp_gain":0,"max_hp_loss":0,"event_name":"Liars Game","floor":3,"gold_loss":0},{"cards_removed":["Strike_B"],"damage_healed":0,"gold_gain":0,"player_choice":"Forget","damage_taken":0,"max_hp_gain":0,"max_hp_loss":0,"event_name":"Living Wall","floor":13,"gold_loss":0}],"is_beta":false,"boss_relics":[{"not_picked":["Runic Dome","Ectoplasm"],"picked":"Pandora\u0027s Box"}],"items_purged_floors":[],"is_endless":false,"potions_floor_spawned":[1,11,12],"ascension_level":20}