{"gold_per_floor":[118,130,148,159,159,159,185,185,256,272,130,156,175,191,191,191],"floor_reached":16,"playtime":935,"items_purged":["Strike_G"],"score":175,"play_id":"a745f4c7-fdb3-42d8-aa27-40a8cfeec313","local_time":"20190717033024","is_ascension_mode":true,"campfire_choices":[{"data":"Dagger Spray","floor":6,"key":"SMITH"},{"floor":8,"key":"REST"},{"floor":15,"key":"REST"}],"neow_cost":"PERCENT_DAMAGE","seed_source_timestamp":39728624464932,"circlet_count":0,"master_deck":["Strike_G","Strike_G","Strike_G","Strike_G","Defend_G","Defend_G","Defend_G","Defend_G","Defend_G","Survivor","Neutralize","Dagger Spray+1","Calculated Gamble","Noxious Fumes","Catalyst","Blur","Footwork"],"relics":["Ring of the Snake","Pocketwatch","Pear","Strawberry"],"potions_floor_usage":[7],"damage_taken":[{"damage":9,"enemies":"Jaw Worm","floor":1,"turns":6},{"damage":9,"enemies":"Small Slimes","floor":2,"turns":4},{"damage":0,"enemies":"Cultist","floor":3,"turns":4},{"damage":13,"enemies":"Exordium Wildlife","floor":4,"turns":7},{"damage":37,"enemies":"Lagavulin","floor":7,"turns":9},{"damage":3,"enemies":"Blue Slaver","floor":10,"turns":5},{"damage":22,"enemies":"3 Sentries","floor":12,"turns":5},{"damage":1,"enemies":"Looter","floor":13,"turns":4},{"damage":13,"enemies":"Exordium Wildlife","floor":14,"turns":4},{"damage":64,"enemies":"Slime Boss","floor":16,"turns":12}],"seed_played":"2326260865921307252","potions_obtained":[{"floor":4,"key":"GhostInAJar"},{"floor":12,"key":"Weak Potion"},{"floor":13,"key":"Regen Potion"}],"is_trial":false,"path_per_floor":["M","M","M","M","?","R","E","R","T","M","$","E","M","M","R","B"],"character_chosen":"THE_SILENT","items_purchased":["Catalyst"],"campfire_rested":2,"item_purchase_floors":[11],"current_hp_per_floor":[54,45,45,32,60,60,23,48,58,55,55,40,39,26,56,0],"gold":191,"neow_bonus":"TWENTY_PERCENT_HP_BONUS","is_prod":false,"is_daily":false,"chose_seed":false,"campfire_upgraded":1,"win_rate":0,"timestamp":1563352224,"path_taken":["M","M","M","M","?","R","E","R","T","M","$","E","M","M","R","BOSS"],"build_version":"2019-07-05","purchased_purges":1,"victory":false,"max_hp_per_floor":[84,84,84,84,84,84,84,84,94,94,94,101,101,101,101,101],"card_choices":[{"not_picked":["Dagger Throw","Underhanded Strike","Bane"],"picked":"SKIP","floor":1},{"not_picked":["Endless Agony","Bane"],"picked":"Dagger Spray","floor":2},{"not_picked":["Cloak And Dagger","Poisoned Stab","Flying Knee"],"picked":"SKIP","floor":3},{"not_picked":["Prepared","Slice"],"picked":"Calculated Gamble","floor":4},{"not_picked":["Blade Dance","Riddle With Holes","Deadly Poison"],"picked":"SKIP","floor":7},{"not_picked":["Bane","Choke"],"picked":"Noxious Fumes","floor":10},{"not_picked":["PiercingWail","Bane"],"picked":"Blur","floor":12},{"not_picked":["Endless Agony","Dagger Throw","Storm of Steel"],"picked":"SKIP","floor":13},{"not_picked":["Underhanded Strike","Caltrops"],"picked":"Footwork","floor":14}],"player_experience":115892,"relics_obtained":[{"floor":7,"key":"Pocketwatch"},{"floor":9,"key":"Pear"},{"floor":12,"key":"Strawberry"}],"event_choices":[{"damage_healed":28,"gold_gain":0,"player_choice":"Banana","damage_taken":0,"max_hp_gain":0,"max_hp_loss":0,"event_name":"Big Fish","floor":5,"gold_loss":0}],"is_beta":false,"boss_relics":[],"items_purged_floors":[11],"is_endless":false,"potions_floor_spawned":[4,12,13],"killed_by":"Slime Boss","ascension_level":2}