{"gold_per_floor":[118,131,206,206,226,226,258,274,274,274,10,10,39,57,57,134,134,145,179,197,197,112,124,151,188,500,525,554,82,82,117,117,195,195,213,228,328,328,550,550],"floor_reached":40,"playtime":2468,"items_purged":["Strike_G"],"score":918,"play_id":"8661b8b9-e34a-49bb-8920-771170b1249e","local_time":"20190714214756","is_ascension_mode":true,"campfire_choices":[{"data":"Skewer","floor":6,"key":"SMITH"},{"floor":10,"key":"REST"},{"data":"Neutralize","floor":15,"key":"SMITH"},{"floor":23,"key":"REST"},{"floor":30,"key":"REST"},{"floor":32,"key":"RECALL"}],"neow_cost":"NONE","seed_source_timestamp":444074880389501,"circlet_count":0,"master_deck":["AscendersBane","Strike_G","Defend_G","Defend_G","Defend_G","Defend_G","Defend_G","Survivor","Neutralize+1","PiercingWail","Masterful Stab","Skewer+1","Dagger Throw","Crippling Poison","After Image","Dagger Spray+1","Die Die Die+1","PiercingWail","Footwork","Backstab+1","Escape Plan","Blur","Malaise","Deflect","Deflect","PiercingWail","Noxious Fumes","Concentrate+1","Die Die Die+1","Skewer+1","Well Laid Plans","Backstab+1","Flash of Steel+1","Thinking Ahead","Good Instincts"],"relics":["Ring of the Snake","Pocketwatch","WingedGreaves","Molten Egg 2","Turnip","Fusion Hammer","Red Mask","MawBank","Darkstone Periapt","Old Coin","Pear","Ice Cream","Black Star","Unceasing Top"],"potions_floor_usage":[7,13,20,27,33,40,40],"damage_taken":[{"damage":4,"enemies":"Small Slimes","floor":1,"turns":6},{"damage":0,"enemies":"2 Louse","floor":2,"turns":3},{"damage":0,"enemies":"Cultist","floor":5,"turns":4},{"damage":35,"enemies":"Lagavulin","floor":7,"turns":9},{"damage":4,"enemies":"3 Louse","floor":8,"turns":5},{"damage":7,"enemies":"3 Sentries","floor":13,"turns":7},{"damage":0,"enemies":"Looter","floor":14,"turns":3},{"damage":15,"enemies":"Slime Boss","floor":16,"turns":9},{"damage":7,"enemies":"Shell Parasite","floor":18,"turns":8},{"damage":14,"enemies":"Masked Bandits","floor":19,"turns":3},{"damage":12,"enemies":"Spheric Guardian","floor":20,"turns":5},{"damage":0,"enemies":"Centurion and Healer","floor":24,"turns":8},{"damage":4,"enemies":"Gremlin Leader","floor":25,"turns":5},{"damage":5,"enemies":"Chosen and Byrds","floor":27,"turns":4},{"damage":3,"enemies":"Snake Plant","floor":28,"turns":6},{"damage":5,"enemies":"Book of Stabbing","floor":31,"turns":8},{"damage":32,"enemies":"Automaton","floor":33,"turns":13},{"damage":13,"enemies":"3 Shapes","floor":35,"turns":8},{"damage":4,"enemies":"3 Darklings","floor":36,"turns":5},{"damage":0,"enemies":"Mind Bloom Boss Battle","floor":37,"turns":8},{"damage":36,"enemies":"Giant Head","floor":40,"turns":7}],"seed_played":"6173594590656471354","potions_obtained":[{"floor":0,"key":"GhostInAJar"},{"floor":0,"key":"GamblersBrew"},{"floor":8,"key":"SkillPotion"},{"floor":14,"key":"Dexterity Potion"},{"floor":16,"key":"SteroidPotion"},{"floor":25,"key":"EssenceOfSteel"},{"floor":28,"key":"Swift Potion"},{"floor":35,"key":"SkillPotion"}],"is_trial":false,"path_per_floor":["M","M","?","?","M","R","E","M","T","R","$","?","E","M","R","B",null,"M","?","M","?","?","R","M","E","T","M","M","$","R","E","R","B",null,"M","M","?","?","?","E"],"character_chosen":"THE_SILENT","items_purchased":["Molten Egg 2","Pear","PiercingWail","Noxious Fumes"],"campfire_rested":3,"item_purchase_floors":[11,29,29,29],"current_hp_per_floor":[55,55,44,44,44,44,9,5,5,24,24,24,17,17,17,2,50,43,29,17,17,17,36,36,32,32,27,24,34,56,51,51,19,62,49,45,45,35,35,0],"gold":550,"neow_bonus":"THREE_SMALL_POTIONS","is_prod":false,"is_daily":false,"chose_seed":false,"campfire_upgraded":2,"win_rate":0,"timestamp":1563155276,"path_taken":["M","M","?","?","M","R","E","?","T","R","$","?","E","M","R","BOSS","M","?","M","?","?","R","M","E","T","M","M","$","R","E","R","BOSS","M","M","?","?","?","E"],"build_version":"2019-07-05","purchased_purges":1,"victory":false,"max_hp_per_floor":[66,66,66,66,66,66,66,66,66,66,66,66,66,66,66,66,66,66,66,66,66,66,66,66,66,66,66,66,76,76,76,76,76,76,76,76,76,76,76,76],"card_choices":[{"not_picked":["Bane","Backflip"],"picked":"PiercingWail","floor":1},{"not_picked":["Tactician","Setup"],"picked":"Masterful Stab","floor":2},{"not_picked":["Bane","Prepared"],"picked":"Skewer","floor":5},{"not_picked":["Acrobatics","Underhanded Strike"],"picked":"Dagger Throw","floor":7},{"not_picked":["Dagger Throw","Poisoned Stab"],"picked":"Crippling Poison","floor":8},{"not_picked":["Masterful Stab+1","Caltrops"],"picked":"After Image","floor":13},{"not_picked":["Riddle With Holes+1","Heel Hook+1"],"picked":"Dagger Spray+1","floor":14},{"not_picked":["Glass Knife+1","Doppelganger"],"picked":"Die Die Die+1","floor":16},{"not_picked":["Deadly Poison","Reflex"],"picked":"PiercingWail","floor":18},{"not_picked":["Sucker Punch+1","Cloak And Dagger"],"picked":"Footwork","floor":19},{"not_picked":["Prepared","Acrobatics"],"picked":"Backstab+1","floor":20},{"not_picked":["Crippling Poison+1","Distraction"],"picked":"Malaise","floor":24},{"not_picked":["Sucker Punch+1","Prepared","Masterful Stab+1"],"picked":"SKIP","floor":25},{"not_picked":["Bane+1","Blur"],"picked":"Deflect","floor":27},{"not_picked":["Tactician","Accuracy"],"picked":"Deflect","floor":28},{"not_picked":["Dagger Throw+1","Prepared"],"picked":"Concentrate+1","floor":31},{"not_picked":["Phantasmal Killer","A Thousand Cuts"],"picked":"Die Die Die+1","floor":33},{"not_picked":["Flying Knee+1","Underhanded Strike+1"],"picked":"Skewer+1","floor":35},{"not_picked":["Footwork","Dodge and Roll"],"picked":"Well Laid Plans","floor":36},{"not_picked":["Outmaneuver","Bane+1"],"picked":"Backstab+1","floor":37},{"not_picked":["Purity","Good Instincts"],"picked":"Flash of Steel+1","floor":38},{"not_picked":["Secret Weapon","Trip"],"picked":"Thinking Ahead","floor":38},{"not_picked":["Metamorphosis","Forethought"],"picked":"Good Instincts","floor":38}],"player_experience":1489678,"relics_obtained":[{"floor":7,"key":"Pocketwatch"},{"floor":9,"key":"WingedGreaves"},{"floor":13,"key":"Turnip"},{"floor":19,"key":"Red Mask"},{"floor":25,"key":"Darkstone Periapt"},{"floor":26,"key":"Old Coin"},{"floor":31,"key":"Ice Cream"},{"floor":37,"key":"Unceasing Top"}],"event_choices":[{"damage_healed":0,"gold_gain":75,"player_choice":"Gather Gold","damage_taken":11,"max_hp_gain":0,"max_hp_loss":0,"event_name":"World of Goop","floor":3,"gold_loss":0},{"cards_removed":["Strike_G"],"damage_healed":0,"gold_gain":0,"player_choice":"Purged","damage_taken":0,"max_hp_gain":0,"max_hp_loss":0,"event_name":"Purifier","floor":4,"gold_loss":0},{"damage_healed":0,"gold_gain":0,"player_choice":"Ignored","damage_taken":0,"max_hp_gain":0,"max_hp_loss":0,"event_name":"Shining Light","floor":12,"gold_loss":0},{"damage_healed":0,"gold_gain":0,"player_choice":"Fought Bandits","damage_taken":0,"max_hp_gain":0,"max_hp_loss":0,"event_name":"Masked Bandits","floor":19,"gold_loss":0},{"damage_healed":0,"gold_gain":0,"cards_transformed":["Strike_G","Strike_G"],"player_choice":"Became Test Subject","damage_taken":0,"max_hp_gain":0,"max_hp_loss":0,"event_name":"Drug Dealer","floor":21,"gold_loss":0,"cards_obtained":["Escape Plan","Blur"]},{"damage_healed":0,"gold_gain":0,"player_choice":"Obtained Relic","damage_taken":0,"relics_obtained":["MawBank"],"max_hp_gain":0,"max_hp_loss":0,"event_name":"Addict","floor":22,"gold_loss":85},{"damage_healed":0,"gold_gain":0,"player_choice":"Fight","damage_taken":0,"max_hp_gain":0,"max_hp_loss":0,"event_name":"MindBloom","floor":37,"gold_loss":0},{"damage_healed":0,"gold_gain":0,"player_choice":"Memory 3","damage_taken":10,"max_hp_gain":0,"max_hp_loss":0,"event_name":"SensoryStone","floor":38,"gold_loss":0},{"damage_healed":0,"gold_gain":222,"player_choice":"Wore Mask","damage_taken":0,"max_hp_gain":0,"max_hp_loss":0,"event_name":"Tomb of Lord Red Mask","floor":39,"gold_loss":0}],"is_beta":false,"boss_relics":[{"not_picked":["Calling Bell","Coffee Dripper"],"picked":"Fusion Hammer"},{"not_picked":["Eternal Feather","Philosopher\u0027s Stone"],"picked":"Black Star"}],"items_purged_floors":[29],"is_endless":false,"potions_floor_spawned":[8,14,16,19,25,28,31,35],"killed_by":"Giant Head","ascension_level":20}