{"gold_per_floor":[119,44,44,44,44,72,72,101,101,101,111,121,121,132,132,209,209,221,233,246,246,171,171,184,184,184,211,239,251,279,306,318,330],"floor_reached":33,"playtime":1378,"items_purged":[],"score":572,"play_id":"0b0b50a1-e5b2-48e1-9e8c-5dad2a9e9e2c","local_time":"20190721182050","is_ascension_mode":true,"campfire_choices":[{"data":"Zap","floor":7.0,"key":"SMITH"},{"data":"Rainbow","floor":10.0,"key":"SMITH"},{"data":"Dualcast","floor":15.0,"key":"SMITH"},{"floor":23,"key":"REST"},{"floor":25,"key":"REST"},{"floor":29,"key":"REST"},{"floor":32,"key":"REST"}],"neow_cost":"NONE","seed_source_timestamp":0,"circlet_count":0,"master_deck":["AscendersBane","Zap+1","Dualcast+1","Leap","Capacitor","Rainbow+1","Reinforced Body","Biased Cognition","BootSequence","Melter","Amplify","Auto Shields","Biased Cognition","Hologram+1","Heatsinks+1","Leap+1","Rebound","Electrodynamics"],"special_seed":0,"relics":["Cracked Core","NeowsBlessing","Letter Opener","Orichalcum","Happy Flower","Matryoshka","Pandora\u0027s Box","MawBank","Pear"],"potions_floor_usage":[31,33],"damage_taken":[{"damage":0.0,"enemies":"Small Slimes","floor":1.0,"turns":1.0},{"damage":0.0,"enemies":"Lagavulin","floor":6.0,"turns":1.0},{"damage":0.0,"enemies":"Gremlin Nob","floor":8.0,"turns":1.0},{"damage":0.0,"enemies":"Cultist","floor":11.0,"turns":4.0},{"damage":1.0,"enemies":"Jaw Worm","floor":12.0,"turns":4.0},{"damage":0.0,"enemies":"3 Louse","floor":14.0,"turns":3.0},{"damage":24.0,"enemies":"Slime Boss","floor":16.0,"turns":6.0},{"damage":0.0,"enemies":"Spheric Guardian","floor":18.0,"turns":3.0},{"damage":19.0,"enemies":"Shell Parasite","floor":19.0,"turns":4.0},{"damage":31,"enemies":"Shelled Parasite and Fungi","floor":20,"turns":4},{"damage":11,"enemies":"3 Cultists","floor":24,"turns":5},{"damage":31,"enemies":"Cultist and Chosen","floor":27,"turns":6},{"damage":20,"enemies":"Shelled Parasite and Fungi","floor":28,"turns":6},{"damage":8,"enemies":"Snake Plant","floor":30,"turns":3},{"damage":21,"enemies":"Centurion and Healer","floor":31,"turns":8},{"damage":31,"enemies":"Automaton","floor":33,"turns":6}],"seed_played":"1820514981032946532","potions_obtained":[{"floor":1.0,"key":"FocusPotion"},{"floor":8.0,"key":"LiquidBronze"},{"floor":16.0,"key":"SpeedPotion"},{"floor":20,"key":"PowerPotion"}],"is_trial":false,"path_per_floor":["M","?","?","$","?","E","R","E","T","R","M","M","?","M","R","B",null,"M","M","M","?","?","R","M","R","T","M","M","R","M","M","R","B"],"character_chosen":"DEFECT","items_purchased":[],"campfire_rested":4,"item_purchase_floors":[],"current_hp_per_floor":[64,64,59,59,64,64,64,64,64,64,64,63,63,63,63,39,67,67,48,17,17,17,39,28,50,60,29,9,34,26,5,30,0],"gold":330,"neow_bonus":"THREE_ENEMY_KILL","is_prod":false,"is_daily":false,"chose_seed":false,"campfire_upgraded":3,"win_rate":0,"timestamp":1563747650,"path_taken":["M","?","?","$","?","E","R","E","T","R","M","M","?","?","R","BOSS","M","M","?","?","?","R","M","R","T","M","M","R","M","M","R","BOSS"],"build_version":"2019-07-17","purchased_purges":0,"victory":false,"max_hp_per_floor":[71,71,71,71,76,76,76,76,76,76,76,76,76,76,76,76,76,76,76,76,76,76,76,76,76,86,86,86,86,86,86,86,86],"card_choices":[{"not_picked":["Go for the Eyes","Compile Driver"],"picked":"Leap","floor":1.0},{"not_picked":["Melter","Beam Cell"],"picked":"Capacitor","floor":6.0},{"not_picked":["Beam Cell","Go for the Eyes"],"picked":"Rainbow","floor":8.0},{"not_picked":["Undo","Chaos"],"picked":"Reinforced Body","floor":11.0},{"not_picked":["Beam Cell","Static Discharge","Barrage"],"picked":"SKIP","floor":12.0},{"not_picked":["Hello World","Coolheaded","Aggregate"],"picked":"SKIP","floor":14.0},{"not_picked":["Rainbow","Reboot"],"picked":"Biased Cognition","floor":16.0},{"not_picked":["Turbo","Conserve Battery"],"picked":"Hologram+1","floor":18.0},{"not_picked":["Auto Shields","Chaos"],"picked":"Heatsinks+1","floor":19.0},{"not_picked":["Aggregate","Steam Power+1"],"picked":"Leap+1","floor":20},{"not_picked":["Hologram","Aggregate"],"picked":"Electrodynamics","floor":24},{"not_picked":["Aggregate","Darkness","Turbo"],"picked":"SKIP","floor":27},{"not_picked":["Recycle","Conserve Battery","Ball Lightning"],"picked":"SKIP","floor":28},{"not_picked":["Redo","Stack","Rip and Tear"],"picked":"SKIP","floor":30},{"not_picked":["Double Energy","Turbo","Compile Driver"],"picked":"SKIP","floor":31}],"player_experience":571931,"relics_obtained":[{"floor":6.0,"key":"Orichalcum"},{"floor":8.0,"key":"Happy Flower"},{"floor":26,"key":"MawBank"},{"floor":26,"key":"Pear"}],"event_choices":[{"cards_removed":["Strike_B"],"damage_healed":0.0,"max_hp_gain":0.0,"max_hp_loss":0.0,"gold_gain":0.0,"event_name":"The Cleric","player_choice":"Card Removal","floor":2.0,"gold_loss":75.0,"damage_taken":0.0},{"damage_healed":0.0,"max_hp_gain":0.0,"max_hp_loss":0.0,"gold_gain":0.0,"event_name":"Scrap Ooze","player_choice":"Success","floor":3.0,"gold_loss":0.0,"damage_taken":5.0,"relics_obtained":["Letter Opener"]},{"damage_healed":0.0,"max_hp_gain":5.0,"max_hp_loss":0.0,"gold_gain":0.0,"event_name":"Big Fish","player_choice":"Donut","floor":5.0,"gold_loss":0.0,"damage_taken":0.0},{"damage_healed":0.0,"max_hp_gain":0.0,"max_hp_loss":0.0,"gold_gain":0.0,"event_name":"WeMeetAgain","player_choice":"Gave Potion","floor":13.0,"gold_loss":0.0,"damage_taken":0.0,"relics_obtained":["Matryoshka"]},{"damage_healed":0,"gold_gain":0,"cards_transformed":["All For One","Aggregate"],"player_choice":"Became Test Subject","damage_taken":0,"max_hp_gain":0,"max_hp_loss":0,"event_name":"Drug Dealer","floor":21,"gold_loss":0,"cards_obtained":["Rip and Tear","Rebound"]},{"cards_removed":["Rip and Tear"],"damage_healed":0,"gold_gain":0,"player_choice":"Gave Gold","damage_taken":0,"max_hp_gain":0,"max_hp_loss":0,"event_name":"Beggar","floor":22,"gold_loss":75}],"is_beta":false,"boss_relics":[{"not_picked":["Sozu","Snecko Eye"],"picked":"Pandora\u0027s Box"}],"items_purged_floors":[],"is_endless":false,"potions_floor_spawned":[1,8,16,20,24],"killed_by":"Automaton","ascension_level":17}