{"gold_per_floor":[116,134,147,91,101,101,130,130,130,148,165,176,195,211,211,286,286,300,311,327,346,346],"floor_reached":22,"playtime":818,"items_purged":[],"score":397,"play_id":"5d72cbbf-6381-4cba-8c06-cf9c52697081","local_time":"20190722195323","is_ascension_mode":true,"campfire_choices":[{"data":"Armaments","floor":6,"key":"SMITH"},{"data":"Pommel Strike","floor":8,"key":"SMITH"},{"data":"Perfected Strike","floor":15,"key":"SMITH"}],"neow_cost":"NONE","seed_source_timestamp":20035291936668,"circlet_count":0,"master_deck":["AscendersBane","Strike_R","Strike_R","Strike_R","Strike_R","Strike_R","Defend_R","Defend_R","Defend_R","Defend_R","Bash+1","Pommel Strike+1","Intimidate","Perfected Strike","Armaments+1","Perfected Strike","Perfected Strike","Perfected Strike","Perfected Strike+1","Corruption","Ghostly Armor","Demon Form","Wild Strike"],"relics":["Burning Blood","Smiling Mask","Ornamental Fan","Busted Crown"],"potions_floor_usage":[2,16,16,22,22],"damage_taken":[{"damage":1,"enemies":"Cultist","floor":1,"turns":3},{"damage":1,"enemies":"2 Louse","floor":2,"turns":3},{"damage":4,"enemies":"Jaw Worm","floor":3,"turns":3},{"damage":23,"enemies":"Gremlin Gang","floor":5,"turns":7},{"damage":8,"enemies":"Gremlin Nob","floor":7,"turns":3},{"damage":3,"enemies":"3 Louse","floor":10,"turns":3},{"damage":4,"enemies":"Exordium Thugs","floor":11,"turns":3},{"damage":13,"enemies":"Blue Slaver","floor":12,"turns":2},{"damage":0,"enemies":"Large Slime","floor":13,"turns":3},{"damage":1,"enemies":"Looter","floor":14,"turns":2},{"damage":16,"enemies":"Slime Boss","floor":16,"turns":8},{"damage":35,"enemies":"3 Byrds","floor":18,"turns":5},{"damage":0,"enemies":"Spheric Guardian","floor":19,"turns":1},{"damage":8,"enemies":"Centurion and Healer","floor":20,"turns":4},{"damage":40,"enemies":"3 Cultists","floor":21,"turns":5},{"damage":11,"enemies":"Snake Plant","floor":22,"turns":2}],"seed_played":"-7504205402599601332","potions_obtained":[{"floor":1,"key":"Block Potion"},{"floor":10,"key":"FearPotion"},{"floor":11,"key":"Strength Potion"},{"floor":14,"key":"Energy Potion"},{"floor":16,"key":"EssenceOfSteel"},{"floor":21,"key":"Energy Potion"}],"is_trial":false,"path_per_floor":["M","M","M","$","M","R","E","R","T","M","M","M","M","M","R","B",null,"M","M","M","M","M"],"character_chosen":"IRONCLAD","items_purchased":["Armaments"],"campfire_rested":0,"item_purchase_floors":[4],"current_hp_per_floor":[73,75,75,75,58,58,56,56,56,59,61,54,60,65,65,55,70,41,47,45,11,0],"gold":346,"neow_bonus":"UPGRADE_CARD","is_prod":false,"is_daily":false,"chose_seed":false,"campfire_upgraded":3,"win_rate":0,"timestamp":1563839603,"path_taken":["M","M","M","$","M","R","E","R","T","M","M","M","?","M","R","BOSS","M","?","M","M","M"],"build_version":"2019-07-17","purchased_purges":0,"victory":false,"max_hp_per_floor":[75,75,75,75,75,75,75,75,75,75,75,75,75,75,75,75,75,75,75,75,75,75],"card_choices":[{"not_picked":["Burning Pact","Infernal Blade"],"picked":"Pommel Strike","floor":1},{"not_picked":["Wild Strike","Thunderclap"],"picked":"Intimidate","floor":2},{"not_picked":["Clothesline","Headbutt"],"picked":"Perfected Strike","floor":3},{"not_picked":["Headbutt","Fire Breathing"],"picked":"Perfected Strike","floor":5},{"not_picked":["Shrug It Off","Rampage"],"picked":"Perfected Strike","floor":7},{"not_picked":["Shrug It Off","Second Wind"],"picked":"Perfected Strike","floor":10},{"not_picked":["Sever Soul","Havoc"],"picked":"Perfected Strike","floor":11},{"not_picked":["Clothesline","Armaments"],"picked":"Corruption","floor":12},{"not_picked":["Intimidate","Sentinel"],"picked":"Ghostly Armor","floor":13},{"not_picked":["Sword Boomerang","Blood for Blood","Armaments"],"picked":"SKIP","floor":14},{"not_picked":["Bludgeon","Limit Break"],"picked":"Demon Form","floor":16},{"not_picked":["Flex"],"picked":"SKIP","floor":18},{"not_picked":["Headbutt"],"picked":"SKIP","floor":19},{"not_picked":["Thunderclap"],"picked":"SKIP","floor":20},{"not_picked":[],"picked":"Wild Strike","floor":21}],"player_experience":585999,"relics_obtained":[{"floor":7,"key":"Smiling Mask"},{"floor":9,"key":"Ornamental Fan"}],"event_choices":[],"is_beta":false,"boss_relics":[{"not_picked":["Sozu","Black Star"],"picked":"Busted Crown"}],"items_purged_floors":[],"is_endless":false,"potions_floor_spawned":[1,10,11,14,16,21],"killed_by":"Snake Plant","ascension_level":18}