{"gold_per_floor":[363,363,363,438,457,457,493,493,493,493,512,437,32,50,50,140,140,160,21,71,61,61],"floor_reached":22,"playtime":893,"items_purged":["Strike_G","Strike_G"],"score":364,"play_id":"4c0678f8-e824-442d-8f52-2dcf51ec3a41","local_time":"20190713231356","is_ascension_mode":true,"campfire_choices":[{"data":"Neutralize","floor":6,"key":"SMITH"},{"data":"Dagger Spray","floor":8,"key":"SMITH"},{"data":"Deadly Poison","floor":15,"key":"SMITH"}],"neow_cost":"TEN_PERCENT_HP_LOSS","seed_source_timestamp":364407788133184,"circlet_count":0,"master_deck":["AscendersBane","Strike_G","Strike_G","Defend_G","Defend_G","Defend_G","Defend_G","Defend_G","Survivor","Neutralize+1","Dagger Spray+1","Dash+1","Deadly Poison+1","Backflip","Malaise","PiercingWail","Noxious Fumes","Skewer+1"],"relics":["Ring of the Snake","Question Card","Golden Idol","Smiling Mask","Molten Egg 2","WingedGreaves","Sozu"],"potions_floor_usage":[7,22],"damage_taken":[{"damage":0,"enemies":"2 Louse","floor":1,"turns":5},{"damage":0,"enemies":"Small Slimes","floor":5,"turns":4},{"damage":10,"enemies":"3 Sentries","floor":7,"turns":9},{"damage":1,"enemies":"Cultist","floor":11,"turns":4},{"damage":0,"enemies":"3 Louse","floor":14,"turns":2},{"damage":29,"enemies":"The Guardian","floor":16,"turns":15},{"damage":1,"enemies":"Shell Parasite","floor":18,"turns":6},{"damage":7,"enemies":"2 Thieves","floor":21,"turns":5},{"damage":71,"enemies":"Chosen and Byrds","floor":22,"turns":5}],"seed_played":"-6008830300297055894","potions_obtained":[{"floor":1,"key":"AttackPotion"},{"floor":7,"key":"Regen Potion"}],"is_trial":false,"path_per_floor":["M","?","?","?","M","R","E","R","T","?","M","?","$","M","R","B",null,"M","$","?","M","M"],"character_chosen":"THE_SILENT","items_purchased":["Deadly Poison","WingedGreaves","Noxious Fumes"],"campfire_rested":0,"item_purchase_floors":[13,13,19],"current_hp_per_floor":[59,48,48,37,37,37,27,27,27,54,53,53,53,53,53,24,47,46,46,46,39,0],"gold":61,"neow_bonus":"TWO_FIFTY_GOLD","is_prod":false,"is_daily":false,"chose_seed":false,"campfire_upgraded":3,"win_rate":0,"timestamp":1563074036,"path_taken":["M","?","?","?","M","R","E","R","T","?","?","?","$","M","R","BOSS","M","$","?","M","M"],"build_version":"2019-07-05","purchased_purges":2,"victory":false,"max_hp_per_floor":[60,60,54,54,54,54,54,54,54,54,54,54,54,54,54,54,54,54,54,54,54,54],"card_choices":[{"not_picked":["Flying Knee","Dagger Throw"],"picked":"Masterful Stab","floor":1},{"not_picked":["Underhanded Strike","Bane","Sucker Punch","Dagger Throw"],"picked":"SKIP","floor":5},{"not_picked":["Flechettes","Setup","Prepared"],"picked":"Dagger Spray","floor":7},{"not_picked":["Backflip","Outmaneuver","Underhanded Strike+1"],"picked":"Dash+1","floor":11},{"not_picked":["Cloak And Dagger","Caltrops","Finisher+1"],"picked":"Backflip","floor":14},{"not_picked":["Venomology","Phantasmal Killer","Glass Knife+1"],"picked":"Malaise","floor":16},{"not_picked":["Outmaneuver","Acrobatics","Dodge and Roll"],"picked":"PiercingWail","floor":18},{"not_picked":["Dodge and Roll","Reflex+1","Poisoned Stab+1"],"picked":"Skewer+1","floor":21}],"player_experience":1487313,"relics_obtained":[{"floor":7,"key":"Smiling Mask"},{"floor":9,"key":"Molten Egg 2"}],"event_choices":[{"damage_healed":0,"gold_gain":0,"player_choice":"Success","damage_taken":11,"relics_obtained":["Question Card"],"max_hp_gain":0,"max_hp_loss":0,"event_name":"Scrap Ooze","floor":2,"gold_loss":0},{"damage_healed":0,"gold_gain":0,"player_choice":"Lose Max HP","damage_taken":0,"relics_obtained":["Golden Idol"],"max_hp_gain":0,"max_hp_loss":6,"event_name":"Golden Idol","floor":3,"gold_loss":0},{"damage_healed":0,"gold_gain":75,"player_choice":"Gather Gold","damage_taken":11,"max_hp_gain":0,"max_hp_loss":0,"event_name":"World of Goop","floor":4,"gold_loss":0},{"cards_removed":["Masterful Stab"],"damage_healed":27,"gold_gain":0,"player_choice":"Offered Uncommon","damage_taken":0,"max_hp_gain":0,"max_hp_loss":0,"event_name":"Bonfire Elementals","floor":10,"gold_loss":0},{"cards_removed":["Strike_G"],"damage_healed":0,"gold_gain":0,"player_choice":"Card Removal","damage_taken":0,"max_hp_gain":0,"max_hp_loss":0,"event_name":"The Cleric","floor":12,"gold_loss":75},{"damage_healed":0,"gold_gain":50,"player_choice":"Stole From Cult","damage_taken":0,"max_hp_gain":0,"max_hp_loss":0,"event_name":"Nest","floor":20,"gold_loss":0}],"is_beta":false,"boss_relics":[{"not_picked":["Empty Cage","White Beast Statue"],"picked":"Sozu"}],"items_purged_floors":[13,19],"is_endless":false,"potions_floor_spawned":[1,7,21],"killed_by":"Chosen and Byrds","ascension_level":20}