{"gold_per_floor":[110,110,124,141,216,251,19,37,60,60,85,85,85,100,100,202,202,217,132,32,0,19,46,46,59,109,129,143,69,69,86,86,86],"floor_reached":33,"playtime":2566,"items_purged":["Strike_R","Defend_R"],"score":277,"play_id":"91067430-95e9-4e5c-9b2a-3b76f9e7887f","local_time":"20190616154328","is_ascension_mode":false,"campfire_choices":[{"data":"Carnage","floor":10,"key":"SMITH"},{"data":"Exhume","floor":13,"key":"SMITH"},{"data":"Armaments","floor":15,"key":"SMITH"},{"data":"Juggernaut","floor":24,"key":"SMITH"},{"data":"Metallicize","floor":30,"key":"SMITH"},{"data":"Bash","floor":32,"key":"SMITH"}],"neow_cost":"NONE","seed_source_timestamp":312228537095709,"circlet_count":0,"master_deck":["Strike_R","Strike_R","Strike_R+1","Defend_R","Defend_R","Defend_R","Bash+1","Power Through","Ghostly Armor","Carnage+1","Bloodletting","Feel No Pain","Exhume+1","Armaments+1","Juggernaut+1","Cleave+1","Feel No Pain","Iron Wave","Iron Wave","Intimidate","Second Wind","Metallicize+1","Thunderclap"],"relics":["Burning Blood","NeowsBlessing","Boot","PreservedInsect","Oddly Smooth Stone","Regal Pillow","Coffee Dripper","Sundial","Whetstone","Ancient Tea Set"],"potions_floor_usage":[6,16,16,23,23,33,33,33],"damage_taken":[{"damage":0,"enemies":"Cultist","floor":1,"turns":1},{"damage":0,"enemies":"Small Slimes","floor":3,"turns":1},{"damage":0,"enemies":"2 Louse","floor":4,"turns":1},{"damage":20,"enemies":"3 Sentries","floor":6,"turns":11},{"damage":4,"enemies":"Exordium Wildlife","floor":8,"turns":8},{"damage":6,"enemies":"Gremlin Nob","floor":11,"turns":3},{"damage":3,"enemies":"Large Slime","floor":14,"turns":7},{"damage":20,"enemies":"Slime Boss","floor":16,"turns":12},{"damage":10,"enemies":"Shell Parasite","floor":18,"turns":6},{"damage":20,"enemies":"2 Thieves","floor":22,"turns":4},{"damage":25,"enemies":"Book of Stabbing","floor":23,"turns":6},{"damage":4,"enemies":"Chosen and Byrds","floor":25,"turns":5},{"damage":19,"enemies":"3 Cultists","floor":27,"turns":6},{"damage":10,"enemies":"Centurion and Healer","floor":28,"turns":5},{"damage":6,"enemies":"Sentry and Sphere","floor":31,"turns":4},{"damage":40,"enemies":"Collector","floor":33,"turns":8}],"seed_played":"-5258703801528143749","potions_obtained":[{"floor":1,"key":"SteroidPotion"},{"floor":4,"key":"PowerPotion"},{"floor":11,"key":"Poison Potion"},{"floor":16,"key":"Regen Potion"},{"floor":18,"key":"PowerPotion"},{"floor":23,"key":"Explosive Potion"},{"floor":28,"key":"Poison Potion"},{"floor":31,"key":"LiquidBronze"}],"is_trial":false,"path_per_floor":["M","?","M","M","?","E","$","M","T","R","E","?","R","M","R","B",null,"M","?","$","?","M","E","R","M","T","M","M","$","R","M","R","B"],"character_chosen":"IRONCLAD","items_purchased":["PreservedInsect","Metallicize"],"campfire_rested":0,"item_purchase_floors":[7,29],"current_hp_per_floor":[80,80,80,80,69,55,55,57,57,57,57,57,57,60,60,46,80,76,76,76,76,62,52,52,54,54,41,37,37,37,37,37,0],"gold":86,"neow_bonus":"THREE_ENEMY_KILL","is_prod":false,"is_daily":false,"chose_seed":false,"campfire_upgraded":6,"win_rate":0,"timestamp":1560692608,"path_taken":["M","?","M","?","?","E","$","M","T","R","E","?","R","M","R","BOSS","M","?","$","?","M","E","R","M","T","M","M","$","R","M","R","BOSS"],"build_version":"2019-01-23","purchased_purges":2,"victory":false,"max_hp_per_floor":[80,80,80,80,80,80,80,80,80,80,80,80,80,80,80,80,80,80,80,80,80,80,80,80,80,80,80,80,80,80,80,80,80],"card_choices":[{"not_picked":["Wild Strike","Headbutt"],"picked":"Power Through","floor":1},{"not_picked":["Havoc","Perfected Strike"],"picked":"Ghostly Armor","floor":3},{"not_picked":["Iron Wave","Burning Pact"],"picked":"Carnage","floor":4},{"not_picked":["Iron Wave","Dual Wield"],"picked":"Bloodletting","floor":6},{"not_picked":["True Grit","Blood for Blood"],"picked":"Feel No Pain","floor":8},{"not_picked":["Anger","Flex"],"picked":"Exhume","floor":11},{"not_picked":["Twin Strike","Power Through"],"picked":"Armaments","floor":14},{"not_picked":["Berserk","Barricade"],"picked":"Juggernaut","floor":16},{"not_picked":["Reckless Charge","Carnage"],"picked":"Cleave","floor":18},{"not_picked":["Cleave","Anger"],"picked":"Feel No Pain","floor":22},{"not_picked":["Fire Breathing","Twin Strike"],"picked":"Iron Wave","floor":23},{"not_picked":["Heavy Blade","Sword Boomerang"],"picked":"Iron Wave","floor":25},{"not_picked":["Infernal Blade","Clothesline"],"picked":"Intimidate","floor":27},{"not_picked":["Armaments","Bludgeon"],"picked":"Second Wind","floor":28},{"not_picked":["Iron Wave+1","Clash"],"picked":"Thunderclap","floor":31}],"player_experience":54892,"relics_obtained":[{"floor":6,"key":"Boot"},{"floor":9,"key":"Oddly Smooth Stone"},{"floor":11,"key":"Regal Pillow"},{"floor":23,"key":"Whetstone"},{"floor":26,"key":"Ancient Tea Set"}],"event_choices":[{"cards_removed":["Strike_R"],"damage_healed":0,"gold_gain":0,"player_choice":"Offered Basic","damage_taken":0,"max_hp_gain":0,"max_hp_loss":0,"event_name":"Bonfire Elementals","floor":2,"gold_loss":0},{"damage_healed":0,"gold_gain":75,"player_choice":"Gather Gold","damage_taken":11,"max_hp_gain":0,"max_hp_loss":0,"event_name":"World of Goop","floor":5,"gold_loss":0},{"damage_healed":0,"gold_gain":0,"player_choice":"Ignored","damage_taken":0,"max_hp_gain":0,"max_hp_loss":0,"event_name":"Liars Game","floor":12,"gold_loss":0},{"damage_healed":0,"gold_gain":0,"player_choice":"Obtained Relic","damage_taken":0,"relics_obtained":["Sundial"],"max_hp_gain":0,"max_hp_loss":0,"event_name":"Addict","floor":19,"gold_loss":85},{"damage_healed":0,"gold_gain":0,"player_choice":"Paid Fearfully","damage_taken":0,"max_hp_gain":0,"max_hp_loss":0,"event_name":"Masked Bandits","floor":21,"gold_loss":32}],"is_beta":false,"boss_relics":[{"not_picked":["Philosopher\u0027s Stone","Lizard Tail"],"picked":"Coffee Dripper"}],"items_purged_floors":[7,20],"is_endless":false,"potions_floor_spawned":[1,4,11,16,18,23,28,31],"killed_by":"Collector","ascension_level":0}