{"gold_per_floor":[113,124,124,136,101,101,133,133,133,163,238,238,67,98,98,174,174,189,189,201,37,37,37,48,48,48,48,63,63],"floor_reached":29,"playtime":852,"items_purged":[],"score":478,"play_id":"4a4b2c66-1ba2-41ea-8363-d7bfbf045ebc","local_time":"20181130134958","is_ascension_mode":true,"campfire_choices":[{"data":"Zap","floor":6,"key":"SMITH"},{"data":"Streamline","floor":8,"key":"SMITH"},{"floor":12,"key":"REST"},{"data":"Defragment","floor":15,"key":"SMITH"},{"floor":23,"key":"REST"},{"data":"Go for the Eyes","floor":25,"key":"SMITH"},{"floor":27,"key":"REST"}],"neow_cost":"NONE","seed_source_timestamp":434671176157224,"circlet_count":0,"master_deck":["AscendersBane","Strike_B","Strike_B+1","Strike_B+1","Defend_B+1","Defend_B","Defend_B","Defend_B","Zap+1","Dualcast+1","Compile Driver","Streamline+1","Go for the Eyes+1","Machine Learning","Defragment+1","FTL","Meteor Strike","Cold Snap","Hologram","Biased Cognition","Turbo+1"],"relics":["Cracked Core","Symbiotic Virus","Singing Bowl","War Paint","DataDisk","Lantern","Inserter","Enchiridion","StoneCalendar"],"potions_floor_usage":[14,20,29],"damage_taken":[{"damage":7,"enemies":"Small Slimes","floor":1,"turns":4},{"damage":4,"enemies":"2 Louse","floor":2,"turns":2},{"damage":0,"enemies":"Cultist","floor":4,"turns":3},{"damage":22,"enemies":"3 Sentries","floor":7,"turns":6},{"damage":8,"enemies":"Gremlin Nob","floor":10,"turns":3},{"damage":10,"enemies":"Lagavulin","floor":14,"turns":4},{"damage":9,"enemies":"Slime Boss","floor":16,"turns":6},{"damage":25,"enemies":"Shell Parasite","floor":18,"turns":4},{"damage":2,"enemies":"2 Thieves","floor":20,"turns":4},{"damage":26,"enemies":"Cultist and Chosen","floor":24,"turns":4},{"damage":10,"enemies":"Snake Plant","floor":28,"turns":4},{"damage":30,"enemies":"Gremlin Leader","floor":29,"turns":2}],"seed_played":"-3358314075748079563","potions_obtained":[{"floor":4,"key":"SpeedPotion"},{"floor":10,"key":"Block Potion"},{"floor":20,"key":"SpeedPotion"}],"is_trial":false,"path_per_floor":["M","M","?","M","?","R","E","R","T","E","?","R","$","E","R","B",null,"M","?","M","$","?","R","M","R","T","R","M","E"],"character_chosen":"DEFECT","items_purchased":["DataDisk","Biased Cognition"],"campfire_rested":3,"item_purchase_floors":[13,21],"current_hp_per_floor":[64,60,37,37,56,56,34,34,34,26,15,38,38,28,28,19,63,38,17,15,15,15,38,12,12,12,35,27,0],"gold":63,"neow_bonus":"TEN_PERCENT_HP_BONUS","is_prod":false,"is_daily":false,"chose_seed":false,"campfire_upgraded":4,"win_rate":0,"timestamp":1543603798,"path_taken":["M","M","?","M","?","R","E","R","T","E","?","R","$","E","R","BOSS","M","?","M","$","?","R","?","R","T","R","?","E"],"build_version":"2018-11-15","purchased_purges":0,"victory":false,"max_hp_per_floor":[78,78,78,78,78,78,78,78,78,78,78,78,78,78,78,78,78,78,78,78,78,78,78,78,78,78,78,80,80],"card_choices":[{"not_picked":["Loop","Darkness"],"picked":"Compile Driver","floor":1},{"not_picked":["Go for the Eyes","Coolheaded"],"picked":"Streamline","floor":2},{"not_picked":["Barrage","Beam Cell"],"picked":"Go for the Eyes","floor":4},{"not_picked":["Steam","Leap"],"picked":"Machine Learning","floor":7},{"not_picked":["Sweeping Beam","Heatsinks"],"picked":"Defragment","floor":10},{"not_picked":["Sweeping Beam","Static Discharge"],"picked":"FTL","floor":14},{"not_picked":["Multi-Cast","Machine Learning"],"picked":"Meteor Strike","floor":16},{"not_picked":["Turbo","Aggregate"],"picked":"Cold Snap","floor":18},{"not_picked":["Conserve Battery","Gash"],"picked":"Hologram","floor":20},{"not_picked":["Coolheaded","White Noise"],"picked":"Turbo+1","floor":24},{"not_picked":["Chaos","Leap","Barrage"],"picked":"Singing Bowl","floor":28}],"player_experience":1212581,"relics_obtained":[{"floor":7,"key":"Symbiotic Virus"},{"floor":9,"key":"Singing Bowl"},{"floor":10,"key":"War Paint"},{"floor":14,"key":"Lantern"},{"floor":19,"key":"Enchiridion"},{"floor":26,"key":"StoneCalendar"}],"event_choices":[{"damage_healed":0,"gold_gain":0,"player_choice":"Entered Light","damage_taken":23,"max_hp_gain":0,"max_hp_loss":0,"event_name":"Shining Light","floor":3,"gold_loss":0,"cards_upgraded":["Strike_B","Strike_B"]},{"damage_healed":19,"gold_gain":0,"player_choice":"Healed","damage_taken":0,"max_hp_gain":0,"max_hp_loss":0,"event_name":"The Cleric","floor":5,"gold_loss":35},{"damage_healed":0,"gold_gain":75,"player_choice":"Gather Gold","damage_taken":11,"max_hp_gain":0,"max_hp_loss":0,"event_name":"World of Goop","floor":11,"gold_loss":0},{"damage_healed":0,"gold_gain":0,"player_choice":"Obtained Book","damage_taken":21,"max_hp_gain":0,"max_hp_loss":0,"event_name":"Cursed Tome","floor":19,"gold_loss":0},{"cards_removed":["Strike_B"],"damage_healed":0,"gold_gain":0,"player_choice":"Purged","damage_taken":0,"max_hp_gain":0,"max_hp_loss":0,"event_name":"Purifier","floor":22,"gold_loss":0}],"is_beta":false,"boss_relics":[{"not_picked":["Runic Dome","Pandora\u0027s Box"],"picked":"Inserter"}],"items_purged_floors":[],"is_endless":false,"potions_floor_spawned":[4,10,20],"killed_by":"Gremlin Leader","ascension_level":20}