{"gold_per_floor":[20,33,33,52,63,63,93,104,186,15,15,41,41,41,41,118,118,133,148,38,57,257,257,285,285,309,343,343,20,70,99,99,178,178,193,193,1192,367,377,377,411,411,438,469,469,500,520,554,554,554,554,554,48,74,74],"floor_reached":56,"playtime":2687,"items_purged":["Strike_G","Strike_G","Normality","Normality"],"score":2329,"play_id":"18491008-760d-42db-80a2-59c616ea05be","local_time":"20190718190413","is_ascension_mode":true,"campfire_choices":[{"data":"Neutralize","floor":6,"key":"SMITH"},{"data":"Crippling Poison","floor":11,"key":"SMITH"},{"data":"1","floor":13,"key":"LIFT"},{"data":"2","floor":15,"key":"LIFT"},{"data":"3","floor":23,"key":"LIFT"},{"floor":28,"key":"RECALL"},{"floor":32,"key":"REST"},{"floor":40,"key":"REST"},{"data":"Footwork","floor":42,"key":"SMITH"},{"floor":49,"key":"REST"},{"data":"Survivor","floor":52,"key":"SMITH"}],"neow_cost":"NO_GOLD","seed_source_timestamp":79676762015458,"circlet_count":0,"master_deck":["AscendersBane","Strike_G","Strike_G","Defend_G","Defend_G","Defend_G","Defend_G","Defend_G","Survivor+1","Neutralize+1","Quick Slash","Skewer+1","Endless Agony","All Out Attack","Crippling Poison+1","PiercingWail+1","Bullet Time+1","Backflip+1","Riddle With Holes+1","Riddle With Holes","Cloak And Dagger+1","Cloak And Dagger+1","Deadly Poison+1","Blur+1","Corpse Explosion+1","Malaise+1","Leg Sweep+1","Footwork+1","Dodge and Roll+1","Night Terror+1","Riddle With Holes+1","Well Laid Plans","Calculated Gamble+1","Expertise+1"],"relics":["Ring of the Snake","Juzu Bracelet","Toxic Egg 2","Vajra","Girya","Snecko Eye","Snake Skull","Bronze Scales","Pear","Potion Belt","Bag of Marbles","Busted Crown","OrangePellets","PreservedInsect","Molten Egg 2","Centennial Puzzle","Bag of Preparation","Pantograph","Strawberry","Frozen Eye","Lantern"],"potions_floor_usage":[7,12,16,31,55,55,55,55],"damage_taken":[{"damage":0,"enemies":"Cultist","floor":1,"turns":5},{"damage":0,"enemies":"2 Louse","floor":2,"turns":2},{"damage":0,"enemies":"Small Slimes","floor":4,"turns":4},{"damage":17,"enemies":"Exordium Thugs","floor":5,"turns":6},{"damage":7,"enemies":"Gremlin Nob","floor":7,"turns":3},{"damage":5,"enemies":"Red Slaver","floor":8,"turns":3},{"damage":0,"enemies":"3 Sentries","floor":12,"turns":5},{"damage":7,"enemies":"Slime Boss","floor":16,"turns":10},{"damage":0,"enemies":"3 Byrds","floor":18,"turns":3},{"damage":4,"enemies":"Shell Parasite","floor":19,"turns":4},{"damage":2,"enemies":"Sentry and Sphere","floor":21,"turns":3},{"damage":11,"enemies":"Slavers","floor":24,"turns":3},{"damage":0,"enemies":"Gremlin Leader","floor":27,"turns":6},{"damage":2,"enemies":"Book of Stabbing","floor":31,"turns":4},{"damage":36,"enemies":"Collector","floor":33,"turns":5},{"damage":0,"enemies":"Orb Walker","floor":35,"turns":1},{"damage":15,"enemies":"3 Darklings","floor":39,"turns":3},{"damage":0,"enemies":"Reptomancer","floor":41,"turns":3},{"damage":0,"enemies":"Nemesis","floor":44,"turns":5},{"damage":11,"enemies":"Reptomancer","floor":46,"turns":6},{"damage":8,"enemies":"Writhing Mass","floor":47,"turns":5},{"damage":1,"enemies":"Giant Head","floor":48,"turns":7},{"damage":24,"enemies":"Awakened One","floor":50,"turns":17},{"damage":8,"enemies":"Shield and Spear","floor":54,"turns":4},{"damage":83,"enemies":"The Heart","floor":55,"turns":9}],"seed_played":"2365266351347347146","potions_obtained":[{"floor":1,"key":"Fruit Juice"},{"floor":5,"key":"SteroidPotion"},{"floor":8,"key":"Energy Potion"},{"floor":12,"key":"Block Potion"},{"floor":16,"key":"GhostInAJar"},{"floor":33,"key":"GhostInAJar"},{"floor":35,"key":"PowerPotion"},{"floor":39,"key":"LiquidBronze"}],"is_trial":false,"path_per_floor":["M","M","?","M","M","R","E","M","T","$","R","E","R","?","R","B",null,"M","M","$","M","?","R","E","?","T","E","R","$","?","E","R","B",null,"M","?","?","$","M","R","E","R","T","E","?","E","M","E","R","B",null,"R","$","E","B",null],"character_chosen":"THE_SILENT","items_purchased":["PiercingWail+1","Vajra","Riddle With Holes","Potion Belt","Blur+1","Leg Sweep+1","Footwork","OrangePellets","PreservedInsect","Molten Egg 2","Well Laid Plans","Frozen Eye","Calculated Gamble+1"],"campfire_rested":3,"item_purchase_floors":[10,10,20,29,29,38,38,38,38,38,53,53,53],"current_hp_per_floor":[71,71,71,71,54,54,47,42,42,42,42,42,42,42,42,40,72,72,68,68,66,66,66,55,55,55,65,65,65,65,63,90,54,83,83,83,83,83,68,93,93,93,93,93,93,82,74,80,100,76,94,94,94,86,17],"gold":74,"neow_bonus":"TWENTY_PERCENT_HP_BONUS","is_prod":false,"is_daily":false,"chose_seed":false,"campfire_upgraded":4,"win_rate":0,"timestamp":1563491053,"path_taken":["M","?","?","M","M","R","E","M","T","$","R","E","R","?","R","BOSS","M","M","$","M","?","R","E","?","T","E","R","?","?","E","R","BOSS","M","?","?","$","M","R","E","R","T","E","?","E","M","E","R","BOSS","R","$","E","BOSS"],"build_version":"2019-07-17","purchased_purges":4,"victory":true,"max_hp_per_floor":[78,78,78,78,78,78,78,78,78,78,78,78,78,78,78,83,83,83,83,83,83,83,83,83,83,83,93,93,93,93,93,93,93,93,93,93,93,93,93,93,93,93,93,93,93,93,93,100,100,100,100,100,100,100,100],"card_choices":[{"not_picked":["Finisher","Dodge and Roll"],"picked":"Quick Slash","floor":1},{"not_picked":["Choke","Endless Agony"],"picked":"Skewer","floor":2},{"not_picked":["Bane","Masterful Stab"],"picked":"Endless Agony","floor":4},{"not_picked":["Masterful Stab","Flying Knee"],"picked":"All Out Attack","floor":5},{"not_picked":["Outmaneuver","Distraction","Infinite Blades"],"picked":"SKIP","floor":7},{"not_picked":["Caltrops","Dagger Spray"],"picked":"Crippling Poison","floor":8},{"not_picked":["Eviscerate","Dagger Throw","Poisoned Stab"],"picked":"SKIP","floor":12},{"not_picked":["Venomology+1","Unload"],"picked":"Bullet Time+1","floor":16},{"not_picked":["Acrobatics+1","Dodge and Roll+1"],"picked":"Backflip+1","floor":18},{"not_picked":["Dagger Throw","Cloak And Dagger+1"],"picked":"Riddle With Holes+1","floor":19},{"not_picked":["Poisoned Stab","Blade Dance+1"],"picked":"Cloak And Dagger+1","floor":21},{"not_picked":["Caltrops","Flying Knee"],"picked":"Cloak And Dagger+1","floor":24},{"not_picked":["Underhanded Strike","Reflex+1"],"picked":"Deadly Poison+1","floor":27},{"not_picked":["Dagger Throw","Backstab"],"picked":"Corpse Explosion+1","floor":31},{"not_picked":["Doppelganger+1","Corpse Explosion+1"],"picked":"Malaise+1","floor":33},{"not_picked":["Flying Knee"],"picked":"SKIP","floor":35},{"not_picked":["Terror+1"],"picked":"SKIP","floor":39},{"not_picked":[],"picked":"Dodge and Roll+1","floor":41},{"not_picked":["Finisher+1"],"picked":"SKIP","floor":44},{"not_picked":[],"picked":"Night Terror+1","floor":46},{"not_picked":[],"picked":"Riddle With Holes+1","floor":47},{"not_picked":["Bane+1"],"picked":"SKIP","floor":48},{"not_picked":[],"picked":"Expertise+1","floor":54}],"player_experience":1520229,"relics_obtained":[{"floor":7,"key":"Juzu Bracelet"},{"floor":9,"key":"Toxic Egg 2"},{"floor":12,"key":"Girya"},{"floor":24,"key":"Snake Skull"},{"floor":26,"key":"Bronze Scales"},{"floor":27,"key":"Pear"},{"floor":31,"key":"Bag of Marbles"},{"floor":41,"key":"Centennial Puzzle"},{"floor":44,"key":"Bag of Preparation"},{"floor":46,"key":"Pantograph"},{"floor":48,"key":"Strawberry"},{"floor":54,"key":"Lantern"}],"event_choices":[{"damage_healed":0,"gold_gain":0,"player_choice":"Grow","damage_taken":0,"max_hp_gain":0,"max_hp_loss":0,"event_name":"Living Wall","floor":3,"gold_loss":0,"cards_upgraded":["Skewer"]},{"damage_healed":0,"gold_gain":0,"player_choice":"Ignored","damage_taken":0,"max_hp_gain":0,"max_hp_loss":0,"event_name":"Liars Game","floor":14,"gold_loss":0},{"damage_healed":0,"gold_gain":200,"player_choice":"Gold","damage_taken":0,"max_hp_gain":0,"max_hp_loss":0,"event_name":"Wheel of Change","floor":22,"gold_loss":0},{"damage_healed":0,"gold_gain":0,"player_choice":"Got Potions","damage_taken":0,"max_hp_gain":0,"max_hp_loss":0,"event_name":"Lab","floor":25,"gold_loss":0},{"damage_healed":0,"gold_gain":50,"player_choice":"Stole From Cult","damage_taken":0,"max_hp_gain":0,"max_hp_loss":0,"event_name":"Nest","floor":30,"gold_loss":0},{"cards_removed":["Strike_G"],"damage_healed":0,"gold_gain":0,"player_choice":"Removed Attack","damage_taken":0,"max_hp_gain":0,"max_hp_loss":0,"event_name":"Falling","floor":36,"gold_loss":0},{"damage_healed":0,"gold_gain":999,"player_choice":"Gold","damage_taken":0,"max_hp_gain":0,"max_hp_loss":0,"event_name":"MindBloom","floor":37,"gold_loss":0,"cards_obtained":["Normality","Normality"]},{"damage_healed":0,"gold_gain":0,"player_choice":"Ignored","damage_taken":0,"max_hp_gain":0,"max_hp_loss":0,"event_name":"Tomb of Lord Red Mask","floor":45,"gold_loss":0}],"is_beta":false,"boss_relics":[{"not_picked":["Cursed Key","Empty Cage"],"picked":"Snecko Eye"},{"not_picked":["White Beast Statue","WristBlade"],"picked":"Busted Crown"}],"items_purged_floors":[20,29,38,53],"is_endless":false,"potions_floor_spawned":[1,5,8,12,16,19,27,33,35,39,44,48],"ascension_level":15}