{"gold_per_floor":[115,115,128,50,63,63,30,55,55,55,93,93,93,112,112,112],"floor_reached":16,"playtime":247,"items_purged":[],"score":90,"play_id":"32293c83-a6e9-46f4-bd7c-38a362675972","local_time":"20180814142251","is_ascension_mode":false,"campfire_choices":[{"floor":6,"key":"REST"},{"floor":12,"key":"REST"},{"floor":15,"key":"REST"}],"neow_cost":"NONE","seed_source_timestamp":221203446735051,"circlet_count":0,"master_deck":["Strike_R","Strike_R","Strike_R","Strike_R","Strike_R","Defend_R","Defend_R","Defend_R","Defend_R","Bash","Anger","Clothesline","Impervious","Flame Barrier","Battle Trance","Shrug It Off","Ghostly Armor","Rage"],"relics":["Philosopher\u0027s Stone","Golden Idol","Pantograph","Turnip","Odd Mushroom"],"potions_floor_usage":[11],"damage_taken":[{"damage":5,"enemies":"Small Slimes","floor":1,"turns":3},{"damage":0,"enemies":"2 Louse","floor":3,"turns":2},{"damage":1,"enemies":"Cultist","floor":5,"turns":3},{"damage":7,"enemies":"Lots of Slimes","floor":8,"turns":4},{"damage":0,"floor":11,"turns":5},{"damage":8,"enemies":"Exordium Wildlife","floor":14,"turns":4},{"damage":0,"enemies":"The Guardian","floor":16,"turns":1}],"seed_played":"-5391397711177898421","potions_obtained":[{"floor":3,"key":"Block Potion"},{"floor":8,"key":"BloodPotion"},{"floor":14,"key":"EssenceOfSteel"}],"is_trial":false,"path_per_floor":["M","?","M","$","M","R","$","M","T","T","?","R","$","M","R"],"character_chosen":"IRONCLAD","items_purchased":["Impervious","Battle Trance"],"campfire_rested":3,"item_purchase_floors":[4,7],"current_hp_per_floor":[75,55,55,55,54,78,78,71,71,71,79,80,80,72,80,80],"gold":112,"neow_bonus":"BOSS_RELIC","is_prod":false,"is_daily":false,"chose_seed":false,"campfire_upgraded":0,"win_rate":0,"timestamp":1534270971,"path_taken":["M","?","?","$","M","R","?","M","T","?","?","R","$","?","R","BOSS"],"build_version":"2018-08-09","purchased_purges":0,"victory":false,"max_hp_per_floor":[80,80,80,80,80,80,80,80,80,80,80,80,80,80,80,80],"card_choices":[{"not_picked":["Thunderclap","Sword Boomerang"],"picked":"Anger","floor":1},{"not_picked":["Rupture","Body Slam"],"picked":"Clothesline","floor":3},{"not_picked":["Iron Wave","Cleave"],"picked":"Flame Barrier","floor":5},{"not_picked":["Infernal Blade","Twin Strike"],"picked":"Shrug It Off","floor":8},{"not_picked":["True Grit","Disarm"],"picked":"Ghostly Armor","floor":11},{"not_picked":["Feel No Pain","Flex"],"picked":"Rage","floor":14}],"player_experience":502550,"relics_obtained":[{"floor":9,"key":"Pantograph"},{"floor":10,"key":"Turnip"},{"floor":11,"key":"Odd Mushroom"}],"event_choices":[{"event_name":"Golden Idol","player_choice":"Take Damage","floor":2,"damage_taken":0},{"event_name":"Mushrooms","player_choice":"Fought Mushrooms","floor":11,"damage_taken":0}],"is_beta":false,"boss_relics":[],"items_purged_floors":[],"is_endless":false,"potions_floor_spawned":[3,8,14],"killed_by":"The Guardian","ascension_level":0}