{"gold_per_floor":[112,187,199,199,199,238,263,263,263,263,296,310,310,341,341,466,466,485,251,251,166,187,187,258,278,324,324,338,32,66,66,66,66],"floor_reached":33,"playtime":3076,"items_purged":["Injury"],"score":386,"play_id":"a5db72b4-c9f1-4dfc-b42d-c5d352074840","local_time":"20190428222453","is_ascension_mode":true,"campfire_choices":[{"floor":8,"key":"REST"},{"floor":10,"key":"REST"},{"data":"Conserve Battery","floor":13,"key":"SMITH"},{"data":"Hologram","floor":15,"key":"SMITH"},{"data":"Apotheosis","floor":23,"key":"SMITH"},{"data":"Turbo","floor":27,"key":"SMITH"},{"data":"Buffer","floor":32,"key":"SMITH"}],"neow_cost":"NONE","seed_source_timestamp":104925260408044,"circlet_count":0,"master_deck":["Strike_B","Strike_B","Strike_B","Strike_B","Defend_B","Defend_B","Defend_B","Defend_B","Zap","Dualcast","Conserve Battery+1","Glacier","BootSequence","Streamline","Chill","Hologram+1","Multi-Cast","Apotheosis+1","White Noise","Turbo+1","Buffer+1"],"relics":["Black Star","Golden Idol","Mummified Hand","Smiling Mask","Matryoshka","Strawberry","Cables","Gremlin Horn","Darkstone Periapt","Bronze Scales","Shuriken","Coffee Dripper","Pocketwatch","Tiny Chest","Centennial Puzzle","Regal Pillow","PreservedInsect","Mango","Omamori","Mercury Hourglass","FaceOfCleric"],"potions_floor_usage":[14,16,16,16,16,16,18,25],"damage_taken":[{"damage":8,"enemies":"Jaw Worm","floor":1,"turns":4},{"damage":2,"enemies":"2 Louse","floor":3,"turns":3},{"damage":34,"enemies":"3 Sentries","floor":6,"turns":15},{"damage":0,"enemies":"Cultist","floor":7,"turns":5},{"damage":5,"enemies":"Lagavulin","floor":11,"turns":11},{"damage":0,"enemies":"Red Slaver","floor":12,"turns":4},{"damage":1,"enemies":"3 Sentries","floor":14,"turns":8},{"damage":14,"enemies":"The Guardian","floor":16,"turns":11},{"damage":1,"enemies":"Shell Parasite","floor":18,"turns":9},{"damage":5,"enemies":"Spheric Guardian","floor":22,"turns":4},{"damage":21,"enemies":"Gremlin Leader","floor":24,"turns":6},{"damage":15,"enemies":"Shelled Parasite and Fungi","floor":25,"turns":6},{"damage":30,"enemies":"Cultist and Chosen","floor":28,"turns":7},{"damage":1,"enemies":"Book of Stabbing","floor":30,"turns":4},{"damage":60,"enemies":"Automaton","floor":33,"turns":12}],"seed_played":"-3180471104406463185","potions_obtained":[{"floor":7,"key":"Swift Potion"},{"floor":12,"key":"Poison Potion"},{"floor":14,"key":"EntropicBrew"},{"floor":16,"key":"EssenceOfSteel"},{"floor":24,"key":"LiquidBronze"}],"is_trial":false,"path_per_floor":["M","?","M","?","T","E","M","R","T","R","E","M","R","E","R","B",null,"M","$","?","?","M","R","E","M","T","R","M","$","E","?","R","B"],"character_chosen":"DEFECT","items_purchased":["Apotheosis","Mango"],"campfire_rested":2,"item_purchase_floors":[19,29],"current_hp_per_floor":[67,56,54,54,54,20,20,42,49,73,68,68,68,67,67,68,82,81,81,81,81,76,76,55,40,40,40,10,24,23,23,23,0],"gold":66,"neow_bonus":"BOSS_RELIC","is_prod":false,"is_daily":false,"chose_seed":false,"campfire_upgraded":5,"win_rate":0,"timestamp":1556504693,"path_taken":["M","?","M","?","?","E","?","R","T","R","E","M","R","E","R","BOSS","M","$","?","?","M","R","E","M","T","R","M","$","E","?","R","BOSS"],"build_version":"2019-01-23","purchased_purges":1,"victory":false,"max_hp_per_floor":[75,75,75,75,75,75,75,75,82,82,82,82,82,82,82,82,82,82,82,82,82,82,82,82,82,82,82,82,96,96,96,96,96],"card_choices":[{"not_picked":["Beam Cell","Static Discharge"],"picked":"Conserve Battery","floor":1},{"not_picked":["Stack","Go for the Eyes"],"picked":"Glacier","floor":3},{"not_picked":["Redo","Beam Cell"],"picked":"BootSequence","floor":6},{"not_picked":["Leap","Fusion","Redo"],"picked":"SKIP","floor":7},{"not_picked":["Auto Shields","Steam Power"],"picked":"Streamline","floor":11},{"not_picked":["Beam Cell","Streamline"],"picked":"Chill","floor":12},{"not_picked":["Auto Shields","Heatsinks"],"picked":"Hologram","floor":14},{"not_picked":["Rainbow","Buffer"],"picked":"Multi-Cast","floor":16},{"not_picked":["Loop","Doom and Gloom","Rebound"],"picked":"SKIP","floor":18},{"not_picked":["Streamline","Stack","Rebound"],"picked":"SKIP","floor":22},{"not_picked":["Tempest","Reprogram+1"],"picked":"White Noise","floor":24},{"not_picked":["Scrape+1","Force Field"],"picked":"Turbo","floor":25},{"not_picked":["Redo","Rebound+1","Stack"],"picked":"SKIP","floor":28},{"not_picked":["Rebound","Redo"],"picked":"Buffer","floor":30}],"player_experience":209713,"relics_obtained":[{"floor":5,"key":"Mummified Hand"},{"floor":6,"key":"Smiling Mask"},{"floor":6,"key":"Matryoshka"},{"floor":9,"key":"Strawberry"},{"floor":9,"key":"Cables"},{"floor":11,"key":"Gremlin Horn"},{"floor":11,"key":"Darkstone Periapt"},{"floor":14,"key":"Bronze Scales"},{"floor":14,"key":"Shuriken"},{"floor":24,"key":"Tiny Chest"},{"floor":24,"key":"Centennial Puzzle"},{"floor":26,"key":"Regal Pillow"},{"floor":26,"key":"PreservedInsect"},{"floor":30,"key":"Omamori"},{"floor":30,"key":"Mercury Hourglass"}],"event_choices":[{"damage_healed":0,"gold_gain":75,"player_choice":"Gather Gold","damage_taken":11,"max_hp_gain":0,"max_hp_loss":0,"event_name":"World of Goop","floor":2,"gold_loss":0},{"damage_healed":0,"gold_gain":0,"player_choice":"Take Wound","damage_taken":0,"relics_obtained":["Golden Idol"],"max_hp_gain":0,"max_hp_loss":0,"event_name":"Golden Idol","floor":4,"gold_loss":0,"cards_obtained":["Injury"]},{"damage_healed":0,"gold_gain":0,"player_choice":"Ignored","damage_taken":0,"max_hp_gain":0,"max_hp_loss":0,"event_name":"Ghosts","floor":20,"gold_loss":0},{"damage_healed":0,"gold_gain":0,"player_choice":"Obtained Relic","damage_taken":0,"relics_obtained":["Pocketwatch"],"max_hp_gain":0,"max_hp_loss":0,"event_name":"Addict","floor":21,"gold_loss":85},{"damage_healed":0,"gold_gain":0,"player_choice":"Trade","damage_taken":0,"relics_obtained":["FaceOfCleric"],"max_hp_gain":0,"max_hp_loss":0,"event_name":"FaceTrader","floor":31,"gold_loss":0}],"is_beta":false,"boss_relics":[{"not_picked":["Runic Pyramid","Eternal Feather"],"picked":"Coffee Dripper"}],"items_purged_floors":[19],"is_endless":false,"potions_floor_spawned":[7,12,14,16,24],"killed_by":"Automaton","ascension_level":4}