{"gold_per_floor":[113,129,54,65,65,97,112,112,138,138,171,189,189,202,202,279,279,289,38,55,70,89,89,104,104,158,8,18,18,18,28,28,28],"floor_reached":33,"playtime":1717,"items_purged":["Strike_G"],"score":522,"play_id":"46e23b3e-bb51-439b-bdb6-e8cae5742146","local_time":"20181122113533","is_ascension_mode":true,"campfire_choices":[{"data":"Deadly Poison","floor":8,"key":"SMITH"},{"data":"Neutralize","floor":10,"key":"SMITH"},{"floor":13,"key":"REST"},{"data":"Leg Sweep","floor":15,"key":"SMITH"},{"data":"Noxious Fumes","floor":23,"key":"SMITH"},{"data":"Well Laid Plans","floor":25,"key":"SMITH"},{"floor":29,"key":"REST"},{"floor":32,"key":"REST"}],"neow_cost":"NONE","seed_source_timestamp":130002931750930,"circlet_count":0,"master_deck":["AscendersBane","Defend_G+1","Defend_G+1","Defend_G+1","Defend_G+1","Defend_G+1","Strike_G+1","Strike_G+1","Strike_G+1","Survivor","Neutralize+1","Deadly Poison+1","Bane","Dash","Dash","Leg Sweep+1","Dagger Spray","PiercingWail","Adrenaline","Deflect","Noxious Fumes+1","Well Laid Plans+1","PiercingWail","Dodge and Roll","Heel Hook"],"relics":["Ring of the Snake","Potion Belt","Regal Pillow","Oddly Smooth Stone","Runic Dome","PreservedInsect","Centennial Puzzle"],"potions_floor_usage":[6,18,18,20],"damage_taken":[{"damage":4,"enemies":"Jaw Worm","floor":1,"turns":5},{"damage":5,"enemies":"Small Slimes","floor":2,"turns":6},{"damage":0,"enemies":"Cultist","floor":4,"turns":4},{"damage":12,"enemies":"Lagavulin","floor":6,"turns":6},{"damage":5,"enemies":"Gremlin Gang","floor":7,"turns":7},{"damage":32,"enemies":"3 Sentries","floor":11,"turns":15},{"damage":0,"enemies":"Exordium Wildlife","floor":12,"turns":5},{"damage":0,"enemies":"Looter","floor":14,"turns":3},{"damage":9,"enemies":"The Guardian","floor":16,"turns":15},{"damage":1,"enemies":"2 Thieves","floor":18,"turns":5},{"damage":10,"enemies":"Chosen","floor":20,"turns":5},{"damage":8,"enemies":"Snake Plant","floor":21,"turns":6},{"damage":18,"enemies":"Shelled Parasite and Fungi","floor":22,"turns":8},{"damage":19,"enemies":"Sentry and Sphere","floor":24,"turns":6},{"damage":0,"enemies":"Centurion and Healer","floor":28,"turns":7},{"damage":10,"enemies":"3 Cultists","floor":31,"turns":7},{"damage":80,"enemies":"Champ","floor":33,"turns":17}],"seed_played":"-7142783251211229355","potions_obtained":[{"floor":2,"key":"Poison Potion"},{"floor":6,"key":"Fire Potion"},{"floor":7,"key":"Ancient Potion"},{"floor":12,"key":"Poison Potion"},{"floor":18,"key":"Fire Potion"},{"floor":31,"key":"Swift Potion"}],"is_trial":false,"path_per_floor":["M","M","?","M","?","E","M","R","T","R","E","M","R","M","R","B",null,"M","$","M","M","M","R","M","R","T","$","M","R","?","M","R","B"],"character_chosen":"THE_SILENT","items_purchased":["Noxious Fumes","PreservedInsect","Heel Hook"],"campfire_rested":3,"item_purchase_floors":[19,19,27],"current_hp_per_floor":[61,56,56,56,56,44,39,39,39,39,7,7,43,43,43,34,63,62,62,52,44,26,26,7,7,7,7,7,43,43,33,69,0],"gold":28,"neow_bonus":"TEN_PERCENT_HP_BONUS","is_prod":false,"is_daily":false,"chose_seed":false,"campfire_upgraded":5,"win_rate":0,"timestamp":1542904533,"path_taken":["M","M","?","M","?","E","M","R","T","R","E","?","R","M","R","BOSS","M","$","M","?","M","R","M","R","T","$","M","R","?","M","R","BOSS"],"build_version":"2018-11-15","purchased_purges":1,"victory":false,"max_hp_per_floor":[72,72,72,72,72,72,72,72,72,72,72,72,72,72,72,72,72,72,72,72,72,72,72,72,72,72,72,72,72,72,72,72,72],"card_choices":[{"not_picked":["Deflect","Prepared"],"picked":"Deadly Poison","floor":1},{"not_picked":["Underhanded Strike","Deflect"],"picked":"Bane","floor":2},{"not_picked":["Slice","Endless Agony"],"picked":"Dash","floor":4},{"not_picked":["Predator","Acrobatics"],"picked":"Dash","floor":6},{"not_picked":["PiercingWail","Expertise"],"picked":"Leg Sweep","floor":7},{"not_picked":["Blade Dance","Venomology","Distraction"],"picked":"SKIP","floor":11},{"not_picked":["Bouncing Flask","Choke"],"picked":"Dagger Spray","floor":12},{"not_picked":["Flechettes","Caltrops"],"picked":"PiercingWail","floor":14},{"not_picked":["Glass Knife","Grand Finale"],"picked":"Adrenaline","floor":16},{"not_picked":["Sucker Punch","Flying Knee"],"picked":"Deflect","floor":18},{"not_picked":["Poisoned Stab","Noxious Fumes"],"picked":"Well Laid Plans","floor":20},{"not_picked":["Envenom","Masterful Stab"],"picked":"PiercingWail","floor":21},{"not_picked":["Prepared","Flying Knee","Slice"],"picked":"SKIP","floor":22},{"not_picked":["Deadly Poison","Bane"],"picked":"Dodge and Roll","floor":24},{"not_picked":["Deadly Poison","Acrobatics","Sucker Punch"],"picked":"SKIP","floor":28},{"not_picked":["Tactician+1","Flechettes","Poisoned Stab"],"picked":"SKIP","floor":31}],"player_experience":1134326,"relics_obtained":[{"floor":6,"key":"Potion Belt"},{"floor":9,"key":"Regal Pillow"},{"floor":11,"key":"Oddly Smooth Stone"},{"floor":26,"key":"Centennial Puzzle"}],"event_choices":[{"cards_removed":["Strike_G"],"damage_healed":0,"gold_gain":0,"player_choice":"Card Removal","damage_taken":0,"max_hp_gain":0,"max_hp_loss":0,"event_name":"The Cleric","floor":3,"gold_loss":75},{"damage_healed":0,"gold_gain":0,"player_choice":"0 cards matched","damage_taken":0,"max_hp_gain":0,"max_hp_loss":0,"event_name":"Match and Keep!","floor":5,"gold_loss":0,"cards_obtained":[]},{"damage_healed":0,"gold_gain":0,"player_choice":"Simplicity","damage_taken":0,"max_hp_gain":0,"max_hp_loss":0,"event_name":"Back to Basics","floor":30,"gold_loss":0,"cards_upgraded":["Defend_G","Defend_G","Defend_G","Defend_G","Defend_G","Strike_G","Strike_G","Strike_G"]}],"is_beta":false,"boss_relics":[{"not_picked":["Pandora\u0027s Box","Eternal Feather"],"picked":"Runic Dome"}],"items_purged_floors":[27],"is_endless":false,"potions_floor_spawned":[2,6,7,12,18,31],"killed_by":"Champ","ascension_level":20}