{"gold_per_floor":[113,123,136,147,160,160,172,184,207,241,241,191,191,211,211,309,309,309,26,26,26,26,26,26,26,26,26,26,26,26,26,26,26],"floor_reached":33,"playtime":963,"items_purged":[],"score":255,"play_id":"6e7603e5-b93a-4a29-92ee-345b54e5a609","local_time":"20180821214916","is_ascension_mode":false,"campfire_choices":[{"data":"True Grit","floor":6,"key":"SMITH"},{"data":"Inflame","floor":11,"key":"SMITH"},{"data":"Bludgeon","floor":13,"key":"SMITH"},{"data":"Warcry","floor":15,"key":"SMITH"},{"data":"Demon Form","floor":23,"key":"SMITH"},{"data":"Inflame","floor":25,"key":"SMITH"},{"data":"True Grit","floor":32,"key":"SMITH"}],"neow_cost":"NONE","seed_source_timestamp":117265353493855,"circlet_count":0,"master_deck":["Strike_R","Strike_R","Strike_R","Defend_R","Defend_R","Defend_R","Defend_R","Bash+1","Clothesline","Shrug It Off","Warcry+1","True Grit+1","Clash","Headbutt","Inflame+1","Bludgeon+1","Thunderclap","Demon Form+1","Clash","Inflame+1","Bludgeon+1","Shrug It Off","Headbutt","Thunderclap+1","Hemokinesis+1","True Grit+1","Dropkick+1"],"relics":["Burning Blood","Lantern","Magic Flower","Ectoplasm","DollysMirror","Centennial Puzzle"],"potions_floor_usage":[4,8,16,24,33],"damage_taken":[{"damage":1,"enemies":"Cultist","floor":1,"turns":3},{"damage":8,"enemies":"Jaw Worm","floor":2,"turns":3},{"damage":1,"enemies":"2 Louse","floor":3,"turns":3},{"damage":1,"enemies":"2 Fungi Beasts","floor":4,"turns":3},{"damage":7,"enemies":"Looter","floor":5,"turns":3},{"damage":5,"enemies":"Red Slaver","floor":7,"turns":4},{"damage":9,"enemies":"Large Slime","floor":8,"turns":5},{"damage":13,"enemies":"Gremlin Nob","floor":10,"turns":4},{"damage":7,"enemies":"Gremlin Gang","floor":14,"turns":5},{"damage":35,"enemies":"Slime Boss","floor":16,"turns":8},{"damage":0,"enemies":"Chosen","floor":18,"turns":2},{"damage":22,"enemies":"3 Byrds","floor":21,"turns":5},{"damage":6,"enemies":"Centurion and Healer","floor":24,"turns":4},{"damage":6,"enemies":"Shelled Parasite and Fungi","floor":27,"turns":4},{"damage":12,"enemies":"Snecko","floor":28,"turns":4},{"damage":3,"enemies":"Centurion and Healer","floor":29,"turns":4},{"damage":31,"enemies":"Shelled Parasite and Fungi","floor":30,"turns":4},{"damage":57,"enemies":"Automaton","floor":33,"turns":8}],"seed_played":"4422448055840439709","potions_obtained":[{"floor":2,"key":"Fire Potion"},{"floor":5,"key":"Poison Potion"},{"floor":10,"key":"Fire Potion"},{"floor":14,"key":"GamblersBrew"},{"floor":18,"key":"Block Potion"},{"floor":27,"key":"Regen Potion"}],"is_trial":false,"path_per_floor":["M","M","M","M","M","R","M","M","T","E","R","?","R","M","R","B",null,"M","$","?","M","?","R","M","R","T","M","M","M","M","$","R"],"character_chosen":"IRONCLAD","items_purchased":["Inflame","DollysMirror"],"campfire_rested":0,"item_purchase_floors":[19,19],"current_hp_per_floor":[80,78,80,80,79,79,80,77,77,70,70,70,70,72,72,46,80,80,80,80,67,67,67,70,70,70,73,70,76,54,54,54,0],"gold":26,"neow_bonus":"UPGRADE_CARD","is_prod":false,"is_daily":false,"chose_seed":false,"campfire_upgraded":7,"win_rate":0,"timestamp":1534902556,"path_taken":["M","M","M","M","M","R","?","M","T","E","R","?","R","M","R","BOSS","M","$","?","?","?","R","M","R","T","M","M","?","M","$","R","BOSS"],"build_version":"2018-08-16","purchased_purges":0,"victory":false,"max_hp_per_floor":[80,80,80,80,80,80,80,80,80,80,80,80,80,80,80,80,80,80,80,80,80,80,80,80,80,80,80,80,80,80,80,80,80],"card_choices":[{"not_picked":["Cleave","Armaments"],"picked":"Clothesline","floor":1},{"not_picked":["Infernal Blade","Havoc"],"picked":"Shrug It Off","floor":2},{"not_picked":["Rupture","Bloodletting"],"picked":"Warcry","floor":3},{"not_picked":["Anger","Clothesline"],"picked":"True Grit","floor":4},{"not_picked":["Bloodletting","Power Through"],"picked":"Clash","floor":5},{"not_picked":["Iron Wave","Perfected Strike"],"picked":"Headbutt","floor":7},{"not_picked":["Dropkick","Sword Boomerang"],"picked":"Inflame","floor":8},{"not_picked":["Flex","Heavy Blade"],"picked":"Bludgeon","floor":10},{"not_picked":["Heavy Blade","Rupture"],"picked":"Thunderclap","floor":14},{"not_picked":["Immolate","Double Tap"],"picked":"Demon Form","floor":16},{"not_picked":["Clothesline+1","Flame Barrier"],"picked":"Clash","floor":18},{"not_picked":["Cleave+1","Dropkick"],"picked":"Shrug It Off","floor":21},{"not_picked":["Wild Strike+1","Feel No Pain"],"picked":"Headbutt","floor":24},{"not_picked":["Body Slam+1","Heavy Blade"],"picked":"Thunderclap+1","floor":27},{"not_picked":["True Grit","Wild Strike"],"picked":"Hemokinesis+1","floor":28},{"not_picked":["Pummel","Flex"],"picked":"True Grit","floor":29},{"not_picked":["Berserk","Havoc+1"],"picked":"Dropkick+1","floor":30}],"player_experience":533345,"relics_obtained":[{"floor":9,"key":"Lantern"},{"floor":10,"key":"Magic Flower"},{"floor":26,"key":"Centennial Puzzle"}],"event_choices":[{"event_name":"The Cleric","player_choice":"Card Removal","floor":12,"damage_taken":0},{"event_name":"Back to Basics","player_choice":"Elegance","floor":20,"damage_taken":0},{"event_name":"Golden Shrine","player_choice":"Pray","floor":22,"damage_taken":0}],"is_beta":false,"boss_relics":[{"not_picked":["Snecko Eye","Orrery"],"picked":"Ectoplasm"}],"items_purged_floors":[],"is_endless":false,"potions_floor_spawned":[2,5,10,14,18,27],"killed_by":"Automaton","ascension_level":0}