{"gold_per_floor":[113,113,125,155,183,195,234,246,306,344,356,430,452,464,476,488],"floor_reached":16,"playtime":539,"items_purged":[],"score":216,"play_id":"713b6a0d-db68-4705-a797-439cfb1c6587","local_time":"20181118210740","is_ascension_mode":true,"campfire_choices":[{"data":"Neutralize","floor":6,"key":"SMITH"},{"data":"Cloak And Dagger","floor":8,"key":"SMITH"},{"floor":11,"key":"REST"},{"floor":15,"key":"REST"}],"neow_cost":"NONE","seed_source_timestamp":378655874272109,"circlet_count":0,"master_deck":["AscendersBane","Defend_G","Defend_G","Defend_G","Defend_G","Defend_G","Strike_G","Strike_G","Strike_G","Strike_G","Survivor","Neutralize+1","Unload","Dagger Throw","Cloak And Dagger+1","Well Laid Plans","Backflip","Escape Plan","Deflect"],"relics":["Ring of the Snake","MawBank","Dodecahedron","Bronze Scales","Omamori","Gremlin Horn"],"potions_floor_usage":[7,10,16],"damage_taken":[{"damage":14,"enemies":"Cultist","floor":1,"turns":7},{"damage":1,"enemies":"2 Louse","floor":4,"turns":3},{"damage":0,"enemies":"Small Slimes","floor":5,"turns":3},{"damage":18,"enemies":"Lagavulin","floor":7,"turns":8},{"damage":15,"enemies":"3 Sentries","floor":10,"turns":9},{"damage":29,"enemies":"Gremlin Nob","floor":12,"turns":4},{"damage":2,"enemies":"Blue Slaver","floor":13,"turns":3},{"damage":38,"enemies":"Slime Boss","floor":16,"turns":6}],"seed_played":"864204353068272430","potions_obtained":[{"floor":4,"key":"Strength Potion"},{"floor":5,"key":"EssenceOfSteel"},{"floor":12,"key":"SkillPotion"},{"floor":13,"key":"LiquidBronze"}],"is_trial":false,"path_per_floor":["M","T","?","M","M","R","E","R","T","E","R","?","M","T","R","B"],"character_chosen":"THE_SILENT","items_purchased":[],"campfire_rested":2,"item_purchase_floors":[],"current_hp_per_floor":[51,51,51,50,50,50,32,32,32,17,38,9,7,7,28,0],"gold":488,"neow_bonus":"TEN_PERCENT_HP_BONUS","is_prod":false,"is_daily":false,"chose_seed":false,"campfire_upgraded":2,"win_rate":0,"timestamp":1542593260,"path_taken":["M","?","?","M","?","R","E","R","T","E","R","?","M","?","R","BOSS"],"build_version":"2018-11-15","purchased_purges":0,"victory":false,"max_hp_per_floor":[72,72,72,72,72,72,72,72,72,72,72,72,72,72,72,72],"card_choices":[{"not_picked":["Prepared","Blade Dance","Catalyst"],"picked":"SKIP","floor":1},{"not_picked":["Prepared","Backflip"],"picked":"Dagger Throw","floor":4},{"not_picked":["Bane","Acrobatics"],"picked":"Cloak And Dagger","floor":5},{"not_picked":["Envenom","Tactician"],"picked":"Well Laid Plans","floor":7},{"not_picked":["Prepared","Deflect"],"picked":"Backflip","floor":10},{"not_picked":["Dagger Spray","Bouncing Flask"],"picked":"Escape Plan","floor":12},{"not_picked":["Accuracy","Prepared"],"picked":"Deflect","floor":13}],"player_experience":1103736,"relics_obtained":[{"floor":2,"key":"MawBank"},{"floor":7,"key":"Dodecahedron"},{"floor":9,"key":"Bronze Scales"},{"floor":12,"key":"Omamori"},{"floor":14,"key":"Gremlin Horn"}],"event_choices":[{"damage_healed":0,"gold_gain":0,"cards_transformed":["Strike_G"],"player_choice":"Transformed","damage_taken":0,"max_hp_gain":0,"max_hp_loss":0,"event_name":"Transmorgrifier","floor":3,"gold_loss":0,"cards_obtained":["Unload"]},{"damage_healed":0,"gold_gain":0,"player_choice":"Searched \u00271\u0027 times","damage_taken":0,"max_hp_gain":0,"max_hp_loss":0,"event_name":"Dead Adventurer","floor":12,"gold_loss":0}],"is_beta":false,"boss_relics":[],"items_purged_floors":[],"is_endless":false,"potions_floor_spawned":[4,5,12,13],"killed_by":"Slime Boss","ascension_level":20}