{"gold_per_floor":[109,125,50,62,72,72,85,85,85,110,130,143,143,170,170,245,245,255,180,191,191,18,18,45,45,122,141,169,169,183,33,33,106,106,116,127,127,227,243,243,276,276,303,332,332,332,349,374,374,374,374,374,18,50,50],"floor_reached":55,"playtime":4502,"items_purged":["Strike_G","Defend_G","Calculated Gamble"],"score":1216,"play_id":"a3dae42d-dfe7-474e-9803-391fe6a5d388","local_time":"20190714103845","is_ascension_mode":true,"campfire_choices":[{"data":"Cloak And Dagger","floor":6,"key":"SMITH"},{"floor":13,"key":"REST"},{"data":"Blur","floor":15,"key":"SMITH"},{"data":"Burst","floor":23,"key":"SMITH"},{"data":"Deflect","floor":25,"key":"SMITH"},{"floor":29,"key":"REST"},{"data":"Backflip","floor":32,"key":"SMITH"},{"data":"Infinite Blades","floor":40,"key":"SMITH"},{"floor":42,"key":"REST"},{"floor":45,"key":"REST"},{"floor":49,"key":"RECALL"},{"data":"Backflip","floor":52,"key":"SMITH"}],"neow_cost":"NONE","seed_source_timestamp":53149306979108,"circlet_count":0,"master_deck":["AscendersBane","Defend_G","Survivor","Neutralize","Choke","Deflect+1","Cloak And Dagger+1","Dash","Backflip+1","Die Die Die","Blur+1","Backflip+1","Burst+1","Endless Agony","Grand Finale","Blade Dance","Well Laid Plans","Die Die Die","Acrobatics+1","Eviscerate+1","A Thousand Cuts+1","Infinite Blades+1","Bandage Up"],"relics":["Ring of the Snake","Pear","Bronze Scales","Odd Mushroom","Busted Crown","The Specimen","Tiny Chest","Oddly Smooth Stone","Anchor","Astrolabe","Prayer Wheel","Gremlin Horn","Smiling Mask","Mercury Hourglass","Boot","Kunai","Snake Skull"],"potions_floor_usage":[5,28,33,41,50,54,55],"damage_taken":[{"damage":0,"enemies":"Cultist","floor":1,"turns":5},{"damage":6,"enemies":"Jaw Worm","floor":2,"turns":7},{"damage":0,"enemies":"2 Louse","floor":4,"turns":4},{"damage":0,"enemies":"Looter","floor":5,"turns":4},{"damage":3,"enemies":"Large Slime","floor":7,"turns":8},{"damage":22,"enemies":"Lagavulin","floor":10,"turns":9},{"damage":4,"enemies":"Exordium Wildlife","floor":11,"turns":5},{"damage":0,"enemies":"Lots of Slimes","floor":12,"turns":1},{"damage":6,"enemies":"The Mushroom Lair","floor":14,"turns":4},{"damage":45,"enemies":"Hexaghost","floor":16,"turns":15},{"damage":0,"enemies":"Shell Parasite","floor":18,"turns":6},{"damage":8,"enemies":"Spheric Guardian","floor":20,"turns":6},{"damage":10,"enemies":"Book of Stabbing","floor":24,"turns":6},{"damage":0,"enemies":"Snake Plant","floor":27,"turns":3},{"damage":7,"enemies":"Gremlin Leader","floor":28,"turns":10},{"damage":0,"enemies":"3 Cultists","floor":30,"turns":3},{"damage":31,"enemies":"Collector","floor":33,"turns":12},{"damage":0,"enemies":"3 Darklings","floor":35,"turns":4},{"damage":3,"enemies":"Orb Walker","floor":36,"turns":3},{"damage":0,"enemies":"Mind Bloom Boss Battle","floor":38,"turns":6},{"damage":4,"enemies":"Maw","floor":39,"turns":7},{"damage":25,"enemies":"Giant Head","floor":41,"turns":9},{"damage":25,"enemies":"Reptomancer","floor":44,"turns":7},{"damage":0,"enemies":"Jaw Worm Horde","floor":47,"turns":4},{"damage":18,"enemies":"Awakened One","floor":50,"turns":15},{"damage":56,"enemies":"Shield and Spear","floor":54,"turns":6},{"damage":38,"enemies":"The Heart","floor":55,"turns":5}],"seed_played":"1980906788418107731","potions_obtained":[{"floor":2,"key":"SkillPotion"},{"floor":5,"key":"GhostInAJar"},{"floor":7,"key":"GhostInAJar"},{"floor":30,"key":"Dexterity Potion"},{"floor":33,"key":"Explosive Potion"},{"floor":38,"key":"FearPotion"},{"floor":41,"key":"Energy Potion"},{"floor":54,"key":"Explosive Potion"}],"is_trial":false,"path_per_floor":["M","M","$","M","M","R","M","?","T","E","M","M","R","?","R","B",null,"M","?","M","?","$","R","E","R","T","M","E","R","M","$","R","B",null,"M","M","T","?","M","R","E","R","T","E","R","?","M","T","R","B",null,"R","$","E","B"],"character_chosen":"THE_SILENT","items_purchased":["Well Laid Plans","Anchor","Kunai","Block Potion"],"campfire_rested":4,"item_purchase_floors":[22,31,53,53],"current_hp_per_floor":[59,53,53,53,53,53,50,55,65,43,39,39,63,57,57,12,64,64,64,56,56,56,56,46,46,46,46,39,63,63,63,63,32,69,69,66,66,66,62,62,37,61,61,36,60,60,64,64,64,50,73,73,73,21,0],"gold":50,"neow_bonus":"TRANSFORM_CARD","is_prod":false,"is_daily":false,"chose_seed":false,"campfire_upgraded":7,"win_rate":0,"timestamp":1563115125,"path_taken":["M","?","$","M","M","R","M","?","T","E","M","M","R","?","R","BOSS","M","?","M","?","$","R","E","R","T","M","E","R","M","?","R","BOSS","M","?","?","?","M","R","E","R","T","E","R","?","M","?","R","BOSS","R","$","E","BOSS"],"build_version":"2019-07-05","purchased_purges":3,"victory":false,"max_hp_per_floor":[66,66,66,66,66,66,66,71,81,81,81,81,81,81,81,81,81,81,81,81,81,81,81,81,81,81,81,81,81,81,81,81,81,81,81,81,81,81,81,81,81,81,81,81,81,81,81,81,81,81,81,81,81,81,81],"card_choices":[{"not_picked":["Dagger Spray","Dagger Throw"],"picked":"Deflect","floor":1},{"not_picked":["Dodge and Roll","Quick Slash"],"picked":"Cloak And Dagger","floor":2},{"not_picked":["Dagger Throw","Quick Slash"],"picked":"Dash","floor":4},{"not_picked":["Expertise","Slice"],"picked":"Backflip","floor":5},{"not_picked":["Poisoned Stab","Cloak And Dagger","Deflect"],"picked":"SKIP","floor":7},{"not_picked":["Tactician","Finisher"],"picked":"Die Die Die","floor":10},{"not_picked":["Blade Dance","Flying Knee"],"picked":"Blur","floor":11},{"not_picked":["Eviscerate","Quick Slash","Catalyst"],"picked":"SKIP","floor":12},{"not_picked":["Slice","Underhanded Strike"],"picked":"Backflip","floor":14},{"not_picked":["After Image","Die Die Die"],"picked":"Burst","floor":16},{"not_picked":["Quick Slash"],"picked":"SKIP","floor":18},{"not_picked":[],"picked":"Endless Agony","floor":20},{"not_picked":[],"picked":"Calculated Gamble","floor":24},{"not_picked":["Cloak And Dagger"],"picked":"SKIP","floor":27},{"not_picked":["Poisoned Stab"],"picked":"SKIP","floor":28},{"not_picked":["Underhanded Strike"],"picked":"SKIP","floor":30},{"not_picked":[],"picked":"Die Die Die","floor":33},{"not_picked":["Crippling Poison"],"picked":"SKIP","floor":35},{"not_picked":["Dagger Spray"],"picked":"SKIP","floor":36},{"not_picked":[],"picked":"Infinite Blades","floor":39},{"not_picked":["Caltrops+1"],"picked":"SKIP","floor":39},{"not_picked":["Concentrate"],"picked":"SKIP","floor":41},{"not_picked":["Concentrate"],"picked":"SKIP","floor":44},{"not_picked":[],"picked":"Bandage Up","floor":46},{"not_picked":["Slice"],"picked":"SKIP","floor":47},{"not_picked":["Outmaneuver"],"picked":"SKIP","floor":47},{"not_picked":["Distraction"],"picked":"SKIP","floor":54}],"player_experience":528738,"relics_obtained":[{"floor":9,"key":"Pear"},{"floor":10,"key":"Bronze Scales"},{"floor":14,"key":"Odd Mushroom"},{"floor":24,"key":"The Specimen"},{"floor":26,"key":"Tiny Chest"},{"floor":28,"key":"Oddly Smooth Stone"},{"floor":38,"key":"Prayer Wheel"},{"floor":41,"key":"Gremlin Horn"},{"floor":43,"key":"Smiling Mask"},{"floor":44,"key":"Mercury Hourglass"},{"floor":48,"key":"Boot"},{"floor":54,"key":"Snake Skull"}],"event_choices":[{"damage_healed":0,"gold_gain":0,"player_choice":"Donut","damage_taken":0,"max_hp_gain":5,"max_hp_loss":0,"event_name":"Big Fish","floor":8,"gold_loss":0},{"damage_healed":0,"gold_gain":0,"player_choice":"Fought Mushrooms","damage_taken":0,"max_hp_gain":0,"max_hp_loss":0,"event_name":"Mushrooms","floor":14,"gold_loss":0},{"cards_removed":["Strike_G"],"damage_healed":0,"gold_gain":0,"player_choice":"Gave Gold","damage_taken":0,"max_hp_gain":0,"max_hp_loss":0,"event_name":"Beggar","floor":19,"gold_loss":75},{"damage_healed":0,"gold_gain":0,"cards_transformed":["Strike_G","Strike_G"],"player_choice":"Became Test Subject","damage_taken":0,"max_hp_gain":0,"max_hp_loss":0,"event_name":"Drug Dealer","floor":21,"gold_loss":0,"cards_obtained":["Grand Finale","Blade Dance"]},{"damage_healed":0,"gold_gain":0,"player_choice":"Fight","damage_taken":0,"max_hp_gain":0,"max_hp_loss":0,"event_name":"MindBloom","floor":38,"gold_loss":0},{"damage_healed":0,"gold_gain":0,"player_choice":"Memory 1","damage_taken":0,"max_hp_gain":0,"max_hp_loss":0,"event_name":"SensoryStone","floor":46,"gold_loss":0}],"is_beta":false,"boss_relics":[{"not_picked":["Runic Pyramid","Coffee Dripper"],"picked":"Busted Crown"},{"not_picked":["Cursed Key","White Beast Statue"],"picked":"Astrolabe"}],"items_purged_floors":[3,22,53],"is_endless":false,"potions_floor_spawned":[2,5,7,11,14,16,18,30,33,38,41,44,54],"killed_by":"The Heart","ascension_level":14}