{"gold_per_floor":[113,130,142,162,173,206,206,206,206,217,217,236,271,290,290,392,392,406,321,331,349,23,23,48,66,66,66,78,78,103,118,118,214,214,227,127,172,172,182,182,209,209,209,209,209],"floor_reached":46,"playtime":3705,"items_purged":["Rage","Strike_R"],"score":727,"play_id":"ca73797e-5237-4b54-b19c-a8179e02a13d","local_time":"20180624233803","is_ascension_mode":false,"campfire_choices":[{"data":"Flame Barrier","floor":7,"key":"SMITH"},{"data":"Rampage","floor":11,"key":"SMITH"},{"floor":15,"key":"REST"},{"data":"Flame Barrier","floor":23,"key":"SMITH"},{"floor":27,"key":"REST"},{"data":"Barricade","floor":29,"key":"SMITH"},{"data":"Metallicize","floor":32,"key":"SMITH"},{"data":"Metallicize","floor":40,"key":"SMITH"},{"data":"Strike_R","floor":42,"key":"PURGE"}],"neow_cost":"NONE","seed_source_timestamp":631830902867661,"circlet_count":0,"master_deck":["Strike_R","Strike_R","Strike_R","Defend_R","Defend_R","Defend_R","Defend_R","Bash","Flame Barrier+1","Rampage+1","Body Slam","Uppercut","Body Slam","Metallicize+1","Flame Barrier+1","Barricade+1","Iron Wave+1","Burning Pact+1","Metallicize+1","Enlightenment","Flame Barrier+1","Rampage+1","Bludgeon","Iron Wave+1","Headbutt"],"relics":["Snecko Eye","Mango","Pear","Ginger","Incense Burner","Velvet Choker","Orichalcum","Meat on the Bone","Ancient Tea Set","Blood Vial","Coffee Dripper","Peace Pipe","Ornamental Fan","Bronze Scales","Toxic Egg 2"],"potions_floor_usage":[6,13,16,16,30,45,45,45],"damage_taken":[{"damage":0,"enemies":"2 Louse","floor":1,"turns":3},{"damage":5,"enemies":"Small Slimes","floor":2,"turns":2},{"damage":1,"enemies":"Cultist","floor":3,"turns":3},{"damage":10,"enemies":"3 Louse","floor":4,"turns":4},{"damage":3,"enemies":"2 Fungi Beasts","floor":5,"turns":4},{"damage":3,"enemies":"Lagavulin","floor":6,"turns":4},{"damage":0,"enemies":"Blue Slaver","floor":10,"turns":3},{"damage":0,"enemies":"Lots of Slimes","floor":12,"turns":3},{"damage":19,"enemies":"3 Sentries","floor":13,"turns":4},{"damage":5,"enemies":"3 Louse","floor":14,"turns":3},{"damage":8,"enemies":"The Guardian","floor":16,"turns":8},{"damage":0,"enemies":"Spheric Guardian","floor":18,"turns":4},{"damage":0,"enemies":"Shell Parasite","floor":20,"turns":4},{"damage":4,"enemies":"Cultist and Chosen","floor":21,"turns":6},{"damage":12,"enemies":"Book of Stabbing","floor":24,"turns":5},{"damage":11,"enemies":"Snake Plant","floor":25,"turns":4},{"damage":0,"enemies":"Chosen and Byrds","floor":28,"turns":4},{"damage":7,"enemies":"Gremlin Leader","floor":30,"turns":5},{"damage":0,"enemies":"Sentry and Sphere","floor":31,"turns":5},{"damage":5,"enemies":"Automaton","floor":33,"turns":11},{"damage":0,"enemies":"3 Darklings","floor":35,"turns":5},{"damage":0,"floor":37,"turns":6},{"damage":0,"enemies":"Orb Walker","floor":39,"turns":3},{"damage":0,"enemies":"Giant Head","floor":41,"turns":5},{"damage":13,"enemies":"Donu and Deca","floor":45,"turns":10}],"seed_played":"2444915786238453801","potions_obtained":[{"floor":2,"key":"Explosive Potion"},{"floor":5,"key":"Weak Potion"},{"floor":6,"key":"Poison Potion"},{"floor":10,"key":"AttackPotion"},{"floor":13,"key":"Swift Potion"},{"floor":18,"key":"Block Potion"},{"floor":21,"key":"Dexterity Potion"},{"floor":28,"key":"Poison Potion"},{"floor":31,"key":"Regen Potion"},{"floor":39,"key":"Block Potion"},{"floor":41,"key":"AttackPotion"}],"is_trial":false,"path_per_floor":["M","M","M","M","M","E","R","?","T","M","R","M","E","M","R","B",null,"M","?","M","M","$","R","E","M","T","R","M","R","E","M","R","B",null,"M","$","?","T","M","R","E","R","T","?","B"],"character_chosen":"IRONCLAD","items_purchased":["Metallicize","Enlightenment"],"campfire_rested":2,"item_purchase_floors":[22,22],"current_hp_per_floor":[80,75,74,64,61,72,72,82,82,82,82,82,63,58,89,81,104,104,104,104,100,100,100,88,77,77,104,104,104,97,99,99,96,104,104,104,104,104,104,104,104,104,104,104,91],"gold":209,"neow_bonus":"BOSS_RELIC","is_prod":false,"is_daily":false,"chose_seed":false,"campfire_upgraded":6,"win_rate":0.0,"timestamp":1529897883,"path_taken":["M","M","M","M","M","E","R","?","T","M","R","?","E","M","R","BOSS","M","?","M","M","$","R","E","?","T","R","M","R","E","M","R","BOSS","M","?","?","?","M","R","E","R","T","?","BOSS"],"build_version":"2018-06-21v2","purchased_purges":2,"victory":true,"max_hp_per_floor":[80,80,80,80,80,94,94,104,104,104,104,104,104,104,104,104,104,104,104,104,104,104,104,104,104,104,104,104,104,104,104,104,104,104,104,104,104,104,104,104,104,104,104,104,104],"card_choices":[{"not_picked":["Thunderclap","Dual Wield"],"picked":"Flame Barrier","floor":1},{"not_picked":["Clothesline","Battle Trance"],"picked":"Rampage","floor":2},{"not_picked":["Pommel Strike","Shrug It Off"],"picked":"Body Slam","floor":3},{"not_picked":["Sever Soul","Reaper","Burning Pact"],"picked":"SKIP","floor":4},{"not_picked":["Cleave","Armaments"],"picked":"Uppercut","floor":5},{"not_picked":["Spot Weakness","Perfected Strike"],"picked":"Body Slam","floor":6},{"not_picked":["Twin Strike","Combust"],"picked":"Rage","floor":10},{"not_picked":["Shockwave","Cleave"],"picked":"Metallicize","floor":12},{"not_picked":["Rage","Twin Strike"],"picked":"Flame Barrier","floor":13},{"not_picked":["Perfected Strike","Combust","Sever Soul"],"picked":"SKIP","floor":14},{"not_picked":["Double Tap","Juggernaut"],"picked":"Barricade","floor":16},{"not_picked":["Sever Soul+1","Clothesline+1"],"picked":"Iron Wave+1","floor":18},{"not_picked":["Inflame","Reckless Charge","Heavy Blade+1"],"picked":"SKIP","floor":20},{"not_picked":["True Grit","Intimidate+1"],"picked":"Burning Pact+1","floor":21},{"not_picked":["Sever Soul+1","Pommel Strike","Iron Wave"],"picked":"SKIP","floor":24},{"not_picked":["Flex+1","Rampage"],"picked":"Flame Barrier+1","floor":25},{"not_picked":["Heavy Blade","Shrug It Off"],"picked":"Rampage+1","floor":28},{"not_picked":["Blood for Blood","Fire Breathing+1"],"picked":"Bludgeon","floor":30},{"not_picked":["Fire Breathing","Clash","Anger+1"],"picked":"SKIP","floor":31},{"not_picked":["Corruption+1","Wild Strike"],"picked":"Iron Wave+1","floor":35},{"not_picked":["Sword Boomerang+1","Disarm+1"],"picked":"Headbutt","floor":37},{"not_picked":["Twin Strike","Spot Weakness+1","Cleave"],"picked":"SKIP","floor":39},{"not_picked":["Searing Blow","Berserk","Clothesline"],"picked":"SKIP","floor":41}],"player_experience":33172,"relics_obtained":[{"floor":6,"key":"Mango"},{"floor":9,"key":"Ginger"},{"floor":13,"key":"Incense Burner"},{"floor":24,"key":"Meat on the Bone"},{"floor":26,"key":"Ancient Tea Set"},{"floor":30,"key":"Blood Vial"},{"floor":37,"key":"Peace Pipe"},{"floor":38,"key":"Ornamental Fan"},{"floor":41,"key":"Bronze Scales"},{"floor":43,"key":"Toxic Egg 2"}],"event_choices":[{"event_name":"Dead Adventurer","player_choice":"Searched \u00272\u0027 times","floor":8,"damage_taken":0},{"event_name":"Addict","player_choice":"Obtained Relic","floor":19,"damage_taken":0},{"event_name":"Mysterious Sphere","player_choice":"Fight","floor":37,"damage_taken":0},{"event_name":"SecretPortal","player_choice":"Took Portal.","floor":44,"damage_taken":0}],"boss_relics":[{"not_picked":["Tiny House","Philosopher\u0027s Stone"],"picked":"Velvet Choker"},{"not_picked":["Fusion Hammer","Empty Cage"],"picked":"Coffee Dripper"}],"items_purged_floors":[22,36],"is_endless":false,"potions_floor_spawned":[2,5,6,10,13,18,21,28,31,39,41],"ascension_level":0}