{"gold_per_floor":[116,116,116,135,135,163,180,180,180,2,29,39,39,65,65,164,164,179,197,44,59,37,37,62,62,62,91,91,91,101,26,26,126,126,142,67,78,78,40,40],"floor_reached":40,"playtime":2169,"items_purged":["Strike_B"],"score":594,"play_id":"c50705ff-c1b6-4ee2-b417-2b172d3ab71a","local_time":"20190511170434","is_ascension_mode":true,"campfire_choices":[{"floor":8,"key":"REST"},{"data":"Zap","floor":13,"key":"SMITH"},{"data":"Streamline","floor":15,"key":"SMITH"},{"floor":23,"key":"RECALL"},{"floor":25,"key":"REST"},{"floor":29,"key":"REST"},{"floor":32,"key":"REST"}],"neow_cost":"NONE","seed_source_timestamp":71794766181135,"circlet_count":0,"master_deck":["Defend_B+1","Defend_B+1","Zap+1","Rebound","Streamline+1","FTL","Go for the Eyes","Self Repair","Core Surge","FTL","All For One","Go for the Eyes","Go for the Eyes","Aggregate","Seek","Streamline+1","Impatience","Madness","Madness","Gash"],"relics":["Runic Dome","The Courier","Torii","Orichalcum","Ancient Tea Set","Sundial","Fusion Hammer","DollysMirror","Regal Pillow","Lantern","Empty Cage"],"potions_floor_usage":[11,21,27,27,33,37],"damage_taken":[{"damage":4,"enemies":"2 Louse","floor":1,"turns":3},{"damage":0,"enemies":"Small Slimes","floor":4,"turns":3},{"damage":20,"enemies":"Lagavulin","floor":6,"turns":6},{"damage":0,"enemies":"Cultist","floor":7,"turns":2},{"damage":9,"enemies":"3 Sentries","floor":11,"turns":6},{"damage":1,"enemies":"Exordium Wildlife","floor":12,"turns":4},{"damage":2,"enemies":"Lagavulin","floor":14,"turns":5},{"damage":3,"enemies":"The Guardian","floor":16,"turns":9},{"damage":1,"enemies":"Spheric Guardian","floor":18,"turns":3},{"damage":1,"enemies":"Chosen","floor":19,"turns":4},{"damage":3,"enemies":"3 Cultists","floor":21,"turns":5},{"damage":7,"enemies":"Book of Stabbing","floor":24,"turns":5},{"damage":38,"enemies":"Slavers","floor":27,"turns":6},{"damage":16,"enemies":"Snecko","floor":30,"turns":5},{"damage":45,"enemies":"Champ","floor":33,"turns":11},{"damage":14,"enemies":"3 Shapes","floor":35,"turns":8},{"damage":39,"enemies":"3 Darklings","floor":37,"turns":4},{"damage":27,"enemies":"Nemesis","floor":40,"turns":2}],"seed_played":"-3352806563323173265","potions_obtained":[{"floor":1,"key":"PowerPotion"},{"floor":7,"key":"GamblersBrew"},{"floor":11,"key":"Weak Potion"},{"floor":16,"key":"Strength Potion"},{"floor":27,"key":"EssenceOfSteel"},{"floor":30,"key":"SneckoOil"},{"floor":33,"key":"LiquidBronze"},{"floor":35,"key":"AttackPotion"}],"is_trial":false,"path_per_floor":["M","?","?","M","?","E","M","R","T","$","E","M","R","E","R","B",null,"M","M","$","M","$","R","E","R","T","E","?","R","M","?","R","B",null,"M","$","M","?","$","E"],"character_chosen":"DEFECT","items_purchased":["Orichalcum","DollysMirror","Go for the Eyes","Impatience","Gash"],"campfire_rested":4,"item_purchase_floors":[10,20,22,36,39],"current_hp_per_floor":[64,57,42,42,42,22,22,44,44,44,35,41,41,46,46,50,69,75,75,75,75,75,75,75,75,75,44,44,75,66,66,75,37,66,59,59,27,18,18,0],"gold":40,"neow_bonus":"BOSS_RELIC","is_prod":false,"is_daily":false,"chose_seed":false,"campfire_upgraded":2,"win_rate":0,"timestamp":1557608674,"path_taken":["M","?","?","M","?","E","M","R","T","$","E","M","R","E","R","BOSS","M","M","?","M","$","R","E","R","T","E","?","R","?","?","R","BOSS","M","$","M","?","$","E"],"build_version":"2019-01-23","purchased_purges":1,"victory":false,"max_hp_per_floor":[75,75,75,75,75,75,75,75,75,75,75,75,75,75,75,75,75,75,75,75,75,75,75,75,75,75,75,75,75,75,75,75,75,75,75,75,75,75,75,75],"card_choices":[{"not_picked":["Double Energy","Redo"],"picked":"Rebound","floor":1},{"not_picked":["Hello World","Sweeping Beam"],"picked":"Streamline","floor":4},{"not_picked":["Go for the Eyes","Rebound"],"picked":"FTL","floor":6},{"not_picked":["Redo","Conserve Battery"],"picked":"Go for the Eyes","floor":7},{"not_picked":["Recycle","Capacitor"],"picked":"Self Repair","floor":11},{"not_picked":["Stack","Hello World","Reprogram"],"picked":"SKIP","floor":12},{"not_picked":["Undo","Static Discharge","Conserve Battery"],"picked":"SKIP","floor":14},{"not_picked":["Rainbow","Meteor Strike"],"picked":"Core Surge","floor":16},{"not_picked":["Compile Driver","Aggregate","Cold Snap+1"],"picked":"SKIP","floor":18},{"not_picked":["Streamline","Loop","Leap"],"picked":"SKIP","floor":19},{"not_picked":["Redo+1","Turbo"],"picked":"All For One","floor":21},{"not_picked":["Blizzard","Undo"],"picked":"Go for the Eyes","floor":24},{"not_picked":["Reprogram","Redo","Scrape"],"picked":"SKIP","floor":27},{"not_picked":["Redo","Loop+1","Storm"],"picked":"SKIP","floor":30},{"not_picked":["Fission","Machine Learning"],"picked":"Seek","floor":33},{"not_picked":["Coolheaded+1","Sweeping Beam"],"picked":"Streamline+1","floor":35},{"not_picked":["Redo+1","Compile Driver+1","Barrage+1"],"picked":"SKIP","floor":37}],"player_experience":280814,"relics_obtained":[{"floor":6,"key":"The Courier"},{"floor":9,"key":"Torii"},{"floor":11,"key":"Ancient Tea Set"},{"floor":14,"key":"Sundial"},{"floor":24,"key":"Regal Pillow"},{"floor":27,"key":"Lantern"}],"event_choices":[{"cards_removed":["Strike_B"],"damage_healed":0,"gold_gain":0,"player_choice":"Card Removal","damage_taken":7,"max_hp_gain":0,"max_hp_loss":0,"event_name":"Golden Wing","floor":2,"gold_loss":0},{"damage_healed":0,"gold_gain":0,"player_choice":"Entered Light","damage_taken":15,"max_hp_gain":0,"max_hp_loss":0,"event_name":"Shining Light","floor":3,"gold_loss":0,"cards_upgraded":["Defend_B","Defend_B"]},{"cards_removed":["Dualcast"],"damage_healed":0,"gold_gain":0,"player_choice":"Offered Basic","damage_taken":0,"max_hp_gain":0,"max_hp_loss":0,"event_name":"Bonfire Elementals","floor":5,"gold_loss":0},{"damage_healed":0,"gold_gain":0,"cards_transformed":["Strike_B"],"player_choice":"Transformed","damage_taken":0,"max_hp_gain":0,"max_hp_loss":0,"event_name":"Transmorgrifier","floor":28,"gold_loss":0,"cards_obtained":["Aggregate"]},{"cards_removed":["Defend_B"],"damage_healed":0,"gold_gain":0,"player_choice":"Gave Gold","damage_taken":0,"max_hp_gain":0,"max_hp_loss":0,"event_name":"Beggar","floor":31,"gold_loss":75},{"damage_healed":0,"gold_gain":0,"player_choice":"Embrace Madness","damage_taken":9,"max_hp_gain":0,"max_hp_loss":0,"event_name":"Winding Halls","floor":38,"gold_loss":0,"cards_obtained":["Madness","Madness"]}],"is_beta":false,"boss_relics":[{"not_picked":["Runic Pyramid","Snecko Eye"],"picked":"Fusion Hammer"},{"not_picked":["Pandora\u0027s Box","Coffee Dripper"],"picked":"Empty Cage"}],"items_purged_floors":[10],"is_endless":false,"potions_floor_spawned":[1,7,11,16,27,30,33,35],"killed_by":"Nemesis","ascension_level":7}