{"gold_per_floor":[110,110,123,135,135,135,162,162,162,162,162],"floor_reached":11,"playtime":300,"items_purged":[],"score":142,"play_id":"21824889-8323-455c-9036-72dddea1a753","local_time":"20181128220518","is_ascension_mode":true,"campfire_choices":[{"data":"Neutralize","floor":6,"key":"SMITH"},{"data":"Deadly Poison","floor":8,"key":"SMITH"},{"data":"Finisher","floor":10,"key":"SMITH"}],"neow_cost":"NONE","seed_source_timestamp":292135647613740,"circlet_count":0,"master_deck":["AscendersBane","Defend_G","Defend_G","Defend_G","Defend_G","Defend_G","Strike_G","Strike_G","Strike_G","Strike_G","Survivor","Neutralize+1","Dagger Spray","Dagger Throw","Deadly Poison+1","Finisher+1"],"relics":["Ring of the Snake","NeowsBlessing","Letter Opener","Sundial"],"potions_floor_usage":[7,11],"damage_taken":[{"damage":0,"enemies":"2 Louse","floor":1,"turns":1},{"damage":0,"enemies":"Cultist","floor":3,"turns":1},{"damage":0,"enemies":"Small Slimes","floor":4,"turns":1},{"damage":29,"enemies":"Lagavulin","floor":7,"turns":8},{"damage":37,"enemies":"3 Sentries","floor":11,"turns":10}],"seed_played":"-5064978077852235001","potions_obtained":[{"floor":1,"key":"SpeedPotion"},{"floor":7,"key":"EssenceOfSteel"}],"is_trial":false,"path_per_floor":["M","?","M","M","?","R","E","R","T","R","E"],"character_chosen":"THE_SILENT","items_purchased":[],"campfire_rested":0,"item_purchase_floors":[],"current_hp_per_floor":[59,59,59,59,59,59,30,30,30,30,0],"gold":162,"neow_bonus":"THREE_ENEMY_KILL","is_prod":false,"is_daily":false,"chose_seed":false,"campfire_upgraded":3,"win_rate":0,"timestamp":1543460718,"path_taken":["M","?","?","M","?","R","E","R","T","R","E"],"build_version":"2018-11-15","purchased_purges":0,"victory":false,"max_hp_per_floor":[66,66,66,66,66,66,66,66,66,66,66],"card_choices":[{"not_picked":["Outmaneuver","Deflect"],"picked":"Dagger Spray","floor":1},{"not_picked":["Blade Dance","Outmaneuver"],"picked":"Dagger Throw","floor":3},{"not_picked":["Poisoned Stab","PiercingWail"],"picked":"Deadly Poison","floor":4},{"not_picked":["Doppelganger","Outmaneuver"],"picked":"Finisher","floor":7}],"player_experience":1186831,"relics_obtained":[{"floor":7,"key":"Letter Opener"},{"floor":9,"key":"Sundial"}],"event_choices":[{"cards_removed":["Strike_G"],"damage_healed":0,"gold_gain":0,"player_choice":"Purged","damage_taken":0,"max_hp_gain":0,"max_hp_loss":0,"event_name":"Purifier","floor":2,"gold_loss":0},{"damage_healed":0,"gold_gain":0,"player_choice":"Ignored","damage_taken":0,"max_hp_gain":0,"max_hp_loss":0,"event_name":"Liars Game","floor":5,"gold_loss":0}],"is_beta":false,"boss_relics":[],"items_purged_floors":[],"is_endless":false,"potions_floor_spawned":[1,7],"killed_by":"3 Sentries","ascension_level":20}