{"gold_per_floor":[114,37,112,122,122,122,150,150,224,2,31,31,43,55,55,127,127,143,143,16,28,28,28,44,44],"floor_reached":25,"playtime":885,"items_purged":["Strike_R"],"score":468,"play_id":"07c1227e-bbf7-40f3-9bcc-92637fca1530","local_time":"20190713014259","is_ascension_mode":true,"campfire_choices":[{"data":"Bash","floor":6.0,"key":"SMITH"},{"data":"Spot Weakness","floor":8.0,"key":"SMITH"},{"data":"Feel No Pain","floor":12.0,"key":"SMITH"},{"data":"Pommel Strike","floor":15.0,"key":"SMITH"},{"data":"Limit Break","floor":23,"key":"SMITH"}],"neow_cost":"NONE","seed_source_timestamp":286928644477414,"circlet_count":0,"master_deck":["AscendersBane","Defend_R","Defend_R","Defend_R","Defend_R","Bash+1","Spot Weakness+1","Impervious","Headbutt","Offering","Feel No Pain+1","Pommel Strike+1","Limit Break+1","Evolve+1","Shrug It Off+1","Battle Trance+1","Battle Trance","Corruption","Feel No Pain","Sword Boomerang","Infernal Blade+1"],"special_seed":0,"relics":["Burning Blood","NeowsBlessing","Du-Vu Doll","The Courier","Membership Card","Darkstone Periapt","Astrolabe","Bag of Marbles"],"potions_floor_usage":[],"damage_taken":[{"damage":0.0,"enemies":"2 Louse","floor":1.0,"turns":1.0},{"damage":0.0,"enemies":"Cultist","floor":4.0,"turns":1.0},{"damage":0.0,"enemies":"Gremlin Nob","floor":7.0,"turns":1.0},{"damage":26.0,"enemies":"Lagavulin","floor":11.0,"turns":6.0},{"damage":3.0,"enemies":"Small Slimes","floor":13.0,"turns":4.0},{"damage":9.0,"enemies":"Blue Slaver","floor":14.0,"turns":3.0},{"damage":47.0,"enemies":"The Guardian","floor":16.0,"turns":10.0},{"damage":31.0,"enemies":"Spheric Guardian","floor":18.0,"turns":6.0},{"damage":11.0,"enemies":"Shell Parasite","floor":21.0,"turns":7.0},{"damage":8,"enemies":"Snake Plant","floor":24,"turns":5},{"damage":25,"enemies":"Book of Stabbing","floor":25,"turns":4}],"seed_played":"-3560472109853540119","potions_obtained":[{"floor":1.0,"key":"Ancient Potion"},{"floor":4.0,"key":"Explosive Potion"},{"floor":13.0,"key":"Regen Potion"},{"floor":14.0,"key":"BloodPotion"}],"is_trial":false,"path_per_floor":["M","$","?","M","?","R","E","R","T","$","E","R","M","M","R","B",null,"M","?","$","M","?","R","M","E"],"character_chosen":"IRONCLAD","items_purchased":["Impervious","Membership Card","Corruption","Feel No Pain","Bag of Marbles"],"campfire_rested":0,"item_purchase_floors":[2,10,20,20,20],"current_hp_per_floor":[74,74,63,69,65,65,71,71,71,71,51,51,54,51,51,10,59,52,52,52,47,26,26,24,0],"gold":44,"neow_bonus":"THREE_ENEMY_KILL","is_prod":false,"is_daily":false,"chose_seed":false,"campfire_upgraded":5,"win_rate":0,"timestamp":1562996579,"path_taken":["M","$","?","M","?","R","E","R","T","$","E","R","M","M","R","BOSS","M","?","$","?","?","R","M","E"],"build_version":"2019-07-05","purchased_purges":1,"victory":false,"max_hp_per_floor":[75,75,75,75,75,75,75,75,75,75,75,75,75,75,75,75,75,75,75,75,75,80,80,80,80],"card_choices":[{"not_picked":["Evolve","Twin Strike"],"picked":"Spot Weakness","floor":1.0},{"not_picked":["Ghostly Armor","Warcry"],"picked":"Headbutt","floor":4.0},{"not_picked":["Iron Wave","Shrug It Off"],"picked":"Offering","floor":7.0},{"not_picked":["Thunderclap","Bloodletting"],"picked":"Feel No Pain","floor":11.0},{"not_picked":["Thunderclap","Perfected Strike","Twin Strike"],"picked":"SKIP","floor":13.0},{"not_picked":["Cleave","Rupture"],"picked":"Pommel Strike","floor":14.0},{"not_picked":["Offering","Feed"],"picked":"Limit Break","floor":16.0},{"not_picked":["Wild Strike","Thunderclap","Heavy Blade"],"picked":"SKIP","floor":18.0},{"not_picked":["Havoc","Flex+1"],"picked":"Sword Boomerang","floor":21},{"not_picked":["Havoc","Twin Strike"],"picked":"Infernal Blade+1","floor":24}],"player_experience":1478531,"relics_obtained":[{"floor":7.0,"key":"Du-Vu Doll"},{"floor":9.0,"key":"The Courier"},{"floor":11.0,"key":"Darkstone Periapt"}],"event_choices":[{"damage_healed":0.0,"max_hp_gain":0.0,"max_hp_loss":0.0,"gold_gain":75.0,"event_name":"World of Goop","player_choice":"Gather Gold","floor":3.0,"gold_loss":0.0,"damage_taken":11.0},{"damage_healed":0.0,"max_hp_gain":0.0,"max_hp_loss":0.0,"gold_gain":0.0,"event_name":"The Woman in Blue","player_choice":"Bought 0 Potions","floor":5.0,"gold_loss":0.0,"damage_taken":0.0},{"damage_healed":0.0,"max_hp_gain":0.0,"max_hp_loss":0.0,"gold_gain":0.0,"cards_transformed":["Strike_R"],"event_name":"Transmorgrifier","player_choice":"Transformed","floor":19.0,"gold_loss":0.0,"damage_taken":0.0,"cards_obtained":["Battle Trance"]},{"damage_healed":0,"gold_gain":0,"player_choice":"Shed Blood","damage_taken":26,"max_hp_gain":5,"max_hp_loss":0,"event_name":"Forgotten Altar","floor":22,"gold_loss":0}],"is_beta":false,"boss_relics":[{"not_picked":["Pandora\u0027s Box","Lizard Tail"],"picked":"Astrolabe"}],"items_purged_floors":[10],"is_endless":false,"potions_floor_spawned":[1,4,13,14,16],"killed_by":"Book of Stabbing","ascension_level":20}