{"gold_per_floor":[119,5,5,5,21,52,52,83,110,33,33,53,53,78,78,179,179,165,192,192,28,43,43],"floor_reached":23,"playtime":1013,"items_purged":["Strike_G"],"score":286,"play_id":"b0ac5790-ce66-4073-9792-732e98902fb5","local_time":"20190601145337","is_ascension_mode":true,"campfire_choices":[{"data":"Terror","floor":7,"key":"SMITH"},{"floor":11,"key":"REST"},{"data":"Blur","floor":13,"key":"SMITH"},{"floor":15,"key":"REST"}],"neow_cost":"NONE","seed_source_timestamp":92870785322944,"circlet_count":0,"master_deck":["Defend_G","Defend_G","Defend_G","Defend_G","Defend_G","Strike_G","Strike_G","Strike_G","Strike_G","Survivor","Neutralize+1","Cloak And Dagger+1","Footwork","Terror+1","Blur+1","Footwork","Infinite Blades","Cloak And Dagger","Die Die Die","Deflect","Dagger Spray","J.A.X.","Backflip","Dash","Infinite Blades"],"relics":["Ring of the Snake","NeowsBlessing","Snake Skull","Boot","Ancient Tea Set","Anchor","Fusion Hammer","Red Mask"],"potions_floor_usage":[23],"damage_taken":[{"damage":0,"enemies":"Small Slimes","floor":1,"turns":1},{"damage":0,"enemies":"2 Louse","floor":5,"turns":1},{"damage":0,"enemies":"Gremlin Nob","floor":6,"turns":1},{"damage":51,"enemies":"Lagavulin","floor":8,"turns":12},{"damage":0,"enemies":"Cultist","floor":12,"turns":4},{"damage":41,"enemies":"Slime Boss","floor":16,"turns":16},{"damage":0,"enemies":"2 Thieves","floor":18,"turns":4},{"damage":22,"enemies":"Masked Bandits","floor":19,"turns":6},{"damage":5,"enemies":"Shell Parasite","floor":22,"turns":5},{"damage":30,"enemies":"Gremlin Leader","floor":23,"turns":4}],"seed_played":"-3843976487706086683","potions_obtained":[{"floor":1,"key":"Ancient Potion"},{"floor":16,"key":"EntropicBrew"},{"floor":19,"key":"LiquidBronze"}],"is_trial":false,"path_per_floor":["M","$","?","?","M","E","R","E","T","$","R","M","R","T","R","B",null,"M","?","?","$","M","E"],"character_chosen":"THE_SILENT","items_purchased":["Footwork","Infinite Blades","Backflip","Dash","Infinite Blades"],"campfire_rested":2,"item_purchase_floors":[2,10,21,21,21],"current_hp_per_floor":[63,63,63,63,63,63,63,12,12,12,33,33,33,33,54,13,56,56,34,34,34,29,0],"gold":43,"neow_bonus":"THREE_ENEMY_KILL","is_prod":false,"is_daily":false,"chose_seed":false,"campfire_upgraded":2,"win_rate":0,"timestamp":1559415217,"path_taken":["M","$","?","?","M","E","R","E","T","$","R","?","R","?","R","BOSS","M","?","?","$","M","E"],"build_version":"2019-01-23","purchased_purges":1,"victory":false,"max_hp_per_floor":[70,70,70,70,70,70,70,70,70,70,70,70,70,70,70,70,70,70,70,70,70,70,70],"card_choices":[{"not_picked":["Heel Hook","Underhanded Strike"],"picked":"Cloak And Dagger","floor":1},{"not_picked":["Outmaneuver","Bane"],"picked":"Terror","floor":5},{"not_picked":["PiercingWail","Acrobatics"],"picked":"Blur","floor":6},{"not_picked":["Terror","Dodge and Roll"],"picked":"Footwork","floor":8},{"not_picked":["Quick Slash","Prepared"],"picked":"Cloak And Dagger","floor":12},{"not_picked":["Phantasmal Killer","Venomology"],"picked":"Die Die Die","floor":16},{"not_picked":["Flying Knee","Flechettes"],"picked":"Deflect","floor":18},{"not_picked":["Blur","Poisoned Stab"],"picked":"Dagger Spray","floor":19},{"not_picked":["Poisoned Stab+1","Endless Agony","Dagger Throw"],"picked":"SKIP","floor":22}],"player_experience":350782,"relics_obtained":[{"floor":6,"key":"Snake Skull"},{"floor":8,"key":"Boot"},{"floor":9,"key":"Ancient Tea Set"},{"floor":14,"key":"Anchor"},{"floor":19,"key":"Red Mask"}],"event_choices":[{"damage_healed":0,"gold_gain":0,"player_choice":"Grow","damage_taken":0,"max_hp_gain":0,"max_hp_loss":0,"event_name":"Living Wall","floor":3,"gold_loss":0,"cards_upgraded":["Neutralize"]},{"damage_healed":0,"gold_gain":0,"player_choice":"Forge","damage_taken":0,"max_hp_gain":0,"max_hp_loss":0,"event_name":"Accursed Blacksmith","floor":4,"gold_loss":0,"cards_upgraded":["Cloak And Dagger"]},{"damage_healed":0,"gold_gain":0,"player_choice":"Fought Bandits","damage_taken":0,"max_hp_gain":0,"max_hp_loss":0,"event_name":"Masked Bandits","floor":19,"gold_loss":0},{"damage_healed":0,"gold_gain":0,"player_choice":"Obtain J.A.X.","damage_taken":0,"max_hp_gain":0,"max_hp_loss":0,"event_name":"Drug Dealer","floor":20,"gold_loss":0,"cards_obtained":["J.A.X."]}],"is_beta":false,"boss_relics":[{"not_picked":["Velvet Choker","Sozu"],"picked":"Fusion Hammer"}],"items_purged_floors":[2],"is_endless":false,"potions_floor_spawned":[1,16,19],"killed_by":"Gremlin Leader","ascension_level":6}