{"gold_per_floor":[212,212,226,243,253,253,288,11,85,105,105,123,133,166,166,245,245,264,37,47,47,47,47],"floor_reached":23,"playtime":1018,"items_purged":[],"score":406,"play_id":"06f10477-b546-4c6f-9699-61b21fa7bd46","local_time":"20190514154915","is_ascension_mode":true,"campfire_choices":[{"data":"Crippling Poison","floor":6,"key":"SMITH"},{"floor":11,"key":"REST"},{"floor":15,"key":"REST"},{"floor":23,"key":"DIG"}],"neow_cost":"NONE","seed_source_timestamp":858331795238272,"circlet_count":0,"master_deck":["AscendersBane","Defend_G","Defend_G","Defend_G","Defend_G","Defend_G","Strike_G","Survivor","Neutralize","Backstab","Crippling Poison+1","Dodge and Roll","Well Laid Plans","Corpse Explosion","Footwork","Backflip","Backflip","Calculated Gamble","After Image","Deflect","Flying Knee","Backflip","Unload"],"relics":["Ring of the Snake","Shovel","Juzu Bracelet","Lizard Tail","ClockworkSouvenir","Blue Candle"],"potions_floor_usage":[20],"damage_taken":[{"damage":7,"enemies":"Jaw Worm","floor":1,"turns":5},{"damage":1,"enemies":"Cultist","floor":3,"turns":5},{"damage":4,"enemies":"Small Slimes","floor":4,"turns":4},{"damage":5,"enemies":"Blue Slaver","floor":5,"turns":6},{"damage":40,"enemies":"Gremlin Nob","floor":7,"turns":5},{"damage":0,"enemies":"2 Fungi Beasts","floor":10,"turns":2},{"damage":3,"enemies":"Large Slime","floor":12,"turns":5},{"damage":0,"enemies":"3 Louse","floor":13,"turns":1},{"damage":8,"enemies":"3 Sentries","floor":14,"turns":4},{"damage":22,"enemies":"The Guardian","floor":16,"turns":13},{"damage":32,"enemies":"Chosen","floor":18,"turns":9},{"damage":24,"enemies":"3 Byrds","floor":20,"turns":4}],"seed_played":"7345522023408495384","potions_obtained":[{"floor":3,"key":"LiquidBronze"},{"floor":7,"key":"SpeedPotion"}],"is_trial":false,"path_per_floor":["M","?","M","M","M","R","E","$","T","M","R","M","M","E","R","B",null,"M","$","M","?","?","R"],"character_chosen":"THE_SILENT","items_purchased":["Corpse Explosion","Footwork","Backflip","ClockworkSouvenir"],"campfire_rested":2,"item_purchase_floors":[8,8,8,19],"current_hp_per_floor":[52,52,51,47,42,42,2,2,2,2,21,18,18,10,29,7,51,19,19,29,29,29,29],"gold":47,"neow_bonus":"HUNDRED_GOLD","is_prod":false,"is_daily":false,"chose_seed":false,"campfire_upgraded":1,"win_rate":0,"timestamp":1557863355,"path_taken":["M","?","?","M","M","R","E","$","T","M","R","?","M","E","R","BOSS","M","$","M","?","?","R"],"build_version":"2019-01-23","purchased_purges":0,"victory":false,"max_hp_per_floor":[66,66,66,66,66,66,66,66,66,66,66,66,66,66,66,66,66,66,66,66,66,66,66],"card_choices":[{"not_picked":["Deflect","Dagger Spray"],"picked":"Backstab","floor":1},{"not_picked":["Outmaneuver","Backflip"],"picked":"Crippling Poison","floor":3},{"not_picked":["Dagger Spray","Escape Plan"],"picked":"Dodge and Roll","floor":4},{"not_picked":["Endless Agony","Blade Dance","Distraction"],"picked":"SKIP","floor":5},{"not_picked":["Flying Knee","Backflip"],"picked":"Well Laid Plans","floor":7},{"not_picked":["Bane","Caltrops","Poisoned Stab"],"picked":"SKIP","floor":10},{"not_picked":["Underhanded Strike","Bane"],"picked":"Backflip","floor":12},{"not_picked":["Cloak And Dagger","Quick Slash","Concentrate"],"picked":"SKIP","floor":13},{"not_picked":["Cloak And Dagger","Quick Slash","Concentrate"],"picked":"SKIP","floor":13},{"not_picked":["Tactician","Flechettes"],"picked":"Calculated Gamble","floor":14},{"not_picked":["Venomology","Grand Finale"],"picked":"After Image","floor":16},{"not_picked":["Poisoned Stab","Slice"],"picked":"Deflect","floor":18},{"not_picked":["Poisoned Stab","Sucker Punch","Choke"],"picked":"SKIP","floor":20}],"player_experience":1395885,"relics_obtained":[{"floor":7,"key":"Shovel"},{"floor":14,"key":"Juzu Bracelet"},{"floor":23,"key":"Blue Candle"}],"event_choices":[{"cards_removed":["Strike_G"],"damage_healed":0,"gold_gain":0,"player_choice":"Card Removal","damage_taken":0,"max_hp_gain":0,"max_hp_loss":0,"event_name":"Wheel of Change","floor":2,"gold_loss":0},{"damage_healed":0,"gold_gain":0,"cards_transformed":["Strike_G"],"player_choice":"Transformed","damage_taken":0,"max_hp_gain":0,"max_hp_loss":0,"event_name":"Transmorgrifier","floor":21,"gold_loss":0,"cards_obtained":["Flying Knee"]},{"damage_healed":0,"gold_gain":0,"cards_transformed":["Strike_G","Strike_G"],"player_choice":"Became Test Subject","damage_taken":0,"max_hp_gain":0,"max_hp_loss":0,"event_name":"Drug Dealer","floor":22,"gold_loss":0,"cards_obtained":["Backflip","Unload"]}],"is_beta":false,"boss_relics":[{"not_picked":["Orrery","HoveringKite"],"picked":"Lizard Tail"}],"items_purged_floors":[],"is_endless":false,"potions_floor_spawned":[3,7,12,13,18],"ascension_level":20}