{"gold_per_floor":[113,188,206,223,242,242,260,260,283,307,307,325,325,338,338,338],"floor_reached":16,"playtime":995,"items_purged":[],"score":101,"play_id":"2d74becd-7aa7-4e0d-bbd5-bab373846f3c","local_time":"20190711095127","is_ascension_mode":true,"campfire_choices":[{"floor":6,"key":"RECALL"},{"floor":11,"key":"REST"},{"floor":13,"key":"REST"},{"data":"Rage","floor":15,"key":"SMITH"}],"neow_cost":"NONE","seed_source_timestamp":103648996122851,"circlet_count":0,"master_deck":["Strike_R","Strike_R","Strike_R","Strike_R","Strike_R","Defend_R","Defend_R","Defend_R","Defend_R","Bash","Spot Weakness","Heavy Blade","Seeing Red","Pummel","Headbutt","Reaper","Perfected Strike","Rage+1"],"relics":["Burning Blood","Golden Idol"],"potions_floor_usage":[5,5,10,16],"damage_taken":[{"damage":5,"enemies":"Small Slimes","floor":1,"turns":4},{"damage":9,"enemies":"2 Louse","floor":3,"turns":3},{"damage":6,"enemies":"Jaw Worm","floor":4,"turns":4},{"damage":23,"enemies":"Exordium Thugs","floor":5,"turns":5},{"damage":16,"enemies":"Lots of Slimes","floor":7,"turns":4},{"damage":15,"enemies":"3 Louse","floor":10,"turns":5},{"damage":7,"enemies":"2 Fungi Beasts","floor":12,"turns":3},{"damage":16,"enemies":"Lots of Slimes","floor":14,"turns":4},{"damage":86,"enemies":"The Guardian","floor":16,"turns":9}],"seed_played":"-3742986128131325874","potions_obtained":[{"floor":1,"key":"SkillPotion"},{"floor":3,"key":"GamblersBrew"},{"floor":4,"key":"Strength Potion"},{"floor":7,"key":"Dexterity Potion"}],"is_trial":false,"path_per_floor":["M","?","M","M","M","R","M","?","T","M","R","M","R","M","R","B"],"character_chosen":"IRONCLAD","items_purchased":[],"campfire_rested":2,"item_purchase_floors":[],"current_hp_per_floor":[88,77,74,74,57,57,47,25,25,16,42,49,75,83,83,0],"gold":338,"neow_bonus":"TEN_PERCENT_HP_BONUS","is_prod":false,"is_daily":false,"chose_seed":false,"campfire_upgraded":1,"win_rate":0,"timestamp":1562863887,"path_taken":["M","?","M","M","M","R","M","?","T","M","R","M","R","M","R","BOSS"],"build_version":"2019-07-05","purchased_purges":0,"victory":false,"max_hp_per_floor":[88,88,88,88,88,88,88,88,88,88,88,88,88,88,88,88],"card_choices":[{"not_picked":["Combust","Heavy Blade"],"picked":"Spot Weakness","floor":1},{"not_picked":["Disarm","Sentinel"],"picked":"Heavy Blade","floor":3},{"not_picked":["Wild Strike","Havoc"],"picked":"Seeing Red","floor":4},{"not_picked":["Metallicize","Clash"],"picked":"Pummel","floor":5},{"not_picked":["Havoc","Burning Pact"],"picked":"Headbutt","floor":7},{"not_picked":["Headbutt","Thunderclap"],"picked":"Reaper","floor":10},{"not_picked":["Headbutt","Entrench"],"picked":"Perfected Strike","floor":12},{"not_picked":["Intimidate","Sword Boomerang"],"picked":"Rage","floor":14}],"player_experience":272374,"relics_obtained":[],"event_choices":[{"damage_healed":0,"gold_gain":75,"player_choice":"Gather Gold","damage_taken":11,"max_hp_gain":0,"max_hp_loss":0,"event_name":"World of Goop","floor":2,"gold_loss":0},{"damage_healed":0,"gold_gain":0,"player_choice":"Take Damage","damage_taken":22,"relics_obtained":["Golden Idol"],"max_hp_gain":0,"max_hp_loss":0,"event_name":"Golden Idol","floor":8,"gold_loss":0}],"is_beta":false,"boss_relics":[],"items_purged_floors":[],"is_endless":false,"potions_floor_spawned":[1,3,4,7],"killed_by":"The Guardian","ascension_level":1}