{"gold_per_floor":[115,37,37,48,63,63,73,107,107,107,32,32,65,13,13,13],"floor_reached":16,"playtime":459,"items_purged":["Decay"],"score":216,"play_id":"48c3cf80-812d-4066-97bc-6fea8e19ba39","local_time":"20181118225522","is_ascension_mode":true,"campfire_choices":[{"data":"Combust","floor":6,"key":"SMITH"},{"data":"Body Slam","floor":10,"key":"SMITH"},{"floor":12,"key":"REST"},{"floor":15,"key":"REST"}],"neow_cost":"NONE","seed_source_timestamp":385197613956921,"circlet_count":0,"master_deck":["AscendersBane","Strike_R","Strike_R","Strike_R","Strike_R","Strike_R","Defend_R","Defend_R","Defend_R","Defend_R","Bash","Shrug It Off","Combust+1","Combust","Clothesline","Body Slam+1","Reaper","Shrug It Off"],"relics":["Burning Blood","Red Skull","Question Card","Mummified Hand","Gremlin Horn"],"potions_floor_usage":[],"damage_taken":[{"damage":10,"enemies":"Small Slimes","floor":1,"turns":5},{"damage":11,"enemies":"Cultist","floor":4,"turns":4},{"damage":7,"enemies":"2 Louse","floor":5,"turns":2},{"damage":23,"enemies":"Exordium Thugs","floor":7,"turns":4},{"damage":30,"enemies":"Lagavulin","floor":8,"turns":7},{"damage":26,"enemies":"3 Sentries","floor":13,"turns":5},{"damage":42,"enemies":"The Guardian","floor":16,"turns":6}],"seed_played":"-339313270676219736","potions_obtained":[{"floor":7,"key":"LiquidBronze"},{"floor":8,"key":"SteroidPotion"}],"is_trial":false,"path_per_floor":["M","$","?","M","M","R","M","E","T","R","$","R","E","$","R","B"],"character_chosen":"IRONCLAD","items_purchased":["Combust","Shrug It Off"],"campfire_rested":2,"item_purchase_floors":[2,14],"current_hp_per_floor":[64,64,64,59,58,58,41,17,17,17,17,39,19,19,41,0],"gold":13,"neow_bonus":"RANDOM_COMMON_RELIC","is_prod":false,"is_daily":false,"chose_seed":false,"campfire_upgraded":2,"win_rate":0,"timestamp":1542599722,"path_taken":["M","$","?","?","M","R","M","E","T","R","$","R","E","?","R","BOSS"],"build_version":"2018-11-15","purchased_purges":1,"victory":false,"max_hp_per_floor":[75,75,75,75,75,75,75,75,75,75,75,75,75,75,75,75],"card_choices":[{"not_picked":["Twin Strike","Body Slam"],"picked":"Shrug It Off","floor":1},{"not_picked":["Armaments","Clothesline"],"picked":"Combust","floor":4},{"not_picked":["Wild Strike","Sword Boomerang"],"picked":"Clothesline","floor":5},{"not_picked":["Carnage","Wild Strike"],"picked":"Body Slam","floor":7},{"not_picked":["Headbutt","Rage","Pommel Strike"],"picked":"SKIP","floor":8},{"not_picked":["Flex","Sword Boomerang","Flame Barrier"],"picked":"Reaper","floor":13}],"player_experience":1108595,"relics_obtained":[{"floor":8,"key":"Question Card"},{"floor":9,"key":"Mummified Hand"},{"floor":13,"key":"Gremlin Horn"}],"event_choices":[{"damage_healed":0,"gold_gain":0,"player_choice":"Cursed","damage_taken":0,"max_hp_gain":0,"max_hp_loss":0,"event_name":"Wheel of Change","floor":3,"gold_loss":0,"cards_obtained":["Decay"]}],"is_beta":false,"boss_relics":[],"items_purged_floors":[11],"is_endless":false,"potions_floor_spawned":[7,8],"killed_by":"The Guardian","ascension_level":20}