{"gold_per_floor":[116,133,146,158,158,192,192,192,216,236,256,272,285,285,285,285],"floor_reached":16,"playtime":432,"items_purged":[],"score":130,"play_id":"66feab04-a2df-4e15-9674-a24b56c449d5","local_time":"20180804222318","is_ascension_mode":false,"campfire_choices":[{"floor":7,"key":"REST"},{"floor":15,"key":"REST"}],"neow_cost":"NONE","seed_source_timestamp":293970129861978,"circlet_count":0,"master_deck":["Strike_R","Strike_R","Strike_R","Strike_R","Strike_R","Defend_R","Defend_R","Defend_R","Defend_R","Bash","Wild Strike","Inflame","Wild Strike","Burning Pact","Armaments","Clash","Feel No Pain","Clash","Seeing Red"],"relics":["Burning Blood","Juzu Bracelet","Art of War","Strawberry","Spirit Poop"],"potions_floor_usage":[],"damage_taken":[{"damage":0,"enemies":"Small Slimes","floor":1,"turns":4},{"damage":0,"enemies":"2 Louse","floor":2,"turns":2},{"damage":6,"enemies":"Cultist","floor":3,"turns":3},{"damage":5,"enemies":"Looter","floor":4,"turns":4},{"damage":22,"enemies":"3 Sentries","floor":6,"turns":9},{"damage":18,"enemies":"3 Louse","floor":10,"turns":3},{"damage":15,"enemies":"Gremlin Gang","floor":11,"turns":6},{"damage":12,"enemies":"Looter","floor":12,"turns":3},{"damage":13,"enemies":"Exordium Thugs","floor":13,"turns":4},{"damage":0,"enemies":"The Guardian","floor":16,"turns":1}],"seed_played":"-2073200488539037978","potions_obtained":[{"floor":2,"key":"Ancient Potion"},{"floor":3,"key":"FearPotion"},{"floor":6,"key":"GamblersBrew"},{"floor":13,"key":"Weak Potion"}],"is_trial":false,"path_per_floor":["M","M","M","M","?","E","R","?","T","M","M","M","M","?","R"],"character_chosen":"IRONCLAD","items_purchased":[],"campfire_rested":2,"item_purchase_floors":[],"current_hp_per_floor":[88,88,88,88,88,72,88,88,95,83,74,68,61,61,89,89],"gold":285,"neow_bonus":"TEN_PERCENT_HP_BONUS","is_prod":false,"is_daily":false,"chose_seed":false,"campfire_upgraded":0,"win_rate":0,"timestamp":1533435798,"path_taken":["M","M","M","M","?","E","R","?","T","M","M","M","M","?","R","BOSS"],"build_version":"2018-08-02","purchased_purges":0,"victory":false,"max_hp_per_floor":[88,88,88,88,88,88,88,88,95,95,95,95,95,95,95,95],"card_choices":[{"not_picked":["Heavy Blade","Blood for Blood"],"picked":"Wild Strike","floor":1},{"not_picked":["Heavy Blade","Whirlwind"],"picked":"Inflame","floor":2},{"not_picked":["Dual Wield","Warcry"],"picked":"Wild Strike","floor":3},{"not_picked":["Rage","Iron Wave"],"picked":"Burning Pact","floor":4},{"not_picked":["Body Slam","Ghostly Armor"],"picked":"Armaments","floor":6},{"not_picked":["Thunderclap","Metallicize"],"picked":"Clash","floor":10},{"not_picked":["Blood for Blood","Reaper"],"picked":"Feel No Pain","floor":11},{"not_picked":["Thunderclap","Flex"],"picked":"Clash","floor":12},{"not_picked":["Entrench","Shockwave"],"picked":"Seeing Red","floor":13}],"player_experience":445530,"relics_obtained":[{"floor":6,"key":"Juzu Bracelet"},{"floor":9,"key":"Strawberry"}],"event_choices":[{"event_name":"Scrap Ooze","player_choice":"unsuccessful","floor":5,"damage_taken":0},{"event_name":"Big Fish","player_choice":"Box","floor":8,"damage_taken":0},{"event_name":"Bonfire Elementals","player_choice":"CURSE","floor":14,"damage_taken":0}],"is_beta":false,"boss_relics":[],"items_purged_floors":[],"is_endless":false,"potions_floor_spawned":[2,3,6,10,13],"killed_by":"The Guardian","ascension_level":0}