{"gold_per_floor":[109,119,2,2,16,47,47,64,64,64,78,103,103,113,113,113],"floor_reached":16,"playtime":719,"items_purged":["Strike_R"],"score":224,"play_id":"0ce761df-38cd-4f4a-ba08-a328f63165fd","local_time":"20190116164017","is_ascension_mode":true,"campfire_choices":[{"data":"Clothesline","floor":7,"key":"SMITH"},{"data":"True Grit","floor":13,"key":"SMITH"},{"data":"Shockwave","floor":15,"key":"SMITH"}],"neow_cost":"NONE","seed_source_timestamp":6750184606193,"circlet_count":0,"master_deck":["AscendersBane","Strike_R","Strike_R","Strike_R","Defend_R","Defend_R","Defend_R","Defend_R","Bash+1","Evolve","Headbutt","Corruption","Clothesline+1","True Grit+1","Shockwave+1","Shrug It Off"],"relics":["Burning Blood","Frozen Egg 2","Question Card","Paper Frog"],"potions_floor_usage":[6,11,12,16],"damage_taken":[{"damage":10,"enemies":"Small Slimes","floor":1,"turns":4},{"damage":6,"enemies":"Cultist","floor":2,"turns":3},{"damage":7,"enemies":"Jaw Worm","floor":5,"turns":3},{"damage":24,"enemies":"Gremlin Nob","floor":6,"turns":4},{"damage":8,"enemies":"3 Louse","floor":8,"turns":4},{"damage":17,"enemies":"Large Slime","floor":11,"turns":6},{"damage":25,"enemies":"3 Sentries","floor":12,"turns":13},{"damage":4,"enemies":"Blue Slaver","floor":14,"turns":4},{"damage":46,"enemies":"Slime Boss","floor":16,"turns":7}],"seed_played":"-550306187229887161","potions_obtained":[{"floor":1,"key":"Strength Potion"},{"floor":6,"key":"Energy Potion"},{"floor":8,"key":"Regen Potion"},{"floor":14,"key":"EssenceOfSteel"}],"is_trial":false,"path_per_floor":["M","M","$","?","M","E","R","M","T","?","M","E","R","M","R","B"],"character_chosen":"IRONCLAD","items_purchased":["Corruption"],"campfire_rested":0,"item_purchase_floors":[3],"current_hp_per_floor":[71,71,71,71,70,52,52,50,50,50,51,32,32,34,34,0],"gold":113,"neow_bonus":"TEN_PERCENT_HP_BONUS","is_prod":false,"is_daily":false,"chose_seed":false,"campfire_upgraded":3,"win_rate":0,"timestamp":1547674817,"path_taken":["M","M","$","?","?","E","R","M","T","?","M","E","R","M","R","BOSS"],"build_version":"2019-01-10","purchased_purges":1,"victory":false,"max_hp_per_floor":[82,82,82,82,82,82,82,82,82,82,82,82,82,82,82,82],"card_choices":[{"not_picked":["Fire Breathing","Rupture"],"picked":"Evolve","floor":1},{"not_picked":["Pommel Strike","Armaments"],"picked":"Headbutt","floor":2},{"not_picked":["Reckless Charge","True Grit"],"picked":"Clothesline","floor":5},{"not_picked":["Blood for Blood","Flex","Entrench"],"picked":"SKIP","floor":6},{"not_picked":["Clash","Iron Wave","Rage"],"picked":"SKIP","floor":8},{"not_picked":["Dropkick","Twin Strike","Heavy Blade"],"picked":"True Grit","floor":11},{"not_picked":["Spot Weakness","Double Tap","Dual Wield"],"picked":"Shockwave","floor":12},{"not_picked":["Pummel","Shockwave","Headbutt"],"picked":"Shrug It Off","floor":14}],"player_experience":1315144,"relics_obtained":[{"floor":6,"key":"Frozen Egg 2"},{"floor":9,"key":"Question Card"},{"floor":12,"key":"Paper Frog"}],"event_choices":[{"damage_healed":0,"gold_gain":0,"player_choice":"Upgraded","damage_taken":0,"max_hp_gain":0,"max_hp_loss":0,"event_name":"Upgrade Shrine","floor":4,"gold_loss":0,"cards_upgraded":["Bash"]},{"cards_removed":["Strike_R"],"damage_healed":0,"gold_gain":0,"player_choice":"Forget","damage_taken":0,"max_hp_gain":0,"max_hp_loss":0,"event_name":"Living Wall","floor":10,"gold_loss":0}],"is_beta":false,"boss_relics":[],"items_purged_floors":[3],"is_endless":false,"potions_floor_spawned":[1,6,8,14],"killed_by":"Slime Boss","ascension_level":20}