{"gold_per_floor":[111,130,144,155,170,195,195,220,259,271,283,295,333,362,374,386],"floor_reached":16,"playtime":811,"items_purged":[],"score":201,"play_id":"2f0b63bd-c09d-40f4-8a52-ceb2952a5832","local_time":"20190706153921","is_ascension_mode":true,"campfire_choices":[{"floor":7,"key":"REST"},{"floor":10,"key":"REST"},{"floor":12,"key":"REST"},{"floor":15,"key":"REST"}],"neow_cost":"NONE","seed_source_timestamp":6592838026972,"circlet_count":0,"master_deck":["AscendersBane","Strike_R","Strike_R","Strike_R","Defend_R","Defend_R","Defend_R","Defend_R","Bash","Whirlwind","Flame Barrier","Twin Strike","Spot Weakness","Clothesline","Feed","Flame Barrier","Flame Barrier"],"relics":["Burning Blood","Self Forming Clay","MawBank","Potion Belt","Smiling Mask"],"potions_floor_usage":[4,8,16,16],"damage_taken":[{"damage":10,"enemies":"Small Slimes","floor":1,"turns":4},{"damage":12,"enemies":"Jaw Worm","floor":2,"turns":3},{"damage":1,"enemies":"Cultist","floor":3,"turns":4},{"damage":13,"enemies":"Exordium Wildlife","floor":4,"turns":6},{"damage":8,"enemies":"Looter","floor":5,"turns":4},{"damage":40,"enemies":"3 Sentries","floor":6,"turns":8},{"damage":36,"enemies":"Lagavulin","floor":8,"turns":8},{"damage":32,"enemies":"3 Sentries","floor":13,"turns":10},{"damage":40,"enemies":"Gremlin Gang","floor":14,"turns":5},{"damage":34,"enemies":"Hexaghost","floor":16,"turns":14}],"seed_played":"-3149897354262518147","potions_obtained":[{"floor":3,"key":"Block Potion"},{"floor":4,"key":"SpeedPotion"},{"floor":5,"key":"Swift Potion"},{"floor":14,"key":"GamblersBrew"}],"is_trial":false,"path_per_floor":["M","M","M","M","M","E","R","E","T","R","?","R","E","M","R","B"],"character_chosen":"IRONCLAD","items_purchased":[],"campfire_rested":4,"item_purchase_floors":[],"current_hp_per_floor":[68,62,67,60,58,24,48,21,21,45,38,62,39,8,34,0],"gold":386,"neow_bonus":"REMOVE_CARD","is_prod":false,"is_daily":false,"chose_seed":false,"campfire_upgraded":0,"win_rate":0,"timestamp":1562441961,"path_taken":["M","M","M","M","M","E","R","E","T","R","?","R","E","M","R","BOSS"],"build_version":"2019-07-05","purchased_purges":0,"victory":false,"max_hp_per_floor":[80,80,80,80,80,80,80,83,83,83,83,83,86,89,89,89],"card_choices":[{"not_picked":["Havoc","Reckless Charge"],"picked":"Whirlwind","floor":1},{"not_picked":["Warcry","Perfected Strike"],"picked":"Flame Barrier","floor":2},{"not_picked":["Evolve","Iron Wave"],"picked":"Twin Strike","floor":3},{"not_picked":["Flex","Iron Wave"],"picked":"Spot Weakness","floor":4},{"not_picked":["Headbutt","Dropkick"],"picked":"Clothesline","floor":5},{"not_picked":["Feel No Pain","Cleave"],"picked":"Feed","floor":6},{"not_picked":["Cleave","True Grit","Armaments"],"picked":"SKIP","floor":8},{"not_picked":["Cleave","Combust"],"picked":"Flame Barrier","floor":13},{"not_picked":["Clothesline","Intimidate"],"picked":"Flame Barrier","floor":14}],"player_experience":450095,"relics_obtained":[{"floor":6,"key":"Self Forming Clay"},{"floor":8,"key":"MawBank"},{"floor":9,"key":"Potion Belt"},{"floor":13,"key":"Smiling Mask"}],"event_choices":[{"cards_removed":["Strike_R"],"damage_healed":0,"gold_gain":0,"player_choice":"Card Removal","damage_taken":7,"max_hp_gain":0,"max_hp_loss":0,"event_name":"Golden Wing","floor":11,"gold_loss":0}],"is_beta":false,"boss_relics":[],"items_purged_floors":[],"is_endless":false,"potions_floor_spawned":[3,4,5,14],"killed_by":"Hexaghost","ascension_level":13}