{"gold_per_floor":[112,112,181,191,206,206,223,273,273,273,302,302,335,16,16,90,90,104,122,172,222,288,288,288],"floor_reached":24,"playtime":1028,"items_purged":[],"score":437,"play_id":"a4bca416-3d12-46a5-a936-7543f4c0ca76","local_time":"20181215160319","is_ascension_mode":true,"campfire_choices":[{"data":"Recycle","floor":6,"key":"SMITH"},{"data":"Zap","floor":10,"key":"SMITH"},{"data":"Sweeping Beam","floor":12,"key":"SMITH"},{"data":"Loop","floor":15,"key":"SMITH"},{"data":"Coolheaded","floor":23,"key":"SMITH"}],"neow_cost":"NONE","seed_source_timestamp":234223880202472,"circlet_count":0,"master_deck":["AscendersBane","Defend_B","Defend_B","Defend_B","Defend_B","Zap+1","Dualcast+1","Chill","Sweeping Beam+1","Recycle+1","Go for the Eyes+1","Loop+1","All For One","Undo","Electrodynamics","White Noise+1","Loop+1","Reboot+1","Cold Snap","FTL","Bite","Bite","Bite","Bite","Bite","Coolheaded+1"],"relics":["Cracked Core","Pen Nib","SsserpentHead","WingedGreaves","Bottled Flame","Turnip","Sundial","Astrolabe"],"potions_floor_usage":[11,13,16,22,24],"damage_taken":[{"damage":9,"enemies":"Jaw Worm","floor":1,"turns":3},{"damage":0,"enemies":"Cultist","floor":3,"turns":3},{"damage":3,"enemies":"Small Slimes","floor":4,"turns":3},{"damage":1,"enemies":"Looter","floor":5,"turns":3},{"damage":0,"enemies":"Red Slaver","floor":7,"turns":3},{"damage":10,"enemies":"3 Sentries","floor":11,"turns":9},{"damage":13,"enemies":"Lagavulin","floor":13,"turns":7},{"damage":12,"enemies":"The Guardian","floor":16,"turns":10},{"damage":14,"enemies":"Shell Parasite","floor":18,"turns":5},{"damage":15,"enemies":"2 Thieves","floor":19,"turns":4},{"damage":19,"enemies":"Snake Plant","floor":22,"turns":5},{"damage":42,"enemies":"Book of Stabbing","floor":24,"turns":4}],"seed_played":"-8040810242007553611","potions_obtained":[{"floor":7,"key":"Swift Potion"},{"floor":11,"key":"Swift Potion"},{"floor":13,"key":"Dexterity Potion"},{"floor":16,"key":"Dexterity Potion"},{"floor":19,"key":"Regen Potion"}],"is_trial":false,"path_per_floor":["M","?","M","M","M","R","M","?","T","R","E","R","E","$","R","B",null,"M","M","?","?","M","R","E"],"character_chosen":"DEFECT","items_purchased":["Sundial","Undo"],"campfire_rested":0,"item_purchase_floors":[14,14],"current_hp_per_floor":[55,55,55,52,51,51,51,51,51,51,41,41,28,28,28,16,57,43,28,28,28,33,33,0],"gold":288,"neow_bonus":"RANDOM_COMMON_RELIC","is_prod":false,"is_daily":false,"chose_seed":false,"campfire_upgraded":5,"win_rate":0,"timestamp":1544907799,"path_taken":["M","?","?","M","M","R","M","?","T","R","E","R","E","$","R","BOSS","M","M","?","?","?","R","E"],"build_version":"2018-12-13","purchased_purges":0,"victory":false,"max_hp_per_floor":[71,71,71,71,71,71,71,71,71,71,71,71,71,71,71,71,71,71,71,49,49,49,49,49],"card_choices":[{"not_picked":["Leap","Barrage"],"picked":"Chill","floor":1},{"not_picked":["Fusion","Barrage"],"picked":"Sweeping Beam","floor":3},{"not_picked":["Conserve Battery","Redo"],"picked":"Recycle","floor":4},{"not_picked":["Conserve Battery","Stack"],"picked":"Go for the Eyes","floor":5},{"not_picked":["Redo","Barrage"],"picked":"Loop","floor":7},{"not_picked":["Reprogram","Gash","Lockon"],"picked":"SKIP","floor":11},{"not_picked":["Blizzard","Compile Driver"],"picked":"All For One","floor":13},{"not_picked":["Buffer","Thunder Strike"],"picked":"Electrodynamics","floor":16},{"not_picked":["Undo+1","Ball Lightning"],"picked":"Cold Snap","floor":18},{"not_picked":["Static Discharge","Turbo"],"picked":"FTL","floor":19},{"not_picked":["Electrodynamics","Sweeping Beam"],"picked":"Coolheaded","floor":22}],"player_experience":1284288,"relics_obtained":[{"floor":9,"key":"WingedGreaves"},{"floor":11,"key":"Bottled Flame"},{"floor":13,"key":"Turnip"}],"event_choices":[{"damage_healed":0,"gold_gain":0,"player_choice":"Trade","damage_taken":0,"relics_obtained":["SsserpentHead"],"max_hp_gain":0,"max_hp_loss":0,"event_name":"FaceTrader","floor":2,"gold_loss":0},{"damage_healed":0,"gold_gain":0,"player_choice":"Grow","damage_taken":0,"max_hp_gain":0,"max_hp_loss":0,"event_name":"Living Wall","floor":8,"gold_loss":0,"cards_upgraded":["Go for the Eyes"]},{"damage_healed":0,"gold_gain":0,"player_choice":"Became a vampire","damage_taken":0,"max_hp_gain":0,"max_hp_loss":22,"event_name":"Vampires","floor":20,"gold_loss":0,"cards_obtained":["Bite","Bite","Bite","Bite","Bite"]},{"damage_healed":0,"gold_gain":0,"player_choice":"Upgraded","damage_taken":0,"max_hp_gain":0,"max_hp_loss":0,"event_name":"Upgrade Shrine","floor":21,"gold_loss":0,"cards_upgraded":["Dualcast"]}],"is_beta":false,"boss_relics":[{"not_picked":["Empty Cage","Eternal Feather"],"picked":"Astrolabe"}],"items_purged_floors":[],"is_endless":false,"potions_floor_spawned":[7,11,13,16,19],"killed_by":"Book of Stabbing","ascension_level":20}