{"gold_per_floor":[113,35,49,49,65,65,100,100,100,111,140,140,173,187,187,187],"floor_reached":16,"playtime":544,"items_purged":[],"score":240,"play_id":"afdc8f31-bf9c-4bbc-989b-7b9f7cb2f302","local_time":"20190520173511","is_ascension_mode":true,"campfire_choices":[{"data":"Recycle","floor":6,"key":"SMITH"},{"data":"Go for the Eyes","floor":8,"key":"SMITH"},{"floor":12,"key":"REST"},{"data":"Sweeping Beam","floor":15,"key":"SMITH"}],"neow_cost":"NONE","seed_source_timestamp":248550951936916,"circlet_count":0,"master_deck":["AscendersBane","Strike_B","Strike_B","Strike_B","Strike_B","Defend_B","Defend_B","Defend_B","Defend_B","Zap","Dualcast","Go for the Eyes+1","Recycle+1","Sweeping Beam","Sweeping Beam+1","FTL","Cold Snap","Core Surge"],"relics":["Cracked Core","Oddly Smooth Stone","Mummified Hand","Regal Pillow","Bag of Preparation"],"potions_floor_usage":[7,16],"damage_taken":[{"damage":1,"enemies":"2 Louse","floor":1,"turns":3},{"damage":0,"enemies":"Cultist","floor":3,"turns":3},{"damage":4,"enemies":"Small Slimes","floor":5,"turns":3},{"damage":30,"enemies":"3 Sentries","floor":7,"turns":6},{"damage":0,"enemies":"Exordium Thugs","floor":10,"turns":4},{"damage":32,"enemies":"Lagavulin","floor":11,"turns":7},{"damage":27,"enemies":"Gremlin Nob","floor":13,"turns":4},{"damage":6,"enemies":"3 Louse","floor":14,"turns":2},{"damage":25,"enemies":"Slime Boss","floor":16,"turns":5}],"seed_played":"-8717455572970275860","potions_obtained":[{"floor":5,"key":"Regen Potion"},{"floor":13,"key":"GamblersBrew"},{"floor":14,"key":"LiquidBronze"}],"is_trial":false,"path_per_floor":["M","$","M","?","M","R","E","R","T","M","E","R","E","M","R","B"],"character_chosen":"DEFECT","items_purchased":["Recycle"],"campfire_rested":1,"item_purchase_floors":[2],"current_hp_per_floor":[70,70,70,70,66,66,50,50,50,50,18,56,29,23,23,0],"gold":187,"neow_bonus":"TEN_PERCENT_HP_BONUS","is_prod":false,"is_daily":false,"chose_seed":false,"campfire_upgraded":3,"win_rate":0,"timestamp":1558388111,"path_taken":["M","$","M","?","M","R","E","R","T","M","E","R","E","M","R","BOSS"],"build_version":"2019-01-23","purchased_purges":0,"victory":false,"max_hp_per_floor":[78,78,78,78,78,78,78,78,78,78,78,78,78,78,78,78],"card_choices":[{"not_picked":["Turbo","Stack"],"picked":"Go for the Eyes","floor":1},{"not_picked":["Rebound","Turbo"],"picked":"Sweeping Beam","floor":3},{"not_picked":["Turbo","BootSequence"],"picked":"Sweeping Beam","floor":5},{"not_picked":["Turbo","Stack","Blizzard"],"picked":"SKIP","floor":7},{"not_picked":["Conserve Battery","Stack"],"picked":"FTL","floor":10},{"not_picked":["Blizzard","Barrage","Heatsinks"],"picked":"SKIP","floor":11},{"not_picked":["Storm","Redo"],"picked":"Cold Snap","floor":13},{"not_picked":["Cold Snap","Gash"],"picked":"Core Surge","floor":14}],"player_experience":1432549,"relics_obtained":[{"floor":7,"key":"Oddly Smooth Stone"},{"floor":9,"key":"Mummified Hand"},{"floor":11,"key":"Regal Pillow"},{"floor":13,"key":"Bag of Preparation"}],"event_choices":[{"damage_healed":0,"gold_gain":0,"player_choice":"Ignored","damage_taken":0,"max_hp_gain":0,"max_hp_loss":0,"event_name":"Liars Game","floor":4,"gold_loss":0}],"is_beta":false,"boss_relics":[],"items_purged_floors":[],"is_endless":false,"potions_floor_spawned":[5,13,14],"killed_by":"Slime Boss","ascension_level":20}