{"gold_per_floor":[117,135,135,152,163,163,188,188,212,243,261,261,22,22,22,22],"floor_reached":16,"playtime":920,"items_purged":["Strike_G"],"score":220,"play_id":"a1b56238-e96d-4452-a2a0-1ff7943887b4","local_time":"20190711182034","is_ascension_mode":true,"campfire_choices":[{"data":"Deadly Poison","floor":6,"key":"SMITH"},{"floor":8,"key":"REST"},{"floor":12,"key":"REST"},{"data":"Wraith Form v2","floor":15,"key":"SMITH"}],"neow_cost":"NONE","seed_source_timestamp":173974087686122,"circlet_count":0,"master_deck":["AscendersBane","Strike_G","Strike_G+1","Strike_G+1","Strike_G","Defend_G","Defend_G","Defend_G","Defend_G","Defend_G","Survivor","Neutralize","Deadly Poison+1","Flechettes","PiercingWail","Dagger Throw","Escape Plan","Night Terror","Wraith Form v2+1"],"relics":["Ring of the Snake","Bag of Preparation","Omamori","Vajra","Whetstone","Centennial Puzzle"],"potions_floor_usage":[7,16],"damage_taken":[{"damage":0,"enemies":"2 Louse","floor":1,"turns":3},{"damage":0,"enemies":"Cultist","floor":2,"turns":3},{"damage":1,"enemies":"Jaw Worm","floor":4,"turns":4},{"damage":7,"enemies":"Large Slime","floor":5,"turns":6},{"damage":39,"enemies":"3 Sentries","floor":7,"turns":14},{"damage":29,"enemies":"Lagavulin","floor":10,"turns":6},{"damage":0,"enemies":"2 Fungi Beasts","floor":11,"turns":2},{"damage":24,"enemies":"Hexaghost","floor":16,"turns":13}],"seed_played":"-3052929665093667931","potions_obtained":[{"floor":1,"key":"Block Potion"},{"floor":7,"key":"SneckoOil"},{"floor":11,"key":"Dexterity Potion"}],"is_trial":false,"path_per_floor":["M","M","?","M","M","R","E","R","T","E","M","R","$","T","R","B"],"character_chosen":"THE_SILENT","items_purchased":["Wraith Form v2"],"campfire_rested":2,"item_purchase_floors":[13],"current_hp_per_floor":[59,59,59,58,51,51,12,31,31,2,2,21,21,21,21,0],"gold":22,"neow_bonus":"RANDOM_COMMON_RELIC","is_prod":false,"is_daily":false,"chose_seed":false,"campfire_upgraded":2,"win_rate":0,"timestamp":1562883634,"path_taken":["M","M","?","M","M","R","E","R","T","E","M","R","$","?","R","BOSS"],"build_version":"2019-07-05","purchased_purges":1,"victory":false,"max_hp_per_floor":[66,66,66,66,66,66,66,66,66,66,66,66,66,66,66,66],"card_choices":[{"not_picked":["Infinite Blades","Calculated Gamble"],"picked":"Deadly Poison","floor":1},{"not_picked":["Poisoned Stab","Underhanded Strike"],"picked":"Choke","floor":2},{"not_picked":["Masterful Stab","Underhanded Strike"],"picked":"Flechettes","floor":4},{"not_picked":["Bane","Dodge and Roll"],"picked":"PiercingWail","floor":5},{"not_picked":["Blade Dance","Concentrate"],"picked":"Dagger Throw","floor":7},{"not_picked":["Eviscerate","Cloak And Dagger"],"picked":"Escape Plan","floor":10},{"not_picked":["PiercingWail","Dagger Throw"],"picked":"Night Terror","floor":11}],"player_experience":1467249,"relics_obtained":[{"floor":7,"key":"Vajra"},{"floor":9,"key":"Whetstone"},{"floor":10,"key":"Centennial Puzzle"}],"event_choices":[{"cards_removed":["Choke"],"damage_healed":0,"gold_gain":0,"player_choice":"Gave Card","damage_taken":0,"relics_obtained":["Omamori"],"max_hp_gain":0,"max_hp_loss":0,"event_name":"WeMeetAgain","floor":3,"gold_loss":0}],"is_beta":false,"boss_relics":[],"items_purged_floors":[13],"is_endless":false,"potions_floor_spawned":[1,7,11],"killed_by":"Hexaghost","ascension_level":20}