{"gold_per_floor":[109,184,184,184,83,126,126,167,167,205,205,205],"floor_reached":12,"playtime":209,"items_purged":["Strike_B"],"score":284,"play_id":"209faedd-ff2b-4cd6-92ba-b574f1201ea2","local_time":"20181101215827","is_ascension_mode":true,"campfire_choices":[{"data":"Zap","floor":7,"key":"SMITH"},{"data":"Hyperbeam","floor":11,"key":"SMITH"}],"neow_cost":"NONE","seed_source_timestamp":1216710553991116,"circlet_count":0,"master_deck":["AscendersBane","Strike_B","Strike_B","Defend_B+1","Defend_B+1","Defend_B","Defend_B","Zap+1","Dualcast","Compile Driver","Coolheaded","Hyperbeam+1","Coolheaded","Cold Snap"],"relics":["Cracked Core","NeowsBlessing","Golden Idol","Kunai","Pen Nib","DataDisk","War Paint"],"potions_floor_usage":[10],"damage_taken":[{"damage":0,"enemies":"Small Slimes","floor":1,"turns":1},{"damage":0,"enemies":"Lagavulin","floor":6,"turns":1},{"damage":0,"enemies":"Gremlin Nob","floor":8,"turns":1},{"damage":18,"enemies":"Lagavulin","floor":10,"turns":7},{"damage":12,"enemies":"Jaw Worm","floor":12,"turns":1}],"seed_played":"4066894529806866835","potions_obtained":[{"floor":6,"key":"Poison Potion"}],"is_trial":false,"path_per_floor":["M","?","?","?","$","E","R","E","T","E","R","M"],"character_chosen":"DEFECT","items_purchased":["Coolheaded"],"campfire_rested":0,"item_purchase_floors":[5],"current_hp_per_floor":[64,53,29,29,29,29,29,29,29,11,11,0],"gold":205,"neow_bonus":"THREE_ENEMY_KILL","is_prod":false,"is_daily":false,"chose_seed":false,"campfire_upgraded":2,"win_rate":0,"timestamp":1541123907,"path_taken":["M","?","?","?","?","E","R","E","T","E","R","M"],"build_version":"2018-11-01","purchased_purges":1,"victory":false,"max_hp_per_floor":[71,71,71,71,71,71,71,71,71,71,71,71],"card_choices":[{"not_picked":["Streamline","Steam"],"picked":"Compile Driver","floor":1},{"not_picked":["Auto Shields","Thunder Strike"],"picked":"Hyperbeam","floor":6},{"not_picked":["Skim","Lockon"],"picked":"Coolheaded","floor":8},{"not_picked":["Stack","Redo"],"picked":"Cold Snap","floor":10}],"player_experience":1038875,"relics_obtained":[{"floor":6,"key":"Kunai"},{"floor":8,"key":"Pen Nib"},{"floor":9,"key":"DataDisk"},{"floor":10,"key":"War Paint"}],"event_choices":[{"damage_healed":0,"gold_gain":75,"player_choice":"Gather Gold","damage_taken":11,"max_hp_gain":0,"max_hp_loss":0,"event_name":"World of Goop","floor":2,"gold_loss":0},{"damage_healed":0,"gold_gain":0,"player_choice":"Take Damage","damage_taken":24,"relics_obtained":["Golden Idol"],"max_hp_gain":0,"max_hp_loss":0,"event_name":"Golden Idol","floor":3,"gold_loss":0},{"cards_removed":["Strike_B"],"damage_healed":0,"gold_gain":0,"player_choice":"Forget","damage_taken":0,"max_hp_gain":0,"max_hp_loss":0,"event_name":"Living Wall","floor":4,"gold_loss":0}],"is_beta":false,"boss_relics":[],"items_purged_floors":[5],"is_endless":false,"potions_floor_spawned":[6],"killed_by":"Jaw Worm","ascension_level":20}