{"gold_per_floor":[118,129,54,54,54,54,98,98,98,138,157,180,22,22,22,116,116,139,139,155,6,6,6,6,6,78,35,35,10,10,33,33,127,127,150,169,169,93,109,109,9,9],"floor_reached":42,"playtime":1891,"items_purged":["Strike_G","Strike_G"],"score":875,"play_id":"0742580c-5645-4490-b258-55210fe1c1d6","local_time":"20181026200400","is_ascension_mode":true,"campfire_choices":[{"data":"Neutralize","floor":6,"key":"SMITH"},{"data":"Dagger Spray","floor":8,"key":"SMITH"},{"data":"Noxious Fumes","floor":15,"key":"SMITH"},{"floor":23,"key":"REST"},{"data":"Leg Sweep","floor":25,"key":"SMITH"},{"data":"Quick Slash","floor":28,"key":"SMITH"},{"data":"Well Laid Plans","floor":32,"key":"SMITH"},{"floor":40,"key":"REST"}],"neow_cost":"NONE","seed_source_timestamp":689725439913104,"circlet_count":0,"master_deck":["Defend_G","Defend_G","Defend_G","Defend_G","Strike_G","Strike_G","Strike_G","Survivor","Neutralize+1","AscendersBane","Deflect","Dagger Spray+1","Quick Slash+1","Dash","Noxious Fumes+1","Leg Sweep+1","Well Laid Plans+1","After Image","After Image","Dash","PiercingWail","After Image","A Thousand Cuts","Skewer"],"relics":["Ring of the Serpent","NeowsBlessing","Golden Idol","Happy Flower","Singing Bowl","Darkstone Periapt","Snecko Eye","Enchiridion","Pantograph","Bottled Tornado"],"potions_floor_usage":[16,16,33,42,42,42],"damage_taken":[{"damage":0,"enemies":"Cultist","floor":1,"turns":1},{"damage":0,"enemies":"Jaw Worm","floor":2,"turns":1},{"damage":0,"enemies":"Gremlin Nob","floor":7,"turns":1},{"damage":25,"enemies":"3 Sentries","floor":10,"turns":11},{"damage":0,"enemies":"2 Louse","floor":11,"turns":2},{"damage":0,"enemies":"Exordium Thugs","floor":12,"turns":5},{"damage":12,"enemies":"The Guardian","floor":16,"turns":13},{"damage":28,"enemies":"3 Byrds","floor":18,"turns":7},{"damage":2,"enemies":"Shell Parasite","floor":20,"turns":7},{"damage":6,"enemies":"Snecko","floor":31,"turns":6},{"damage":12,"enemies":"Collector","floor":33,"turns":17},{"damage":0,"enemies":"Orb Walker","floor":35,"turns":4},{"damage":1,"enemies":"3 Shapes","floor":36,"turns":9},{"damage":57,"enemies":"Transient","floor":39,"turns":6},{"damage":66,"enemies":"Reptomancer","floor":42,"turns":2}],"seed_played":"-4939151451338873269","potions_obtained":[{"floor":7,"key":"FearPotion"},{"floor":10,"key":"Explosive Potion"},{"floor":16,"key":"Strength Potion"},{"floor":18,"key":"AttackPotion"},{"floor":39,"key":"EntropicBrew"}],"is_trial":false,"path_per_floor":["M","M","$","?","?","R","E","R","T","E","M","M","$","$","R","B",null,"M","?","M","$","?","R","?","R","T","$","R","$","?","M","R","B",null,"M","M","?","$","M","R","$"],"character_chosen":"THE_SILENT","items_purchased":["Leg Sweep","Well Laid Plans","After Image","Dash","PiercingWail","Skewer"],"campfire_rested":2,"item_purchase_floors":[13,13,21,27,29,38],"current_hp_per_floor":[59,59,59,64,40,40,40,40,40,15,17,17,17,17,17,5,56,30,30,30,30,9,32,38,38,38,38,38,38,38,32,32,45,74,76,77,77,77,22,48,48,0],"gold":9,"neow_bonus":"THREE_ENEMY_KILL","is_prod":false,"is_daily":false,"chose_seed":false,"campfire_upgraded":6,"win_rate":0,"timestamp":1540598640,"path_taken":["M","?","$","?","?","R","E","R","T","E","M","M","?","$","R","BOSS","M","?","?","$","?","R","?","R","T","?","R","$","?","M","R","BOSS","M","?","?","$","M","R","$","E"],"build_version":"2018-10-25v2","purchased_purges":2,"victory":false,"max_hp_per_floor":[66,66,66,71,71,71,71,71,71,71,73,73,73,73,73,73,73,75,75,77,77,77,77,83,83,83,83,83,83,83,83,83,83,83,85,87,87,87,89,89,89,89],"card_choices":[{"not_picked":["Outmaneuver","Slice"],"picked":"Deflect","floor":1},{"not_picked":["Choke","Prepared"],"picked":"Dagger Spray","floor":2},{"not_picked":["Underhanded Strike","Dagger Spray"],"picked":"Quick Slash","floor":7},{"not_picked":["Predator","Calculated Gamble"],"picked":"Dash","floor":10},{"not_picked":["Choke","Sucker Punch","Prepared"],"picked":"Singing Bowl","floor":11},{"not_picked":["Bane","Distraction"],"picked":"Noxious Fumes","floor":12},{"not_picked":["Burst","Glass Knife"],"picked":"After Image","floor":16},{"not_picked":["Caltrops","Expertise","Blade Dance"],"picked":"Singing Bowl","floor":18},{"not_picked":["Deflect","Dodge and Roll","Well Laid Plans"],"picked":"Singing Bowl","floor":20},{"not_picked":["Noxious Fumes","Setup"],"picked":"After Image","floor":31},{"not_picked":["After Image","Envenom"],"picked":"A Thousand Cuts","floor":33},{"not_picked":["Calculated Gamble+1","Accuracy","Dagger Throw"],"picked":"Singing Bowl","floor":35},{"not_picked":["Underhanded Strike","Deflect+1","Deadly Poison"],"picked":"Singing Bowl","floor":36},{"not_picked":["Blade Dance","Escape Plan","Prepared"],"picked":"Singing Bowl","floor":39}],"player_experience":990200,"relics_obtained":[{"floor":7,"key":"Happy Flower"},{"floor":9,"key":"Singing Bowl"},{"floor":10,"key":"Darkstone Periapt"},{"floor":22,"key":"Enchiridion"},{"floor":26,"key":"Bottled Tornado"}],"event_choices":[{"damage_healed":0,"gold_gain":0,"player_choice":"Donut","damage_taken":0,"max_hp_gain":5,"max_hp_loss":0,"event_name":"Big Fish","floor":4,"gold_loss":0},{"damage_healed":0,"gold_gain":0,"player_choice":"Take Damage","damage_taken":24,"relics_obtained":["Golden Idol"],"max_hp_gain":0,"max_hp_loss":0,"event_name":"Golden Idol","floor":5,"gold_loss":0},{"damage_healed":0,"gold_gain":0,"player_choice":"Ignored","damage_taken":0,"max_hp_gain":0,"max_hp_loss":0,"event_name":"Ghosts","floor":19,"gold_loss":0},{"damage_healed":0,"gold_gain":0,"player_choice":"Obtained Book","damage_taken":21,"max_hp_gain":0,"max_hp_loss":0,"event_name":"Cursed Tome","floor":22,"gold_loss":0},{"damage_healed":0,"gold_gain":0,"player_choice":"Stole Relic","damage_taken":0,"relics_obtained":["Pantograph"],"max_hp_gain":0,"max_hp_loss":0,"event_name":"Addict","floor":24,"gold_loss":0,"cards_obtained":["Shame"]},{"cards_removed":["Shame"],"damage_healed":0,"gold_gain":0,"player_choice":"Removed Curses","damage_taken":0,"max_hp_gain":0,"max_hp_loss":0,"event_name":"Fountain of Cleansing","floor":30,"gold_loss":0},{"cards_removed":["Defend_G"],"damage_healed":0,"gold_gain":0,"player_choice":"Removed Skill","damage_taken":0,"max_hp_gain":0,"max_hp_loss":0,"event_name":"Falling","floor":37,"gold_loss":0}],"is_beta":false,"boss_relics":[{"not_picked":["Pandora\u0027s Box","Eternal Feather"],"picked":"Snecko Eye"},{"not_picked":["Runic Dome","Empty Cage"],"picked":"Ring of the Serpent"}],"items_purged_floors":[3,41],"is_endless":false,"potions_floor_spawned":[7,10,11,16,18,31,39],"killed_by":"Reptomancer","ascension_level":20}