{"gold_per_floor":[110,130,144,32,32,67,67,67,143,143,162,182,226,226,226,319,319,319],"floor_reached":18,"playtime":672,"items_purged":[],"score":340,"play_id":"909808f0-2731-4dbc-9fa1-879f70b32acd","local_time":"20190713023011","is_ascension_mode":true,"campfire_choices":[{"data":"Loop","floor":7,"key":"SMITH"},{"data":"Zap","floor":10,"key":"SMITH"},{"data":"Defragment","floor":15,"key":"SMITH"}],"neow_cost":"NONE","seed_source_timestamp":290000312291307,"circlet_count":0,"master_deck":["AscendersBane","Strike_B","Strike_B","Strike_B","Defend_B","Defend_B","Defend_B+1","Defend_B","Zap+1","Dualcast","Cold Snap","Compile Driver","Glacier","Loop+1","Ball Lightning","Cold Snap","Rainbow","Coolheaded+1","Defragment+1","All For One","Seek","Doubt","Pain","Normality"],"relics":["Cracked Core","Golden Idol","Strawberry","Smiling Mask","Calling Bell","PreservedInsect","Pear","Unceasing Top"],"potions_floor_usage":[13,18],"damage_taken":[{"damage":1,"enemies":"Cultist","floor":1,"turns":3},{"damage":2,"enemies":"Small Slimes","floor":2,"turns":3},{"damage":0,"enemies":"2 Louse","floor":3,"turns":1},{"damage":16,"enemies":"Gremlin Nob","floor":6,"turns":4},{"damage":0,"enemies":"Looter","floor":11,"turns":3},{"damage":0,"enemies":"Exordium Thugs","floor":12,"turns":3},{"damage":18,"enemies":"3 Sentries","floor":13,"turns":7},{"damage":20,"enemies":"Slime Boss","floor":16,"turns":8},{"damage":23,"enemies":"3 Byrds","floor":18,"turns":4}],"seed_played":"1451734682183332601","potions_obtained":[{"floor":1,"key":"GamblersBrew"},{"floor":2,"key":"Regen Potion"},{"floor":3,"key":"Swift Potion"}],"is_trial":false,"path_per_floor":["M","M","M","$","?","E","R","?","T","R","M","M","E","?","R","B",null,"M"],"character_chosen":"DEFECT","items_purchased":["Loop","Ball Lightning"],"campfire_rested":0,"item_purchase_floors":[4,4],"current_hp_per_floor":[70,68,68,68,68,59,59,59,59,59,59,59,56,33,33,13,72,49],"gold":319,"neow_bonus":"TEN_PERCENT_HP_BONUS","is_prod":false,"is_daily":false,"chose_seed":false,"campfire_upgraded":3,"win_rate":0,"timestamp":1562999411,"path_taken":["M","?","?","?","?","E","R","?","T","R","?","M","E","?","R","BOSS","M"],"build_version":"2019-07-05","purchased_purges":0,"victory":false,"max_hp_per_floor":[78,78,78,78,71,78,78,78,78,78,78,78,78,78,78,78,88,88],"card_choices":[{"not_picked":["Steam Power","Steam"],"picked":"Cold Snap","floor":1},{"not_picked":["Chill","Skim"],"picked":"Compile Driver","floor":2},{"not_picked":["Aggregate","Go for the Eyes"],"picked":"Glacier","floor":3},{"not_picked":["Steam","Hello World"],"picked":"Cold Snap","floor":6},{"not_picked":["Barrage","Steam"],"picked":"Coolheaded","floor":11},{"not_picked":["Coolheaded","Redo"],"picked":"Defragment","floor":12},{"not_picked":["Cold Snap","Barrage"],"picked":"All For One","floor":13},{"not_picked":["Buffer","Rainbow"],"picked":"Seek","floor":16}],"player_experience":1481380,"relics_obtained":[{"floor":6,"key":"Strawberry"},{"floor":13,"key":"Smiling Mask"},{"floor":17,"key":"PreservedInsect"},{"floor":17,"key":"Pear"},{"floor":17,"key":"Unceasing Top"}],"event_choices":[{"damage_healed":0,"gold_gain":0,"player_choice":"Lose Max HP","damage_taken":0,"relics_obtained":["Golden Idol"],"max_hp_gain":0,"max_hp_loss":7,"event_name":"Golden Idol","floor":5,"gold_loss":0},{"damage_healed":0,"gold_gain":0,"cards_transformed":["Strike_B"],"player_choice":"Transformed","damage_taken":0,"max_hp_gain":0,"max_hp_loss":0,"event_name":"Transmorgrifier","floor":8,"gold_loss":0,"cards_obtained":["Rainbow"]},{"damage_healed":0,"gold_gain":0,"player_choice":"Entered Light","damage_taken":23,"max_hp_gain":0,"max_hp_loss":0,"event_name":"Shining Light","floor":14,"gold_loss":0,"cards_upgraded":["Coolheaded","Defend_B"]}],"is_beta":false,"boss_relics":[{"not_picked":["FrozenCore","Lizard Tail"],"picked":"Calling Bell"}],"items_purged_floors":[],"is_endless":false,"potions_floor_spawned":[1,2,3],"killed_by":"3 Byrds","ascension_level":20}