{"gold_per_floor":[118,131,143,157,176,211,211,236,236,262,279,279,295,295,295,391,391,404,404,45,45,32,32,32],"floor_reached":24,"playtime":1278,"items_purged":[],"score":327,"play_id":"e4d0caf1-78df-4041-8af6-95b99486d8e8","local_time":"20190613081415","is_ascension_mode":true,"campfire_choices":[{"floor":12,"key":"REST"},{"data":"Neutralize","floor":15,"key":"SMITH"},{"floor":23,"key":"REST"}],"neow_cost":"NONE","seed_source_timestamp":135357351714803,"circlet_count":0,"master_deck":["AscendersBane","Defend_G+1","Defend_G+1","Defend_G+1","Defend_G+1","Defend_G+1","Strike_G+1","Strike_G+1","Strike_G+1","Strike_G+1","Survivor","Neutralize+1","Backflip","Sucker Punch","Leg Sweep","Poisoned Stab","Poisoned Stab","Bane","Backstab","Dagger Spray","Dodge and Roll+1","Crippling Poison+1","Phantasmal Killer+1","Prepared+1","Deflect+1","Reflex+1"],"relics":["Orrery","Boot","Sundial","Toxic Egg 2","Happy Flower","Black Star","Unceasing Top"],"potions_floor_usage":[6,8,10,10,11,21],"damage_taken":[{"damage":0,"enemies":"Cultist","floor":1,"turns":4},{"damage":0,"enemies":"2 Louse","floor":2,"turns":3},{"damage":0,"enemies":"Jaw Worm","floor":3,"turns":3},{"damage":5,"enemies":"3 Louse","floor":4,"turns":4},{"damage":0,"enemies":"Red Slaver","floor":5,"turns":4},{"damage":10,"enemies":"3 Sentries","floor":6,"turns":11},{"damage":6,"enemies":"Gremlin Nob","floor":8,"turns":4},{"damage":36,"enemies":"Lagavulin","floor":10,"turns":8},{"damage":5,"enemies":"Exordium Wildlife","floor":11,"turns":3},{"damage":3,"enemies":"Gremlin Gang","floor":13,"turns":4},{"damage":21,"enemies":"The Guardian","floor":16,"turns":15},{"damage":5,"enemies":"Shell Parasite","floor":18,"turns":8},{"damage":23,"enemies":"Colosseum Slavers","floor":21,"turns":4},{"damage":20,"enemies":"2 Thieves","floor":22,"turns":5},{"damage":34,"enemies":"Book of Stabbing","floor":24,"turns":7}],"seed_played":"-4408772220839563734","potions_obtained":[{"floor":2,"key":"Energy Potion"},{"floor":4,"key":"EssenceOfSteel"},{"floor":6,"key":"SneckoOil"},{"floor":8,"key":"Fire Potion"},{"floor":10,"key":"SkillPotion"},{"floor":18,"key":"Explosive Potion"}],"is_trial":false,"path_per_floor":["M","M","M","M","M","E","?","E","T","E","M","R","M","?","R","B",null,"M","?","$","?","M","R","E"],"character_chosen":"THE_SILENT","items_purchased":["Unceasing Top","Deflect+1"],"campfire_rested":2,"item_purchase_floors":[20,20],"current_hp_per_floor":[63,63,63,58,58,48,48,42,42,6,1,22,19,42,42,21,58,53,53,53,30,10,31,0],"gold":32,"neow_bonus":"BOSS_RELIC","is_prod":false,"is_daily":false,"chose_seed":false,"campfire_upgraded":1,"win_rate":0,"timestamp":1560428055,"path_taken":["M","M","M","?","M","E","?","E","T","E","?","R","?","?","R","BOSS","M","?","$","?","M","R","E"],"build_version":"2019-01-23","purchased_purges":0,"victory":false,"max_hp_per_floor":[70,70,70,70,70,70,70,70,70,70,70,70,70,70,70,70,70,70,70,70,70,70,70,70],"card_choices":[{"not_picked":["Dagger Spray","Outmaneuver"],"picked":"Backflip","floor":0},{"not_picked":["Prepared","Dagger Throw"],"picked":"Sucker Punch","floor":0},{"not_picked":["Underhanded Strike","Concentrate"],"picked":"Leg Sweep","floor":0},{"not_picked":["Outmaneuver","Well Laid Plans"],"picked":"Poisoned Stab","floor":0},{"not_picked":["Blade Dance","Eviscerate"],"picked":"Poisoned Stab","floor":0},{"not_picked":["Expertise","Underhanded Strike"],"picked":"Bane","floor":1},{"not_picked":["Acrobatics","Bouncing Flask"],"picked":"Backstab","floor":2},{"not_picked":["Dagger Throw","Flying Knee","Night Terror"],"picked":"SKIP","floor":3},{"not_picked":["Sucker Punch","Outmaneuver","Distraction"],"picked":"SKIP","floor":4},{"not_picked":["Dodge and Roll","Endless Agony","Well Laid Plans"],"picked":"SKIP","floor":5},{"not_picked":["Dodge and Roll","Blade Dance","Sucker Punch"],"picked":"SKIP","floor":6},{"not_picked":["Sucker Punch","Wraith Form v2","Predator"],"picked":"SKIP","floor":8},{"not_picked":["Prepared+1","After Image"],"picked":"Dagger Spray","floor":10},{"not_picked":["Endless Agony","Bane"],"picked":"Dodge and Roll+1","floor":11},{"not_picked":["Sucker Punch","Slice"],"picked":"Crippling Poison+1","floor":13},{"not_picked":["Die Die Die","Corpse Explosion+1"],"picked":"Phantasmal Killer+1","floor":16},{"not_picked":["Sucker Punch","Acrobatics+1"],"picked":"Prepared+1","floor":18},{"not_picked":["PiercingWail+1","Sucker Punch"],"picked":"Reflex+1","floor":22}],"player_experience":414989,"relics_obtained":[{"floor":6,"key":"Boot"},{"floor":8,"key":"Sundial"},{"floor":9,"key":"Toxic Egg 2"},{"floor":10,"key":"Happy Flower"}],"event_choices":[{"cards_removed":["Strike_G"],"damage_healed":0,"gold_gain":0,"player_choice":"Purged","damage_taken":0,"max_hp_gain":0,"max_hp_loss":0,"event_name":"Purifier","floor":7,"gold_loss":0},{"damage_healed":23,"gold_gain":0,"player_choice":"Banana","damage_taken":0,"max_hp_gain":0,"max_hp_loss":0,"event_name":"Big Fish","floor":14,"gold_loss":0},{"damage_healed":0,"gold_gain":0,"player_choice":"Simplicity","damage_taken":0,"max_hp_gain":0,"max_hp_loss":0,"event_name":"Back to Basics","floor":19,"gold_loss":0,"cards_upgraded":["Defend_G","Defend_G","Defend_G","Defend_G","Defend_G","Strike_G","Strike_G","Strike_G","Strike_G"]},{"damage_healed":0,"gold_gain":0,"player_choice":"Fight","damage_taken":0,"max_hp_gain":0,"max_hp_loss":0,"event_name":"Colosseum","floor":21,"gold_loss":0},{"damage_healed":0,"gold_gain":0,"player_choice":"Fled From Nobs","damage_taken":0,"max_hp_gain":0,"max_hp_loss":0,"event_name":"Colosseum","floor":21,"gold_loss":0}],"is_beta":false,"boss_relics":[{"not_picked":["Lizard Tail","Tiny House"],"picked":"Black Star"}],"items_purged_floors":[],"is_endless":false,"potions_floor_spawned":[2,4,6,8,10,18],"killed_by":"Book of Stabbing","ascension_level":10}