{"gold_per_floor":[118,14,14,83,97,127,127,84,84,84,99,114,114,9,9,111,111,121,133,145,145,145,145,0,0,0,17,36,36,63,12,12,113,113,129,5,24,34,46,80,97,97,120,120,120,130,142,160,160,160],"floor_reached":50,"playtime":4394,"items_purged":["Defend_R"],"score":519,"play_id":"0f947aec-af8b-4902-b716-8f30a174e885","local_time":"20180624102708","is_ascension_mode":false,"campfire_choices":[{"floor":7,"key":"REST"},{"data":"Anger","floor":10,"key":"SMITH"},{"data":"Whirlwind","floor":13,"key":"SMITH"},{"data":"Bludgeon","floor":15,"key":"SMITH"},{"floor":23,"key":"REST"},{"floor":25,"key":"REST"},{"floor":32,"key":"REST"},{"floor":44,"key":"REST"},{"floor":49,"key":"REST"}],"neow_cost":"","seed_source_timestamp":597145811257769,"circlet_count":0,"master_deck":["Strike_R","Strike_R","Strike_R+1","Strike_R","Strike_R","Defend_R","Defend_R","Defend_R","Bash","Headbutt+1","Anger+1","Whirlwind+1","Cleave+1","Bludgeon+1","Carnage","Anger","Anger","Demon Form","Rage+1","Iron Wave+1","Pommel Strike","Iron Wave+1","Pommel Strike+1","Dropkick+1","Clothesline+1","Feed+1","Cleave+1","Pommel Strike+1","Ghostly Armor+1","Uppercut+1","Cleave+1","Blood for Blood+1","Combust+1","Headbutt+1","Shrug It Off","Warcry"],"relics":["Burning Blood","Red Skull","Matryoshka","White Beast Statue","Bag of Marbles","Meat on the Bone","Bronze Scales","Molten Egg 2","Enchiridion","Regal Pillow","Fusion Hammer","Whetstone","Oddly Smooth Stone"],"potions_floor_usage":[16,16,16,20,28,30,33,33,40,40,41,49,50,50],"damage_taken":[{"damage":14,"enemies":"Small Slimes","floor":1,"turns":4},{"damage":1,"enemies":"Jaw Worm","floor":5,"turns":3},{"damage":44,"enemies":"Lagavulin","floor":6,"turns":6},{"damage":0,"enemies":"2 Louse","floor":11,"turns":1},{"damage":6,"enemies":"Large Slime","floor":12,"turns":4},{"damage":45,"enemies":"The Guardian","floor":16,"turns":7},{"damage":32,"enemies":"2 Thieves","floor":18,"turns":4},{"damage":10,"enemies":"Chosen","floor":19,"turns":3},{"damage":41,"enemies":"Slaver and Parasite","floor":20,"turns":6},{"damage":0,"enemies":"Snake Plant","floor":27,"turns":2},{"damage":8,"enemies":"Chosen and Byrds","floor":28,"turns":4},{"damage":8,"enemies":"Book of Stabbing","floor":30,"turns":4},{"damage":77,"enemies":"Champ","floor":33,"turns":9},{"damage":23,"enemies":"3 Darklings","floor":35,"turns":6},{"damage":2,"enemies":"3 Shapes","floor":37,"turns":2},{"damage":3,"enemies":"3 Darklings","floor":38,"turns":4},{"damage":2,"enemies":"Sphere and 2 Shapes","floor":39,"turns":3},{"damage":49,"enemies":"Giant Head","floor":40,"turns":7},{"damage":30,"enemies":"Maw","floor":41,"turns":7},{"damage":46,"enemies":"3 Darklings","floor":46,"turns":3},{"damage":23,"enemies":"Sphere and 2 Shapes","floor":47,"turns":4},{"damage":22,"enemies":"4 Shapes","floor":48,"turns":4},{"damage":101,"enemies":"Awakened One","floor":50,"turns":10}],"seed_played":"-1277492554059068471","potions_obtained":[{"floor":1,"key":"Energy Potion"},{"floor":11,"key":"BloodPotion"},{"floor":16,"key":"Swift Potion"},{"floor":18,"key":"Regen Potion"},{"floor":19,"key":"SneckoOil"},{"floor":20,"key":"Regen Potion"},{"floor":27,"key":"Weak Potion"},{"floor":28,"key":"FairyPotion"},{"floor":30,"key":"FearPotion"},{"floor":33,"key":"Regen Potion"},{"floor":35,"key":"GamblersBrew"},{"floor":37,"key":"BloodPotion"},{"floor":38,"key":"Explosive Potion"},{"floor":39,"key":"Swift Potion"},{"floor":40,"key":"SpeedPotion"},{"floor":41,"key":"Strength Potion"},{"floor":46,"key":"EssenceOfSteel"},{"floor":48,"key":"Fruit Juice"}],"is_trial":false,"path_per_floor":["M","$","?","?","M","E","R","?","T","R","M","M","R","$","R","B",null,"M","M","M","T","?","R","?","R","T","M","M","?","E","$","R","B",null,"M","$","M","M","M","E","M","$","T","R","?","M","M","M","R"],"character_chosen":"IRONCLAD","items_purchased":["Anger","Whirlwind","Anger","Weak Potion","Clothesline+1","Pommel Strike+1"],"campfire_rested":6,"item_purchase_floors":[2,2,14,14,31,36],"current_hp_per_floor":[72,72,56,56,61,23,47,47,47,47,53,53,53,53,53,22,80,54,50,29,29,29,53,53,77,77,80,78,62,60,60,80,21,80,63,63,67,70,74,51,39,39,39,78,78,50,45,45,89,0],"gold":160,"neow_bonus":"","is_prod":false,"is_daily":false,"chose_seed":false,"campfire_upgraded":3,"win_rate":0.0,"timestamp":1529850428,"path_taken":["M","$","?","?","?","E","R","?","T","R","M","M","R","$","R","BOSS","M","M","M","?","?","R","?","R","T","M","M","?","E","?","R","BOSS","M","?","M","M","M","E","M","$","T","R","?","M","M","M","R","BOSS"],"build_version":"2018-06-21v2","purchased_purges":1,"victory":false,"max_hp_per_floor":[80,80,80,80,80,80,80,80,80,80,80,80,80,80,80,80,80,80,80,80,80,80,80,80,80,80,80,80,80,80,80,80,80,80,80,80,80,80,80,80,80,80,80,80,80,80,80,84,89,89],"card_choices":[{"not_picked":["Clothesline","Metallicize"],"picked":"Headbutt","floor":1},{"not_picked":["True Grit","Reckless Charge"],"picked":"Cleave","floor":5},{"not_picked":["Intimidate","Brutality"],"picked":"Bludgeon","floor":6},{"not_picked":["Anger","Whirlwind"],"picked":"Carnage","floor":11},{"not_picked":["Cleave","Hemokinesis"],"picked":"Anger","floor":12},{"not_picked":["Bludgeon","Feed"],"picked":"Demon Form","floor":16},{"not_picked":["Iron Wave+1","Pummel"],"picked":"Rage+1","floor":18},{"not_picked":["Flame Barrier","True Grit"],"picked":"Iron Wave","floor":19},{"not_picked":["Body Slam","Perfected Strike"],"picked":"Pommel Strike","floor":20},{"not_picked":["Sword Boomerang+1","Warcry"],"picked":"Iron Wave+1","floor":27},{"not_picked":["Cleave+1","Double Tap"],"picked":"Pommel Strike+1","floor":28},{"not_picked":["Sword Boomerang+1","Dual Wield"],"picked":"Dropkick+1","floor":30},{"not_picked":["Barricade","Juggernaut"],"picked":"Feed+1","floor":33},{"not_picked":["Thunderclap+1","Armaments+1"],"picked":"Cleave+1","floor":35},{"not_picked":["Uppercut+1","Clash+1"],"picked":"Ghostly Armor+1","floor":37},{"not_picked":["Armaments","Corruption"],"picked":"Uppercut+1","floor":38},{"not_picked":["True Grit+1","Dark Embrace"],"picked":"Cleave+1","floor":39},{"not_picked":["Intimidate+1","Flame Barrier+1"],"picked":"Blood for Blood+1","floor":40},{"not_picked":["Twin Strike+1","Perfected Strike+1"],"picked":"Combust+1","floor":41},{"not_picked":["Thunderclap+1","Demon Form"],"picked":"Shrug It Off","floor":46},{"not_picked":["Twin Strike+1","Cleave+1","Feel No Pain+1"],"picked":"SKIP","floor":47},{"not_picked":["Sword Boomerang+1","Clothesline+1"],"picked":"Warcry","floor":48}],"player_experience":0,"relics_obtained":[{"floor":6,"key":"Red Skull"},{"floor":9,"key":"Matryoshka"},{"floor":21,"key":"Bag of Marbles"},{"floor":21,"key":"Meat on the Bone"},{"floor":26,"key":"Bronze Scales"},{"floor":26,"key":"Molten Egg 2"},{"floor":29,"key":"Enchiridion"},{"floor":30,"key":"Regal Pillow"},{"floor":40,"key":"Whetstone"},{"floor":43,"key":"Oddly Smooth Stone"}],"event_choices":[{"event_name":"Shining Light","player_choice":"Entered Light","floor":3,"damage_taken":0},{"event_name":"Golden Wing","player_choice":"Gained Gold","floor":4,"damage_taken":0},{"event_name":"World of Goop","player_choice":"Left","floor":8,"damage_taken":0},{"event_name":"Drug Dealer","player_choice":"Ignored","floor":22,"damage_taken":0},{"event_name":"Masked Bandits","player_choice":"Paid Bandits 145 gold","floor":24,"damage_taken":0},{"event_name":"Cursed Tome","player_choice":"Obtained Book","floor":29,"damage_taken":0},{"event_name":"Duplicator","player_choice":"One dupe","floor":45,"damage_taken":0}],"boss_relics":[{"not_picked":["Empty Cage","Lizard Tail"],"picked":"White Beast Statue"},{"not_picked":["Orrery","Coffee Dripper"],"picked":"Fusion Hammer"}],"items_purged_floors":[36],"is_endless":false,"potions_floor_spawned":[1,11,16,18,19,20,27,28,30,33,35,37,38,39,40,41,46,47,48],"killed_by":"Awakened One","ascension_level":0}