{"gold_per_floor":[116,116,191,201,215,275,275,305,305,305,320,245,265,265,265,339,339,350,350,100,100,100],"floor_reached":22,"playtime":646,"items_purged":["Doubt"],"score":380,"play_id":"ce930702-fb0d-4aa4-87f7-c7bda99a1bf7","local_time":"20181206181942","is_ascension_mode":true,"campfire_choices":[{"data":"Armaments","floor":7,"key":"SMITH"},{"data":"Immolate","floor":10,"key":"SMITH"},{"data":"Bash","floor":15,"key":"SMITH"}],"neow_cost":"NONE","seed_source_timestamp":28230682136640,"circlet_count":0,"master_deck":["AscendersBane","Strike_R","Strike_R","Strike_R","Strike_R","Defend_R","Defend_R","Defend_R","Defend_R","Bash+1","Armaments+1","Anger","Battle Trance","Immolate+1","Dropkick","Feed","Parasite","Pain","Spot Weakness","Ghostly","Ghostly","Ghostly","Limit Break"],"relics":["Burning Blood","Tiny Chest","Self Forming Clay","Bottled Lightning","Odd Mushroom","Paper Frog","Calling Bell","PreservedInsect","Gremlin Horn","Gambling Chip","Nilry\u0027s Codex"],"potions_floor_usage":[16,16],"damage_taken":[{"damage":7,"enemies":"Small Slimes","floor":1,"turns":4},{"damage":0,"enemies":"2 Louse","floor":4,"turns":4},{"damage":0,"enemies":"Jaw Worm","floor":5,"turns":5},{"damage":31,"enemies":"Gremlin Nob","floor":6,"turns":4},{"damage":20,"enemies":"Lagavulin","floor":8,"turns":7},{"damage":0,"enemies":"3 Louse","floor":11,"turns":2},{"damage":0,"enemies":"The Mushroom Lair","floor":13,"turns":2},{"damage":16,"enemies":"Hexaghost","floor":16,"turns":8},{"damage":19,"enemies":"Spheric Guardian","floor":18,"turns":5},{"damage":23,"enemies":"Chosen","floor":22,"turns":5}],"seed_played":"2138774473244055769","potions_obtained":[{"floor":0,"key":"Explosive Potion"},{"floor":0,"key":"Dexterity Potion"}],"is_trial":false,"path_per_floor":["M","?","?","M","M","E","R","E","T","R","M","?","?","T","R","B",null,"M","?","$","?","M"],"character_chosen":"IRONCLAD","items_purchased":["Limit Break"],"campfire_rested":0,"item_purchase_floors":[20],"current_hp_per_floor":[67,72,61,67,73,48,48,34,34,34,40,40,46,46,46,36,69,56,40,40,19,0],"gold":100,"neow_bonus":"THREE_SMALL_POTIONS","is_prod":false,"is_daily":false,"chose_seed":false,"campfire_upgraded":3,"win_rate":0,"timestamp":1544138382,"path_taken":["M","?","?","M","M","E","R","E","T","R","?","?","?","?","R","BOSS","M","?","$","?","M"],"build_version":"2018-11-15","purchased_purges":1,"victory":false,"max_hp_per_floor":[75,80,80,80,80,80,80,80,80,80,80,80,80,80,80,80,80,80,40,40,40,40],"card_choices":[{"not_picked":["Heavy Blade","Twin Strike"],"picked":"Armaments","floor":1},{"not_picked":["Body Slam","Heavy Blade"],"picked":"Anger","floor":4},{"not_picked":["Intimidate","Armaments","Warcry"],"picked":"SKIP","floor":5},{"not_picked":["Warcry","Flex"],"picked":"Battle Trance","floor":6},{"not_picked":["Heavy Blade","Inflame"],"picked":"Immolate","floor":8},{"not_picked":["Sword Boomerang","Twin Strike","Cleave"],"picked":"SKIP","floor":11},{"not_picked":["Armaments","Perfected Strike"],"picked":"Dropkick","floor":13},{"not_picked":["Juggernaut","Dark Embrace"],"picked":"Feed","floor":16},{"not_picked":["Dual Wield","Flex+1"],"picked":"Spot Weakness","floor":18}],"player_experience":1231964,"relics_obtained":[{"floor":6,"key":"Tiny Chest"},{"floor":8,"key":"Self Forming Clay"},{"floor":9,"key":"Bottled Lightning"},{"floor":13,"key":"Odd Mushroom"},{"floor":14,"key":"Paper Frog"},{"floor":17,"key":"PreservedInsect"},{"floor":17,"key":"Gremlin Horn"},{"floor":17,"key":"Gambling Chip"},{"floor":21,"key":"Nilry\u0027s Codex"}],"event_choices":[{"damage_healed":0,"gold_gain":0,"player_choice":"Donut","damage_taken":0,"max_hp_gain":5,"max_hp_loss":0,"event_name":"Big Fish","floor":2,"gold_loss":0},{"damage_healed":0,"gold_gain":75,"player_choice":"Gather Gold","damage_taken":11,"max_hp_gain":0,"max_hp_loss":0,"event_name":"World of Goop","floor":3,"gold_loss":0},{"cards_removed":["Strike_R"],"damage_healed":0,"gold_gain":0,"player_choice":"Card Removal","damage_taken":0,"max_hp_gain":0,"max_hp_loss":0,"event_name":"The Cleric","floor":12,"gold_loss":75},{"damage_healed":0,"gold_gain":0,"player_choice":"Fought Mushrooms","damage_taken":0,"max_hp_gain":0,"max_hp_loss":0,"event_name":"Mushrooms","floor":13,"gold_loss":0},{"damage_healed":0,"gold_gain":0,"player_choice":"Became a Ghost","damage_taken":0,"max_hp_gain":0,"max_hp_loss":40,"event_name":"Ghosts","floor":19,"gold_loss":0,"cards_obtained":["Ghostly","Ghostly","Ghostly"]},{"damage_healed":0,"gold_gain":0,"player_choice":"Obtained Book","damage_taken":21,"max_hp_gain":0,"max_hp_loss":0,"event_name":"Cursed Tome","floor":21,"gold_loss":0}],"is_beta":false,"boss_relics":[{"not_picked":["White Beast Statue","Tiny House"],"picked":"Calling Bell"}],"items_purged_floors":[20],"is_endless":false,"potions_floor_spawned":[1,8,11],"killed_by":"Chosen","ascension_level":20}