{"gold_per_floor":[114,127,147,157,82,82,82,82,152,182,257,227],"floor_reached":12,"playtime":459,"items_purged":["Defend_R"],"score":90,"play_id":"0a550169-68c7-4808-83d9-aa76262b3da6","local_time":"20190717163855","is_ascension_mode":true,"campfire_choices":[{"floor":6,"key":"REST"},{"data":"Armaments","floor":8,"key":"SMITH"}],"neow_cost":"PERCENT_DAMAGE","seed_source_timestamp":341776519444850,"circlet_count":0,"master_deck":["Strike_R","Strike_R","Strike_R","Strike_R","Strike_R","Defend_R","Defend_R","Defend_R","Bash","Armaments+1","Double Tap","Blood for Blood","Regret","Shrug It Off"],"relics":["Burning Blood","Ice Cream","Bronze Scales","Darkstone Periapt","Red Skull"],"potions_floor_usage":[4,10],"damage_taken":[{"damage":1,"enemies":"Cultist","floor":1,"turns":4},{"damage":1,"enemies":"Small Slimes","floor":2,"turns":3},{"damage":2,"enemies":"2 Louse","floor":3,"turns":3},{"damage":48,"enemies":"Exordium Thugs","floor":4,"turns":6},{"damage":41,"enemies":"Lagavulin","floor":10,"turns":7},{"damage":14,"enemies":"Looter","floor":12,"turns":2}],"seed_played":"8534645764800658523","potions_obtained":[{"floor":2,"key":"Swift Potion"},{"floor":4,"key":"Block Potion"}],"is_trial":false,"path_per_floor":["M","M","M","M","$","R","?","R","T","E","?","M"],"character_chosen":"IRONCLAD","items_purchased":[],"campfire_rested":1,"item_purchase_floors":[],"current_hp_per_floor":[61,66,70,28,28,52,52,52,52,17,6,0],"gold":227,"neow_bonus":"ONE_RARE_RELIC","is_prod":false,"is_daily":false,"chose_seed":false,"campfire_upgraded":1,"win_rate":0,"timestamp":1563374335,"path_taken":["M","?","M","M","$","R","?","R","T","E","?","?"],"build_version":"2019-07-05","purchased_purges":1,"victory":false,"max_hp_per_floor":[80,80,80,80,80,80,80,80,80,80,80,80],"card_choices":[{"not_picked":["Pommel Strike","Twin Strike","Havoc"],"picked":"SKIP","floor":1},{"not_picked":["Heavy Blade","Thunderclap"],"picked":"Armaments","floor":2},{"not_picked":["Iron Wave","Body Slam"],"picked":"Double Tap","floor":3},{"not_picked":["Armaments","Warcry"],"picked":"Blood for Blood","floor":4},{"not_picked":["Perfected Strike","Flex"],"picked":"Shrug It Off","floor":10}],"player_experience":195923,"relics_obtained":[{"floor":9,"key":"Darkstone Periapt"},{"floor":10,"key":"Red Skull"}],"event_choices":[{"damage_healed":0,"gold_gain":0,"player_choice":"Box","damage_taken":0,"relics_obtained":["Bronze Scales"],"max_hp_gain":0,"max_hp_loss":0,"event_name":"Big Fish","floor":7,"gold_loss":0,"cards_obtained":["Regret"]},{"damage_healed":0,"gold_gain":75,"player_choice":"Gather Gold","damage_taken":11,"max_hp_gain":0,"max_hp_loss":0,"event_name":"World of Goop","floor":11,"gold_loss":0}],"is_beta":false,"boss_relics":[],"items_purged_floors":[5],"is_endless":false,"potions_floor_spawned":[2,4],"killed_by":"Looter","ascension_level":3}