{"gold_per_floor":[110,123,123,136,136,170,170,199,199,199,219,254,254,16,16,120,120,131,131,146,94,94,128,128,128],"floor_reached":25,"playtime":2027,"items_purged":["Strike_R"],"score":249,"play_id":"929d7fdb-4910-4ebf-8d0e-3cfa44df783f","local_time":"20180717215140","is_ascension_mode":true,"campfire_choices":[{"floor":7,"key":"DIG"},{"floor":10,"key":"DIG"},{"floor":13,"key":"REST"},{"floor":15,"key":"DIG"}],"neow_cost":"TEN_PERCENT_HP_LOSS","seed_source_timestamp":526555842370310,"circlet_count":0,"master_deck":["Strike_R","Strike_R","Strike_R","Strike_R","Defend_R","Defend_R","Defend_R","Bash","Flex","Shrug It Off","Reaper","Battle Trance","Searing Blow+1","Headbutt+1","Iron Wave+1","Iron Wave+1","Reaper+1","Injury","Injury","Pain","Armaments","Rupture","Flex","Reaper+1"],"relics":["Burning Blood","Shovel","Molten Egg 2","Smiling Mask","Mummified Hand","Bottled Lightning","Du-Vu Doll","Sundial","Vajra","Juzu Bracelet","Calling Bell","Omamori","Dodecahedron","Torii","Darkstone Periapt"],"potions_floor_usage":[6,16,20,23],"damage_taken":[{"damage":11,"enemies":"Jaw Worm","floor":1,"turns":5},{"damage":1,"enemies":"Cultist","floor":2,"turns":3},{"damage":3,"enemies":"2 Louse","floor":4,"turns":3},{"damage":53,"enemies":"Lagavulin","floor":6,"turns":7},{"damage":30,"enemies":"3 Sentries","floor":8,"turns":9},{"damage":2,"enemies":"Large Slime","floor":11,"turns":5},{"damage":41,"enemies":"Lagavulin","floor":12,"turns":6},{"damage":41,"enemies":"Hexaghost","floor":16,"turns":12},{"damage":7,"enemies":"Chosen","floor":18,"turns":4},{"damage":38,"enemies":"3 Byrds","floor":20,"turns":7},{"damage":25,"enemies":"Gremlin Leader","floor":23,"turns":8},{"damage":84,"enemies":"Book of Stabbing","floor":25,"turns":6}],"seed_played":"-8232232281100859276","potions_obtained":[{"floor":2,"key":"SteroidPotion"},{"floor":12,"key":"SkillPotion"},{"floor":16,"key":"Ancient Potion"},{"floor":18,"key":"SkillPotion"},{"floor":20,"key":"Weak Potion"}],"is_trial":false,"path_per_floor":["M","M","?","M","?","E","R","E","T","R","M","E","R","$","R","B",null,"M","?","M","$","?","E","?"],"character_chosen":"IRONCLAD","items_purchased":["Vajra","Iron Wave+1","Flex"],"campfire_rested":1,"item_purchase_floors":[14,14,21],"current_hp_per_floor":[67,72,72,72,72,38,38,32,32,32,44,15,36,36,36,8,72,72,72,52,52,57,72,59,0],"gold":128,"neow_bonus":"ONE_RARE_RELIC","is_prod":false,"is_daily":false,"chose_seed":false,"campfire_upgraded":0,"win_rate":0,"timestamp":1531878700,"path_taken":["M","M","?","M","?","E","R","E","T","R","M","E","R","?","R","BOSS","M","?","M","$","?","E","?","E"],"build_version":"2018-07-12","purchased_purges":1,"victory":false,"max_hp_per_floor":[72,72,72,72,72,72,72,72,72,72,72,72,72,72,72,72,72,72,72,72,72,72,72,77,77],"card_choices":[{"not_picked":["Sever Soul","Pummel"],"picked":"Flex","floor":1},{"not_picked":["Wild Strike","Headbutt"],"picked":"Shrug It Off","floor":2},{"not_picked":["Reckless Charge","Fire Breathing"],"picked":"Reaper","floor":4},{"not_picked":["Thunderclap","Fire Breathing"],"picked":"Battle Trance","floor":6},{"not_picked":["Entrench","Inflame"],"picked":"Searing Blow+1","floor":8},{"not_picked":["Wild Strike+1","Hemokinesis+1"],"picked":"Headbutt+1","floor":11},{"not_picked":["Clothesline+1","Spot Weakness"],"picked":"Iron Wave+1","floor":12},{"not_picked":["Immolate+1","Fiend Fire+1"],"picked":"Reaper+1","floor":16},{"not_picked":["Body Slam+1","Pummel+1"],"picked":"Armaments","floor":18},{"not_picked":["Thunderclap+1","Armaments"],"picked":"Rupture","floor":20},{"not_picked":["Perfected Strike+1","Flame Barrier+1"],"picked":"Reaper+1","floor":23}],"player_experience":134293,"relics_obtained":[{"floor":6,"key":"Molten Egg 2"},{"floor":7,"key":"Smiling Mask"},{"floor":8,"key":"Mummified Hand"},{"floor":9,"key":"Bottled Lightning"},{"floor":10,"key":"Du-Vu Doll"},{"floor":12,"key":"Sundial"},{"floor":15,"key":"Juzu Bracelet"},{"floor":17,"key":"Omamori"},{"floor":17,"key":"Dodecahedron"},{"floor":17,"key":"Torii"},{"floor":23,"key":"Darkstone Periapt"}],"event_choices":[{"event_name":"Purifier","player_choice":"One Purge","floor":3,"damage_taken":0},{"event_name":"The Cleric","player_choice":"Leave","floor":5,"damage_taken":0},{"event_name":"The Library","player_choice":"Read","floor":19,"damage_taken":0},{"event_name":"Bonfire Elementals","player_choice":"COMMON","floor":22,"damage_taken":0},{"event_name":"Forgotten Altar","player_choice":"Shed Blood","floor":24,"damage_taken":0}],"boss_relics":[{"not_picked":["Snecko Eye","Sozu"],"picked":"Calling Bell"}],"items_purged_floors":[14],"is_endless":false,"potions_floor_spawned":[2,12,16,18,20],"killed_by":"Book of Stabbing","ascension_level":1}