{"gold_per_floor":[115,115,20,20,20,53,53,66,66,66,101,26,26,44,44,44],"floor_reached":16,"playtime":365,"items_purged":["Feel No Pain"],"score":249,"play_id":"df08bd65-7ccf-4548-b655-6c560f0f94a5","local_time":"20190722200651","is_ascension_mode":true,"campfire_choices":[{"data":"Body Slam","floor":7,"key":"SMITH"},{"data":"Searing Blow","floor":15,"key":"SMITH"}],"neow_cost":"NONE","seed_source_timestamp":21297479152466,"circlet_count":0,"master_deck":["AscendersBane","Strike_R","Strike_R","Strike_R","Defend_R","Defend_R","Defend_R","Defend_R","Bash","Body Slam+1","True Grit","Pommel Strike","Searing Blow+1","Whirlwind"],"relics":["Burning Blood","NeowsBlessing","Golden Idol","Juzu Bracelet","Gremlin Horn","Meat on the Bone","Torii"],"potions_floor_usage":[14],"damage_taken":[{"damage":0,"enemies":"Small Slimes","floor":1,"turns":1},{"damage":0,"enemies":"Gremlin Nob","floor":6,"turns":1},{"damage":0,"enemies":"2 Louse","floor":8,"turns":1},{"damage":49,"enemies":"Lagavulin","floor":11,"turns":9},{"damage":0,"enemies":"Cultist","floor":14,"turns":2},{"damage":53,"enemies":"Hexaghost","floor":16,"turns":11}],"seed_played":"-1506599835024737686","potions_obtained":[{"floor":11,"key":"Explosive Potion"}],"is_trial":false,"path_per_floor":["M","?","$","?","?","E","R","M","T","?","E","$","?","M","R","B"],"character_chosen":"IRONCLAD","items_purchased":["Dropkick","True Grit"],"campfire_rested":0,"item_purchase_floors":[3,3],"current_hp_per_floor":[74,74,74,48,48,54,54,60,60,60,29,29,29,47,47,0],"gold":44,"neow_bonus":"THREE_ENEMY_KILL","is_prod":false,"is_daily":false,"chose_seed":false,"campfire_upgraded":2,"win_rate":0,"timestamp":1563840411,"path_taken":["M","?","$","?","?","E","R","M","T","?","E","?","?","M","R","BOSS"],"build_version":"2019-07-17","purchased_purges":1,"victory":false,"max_hp_per_floor":[75,75,75,75,75,75,75,75,75,75,75,75,75,75,75,75],"card_choices":[{"not_picked":["Havoc","Anger"],"picked":"Body Slam","floor":1},{"not_picked":["Infernal Blade","Burning Pact"],"picked":"Pommel Strike","floor":6},{"not_picked":["Clothesline","Clash"],"picked":"Searing Blow","floor":8},{"not_picked":["Blood for Blood","Dual Wield","Dark Embrace"],"picked":"SKIP","floor":11},{"not_picked":["Headbutt","Havoc"],"picked":"Whirlwind","floor":14}],"player_experience":587238,"relics_obtained":[{"floor":6,"key":"Gremlin Horn"},{"floor":9,"key":"Meat on the Bone"},{"floor":11,"key":"Torii"}],"event_choices":[{"damage_healed":0,"gold_gain":0,"cards_transformed":["Strike_R"],"player_choice":"Change","damage_taken":0,"max_hp_gain":0,"max_hp_loss":0,"event_name":"Living Wall","floor":2,"gold_loss":0,"cards_obtained":["Feel No Pain"]},{"damage_healed":0,"gold_gain":0,"player_choice":"Take Damage","damage_taken":26,"relics_obtained":["Golden Idol"],"max_hp_gain":0,"max_hp_loss":0,"event_name":"Golden Idol","floor":4,"gold_loss":0},{"cards_removed":["Dropkick"],"damage_healed":0,"gold_gain":0,"player_choice":"Gave Card","damage_taken":0,"relics_obtained":["Juzu Bracelet"],"max_hp_gain":0,"max_hp_loss":0,"event_name":"WeMeetAgain","floor":5,"gold_loss":0},{"cards_removed":["Strike_R"],"damage_healed":0,"gold_gain":0,"player_choice":"Purged","damage_taken":0,"max_hp_gain":0,"max_hp_loss":0,"event_name":"Purifier","floor":10,"gold_loss":0},{"damage_healed":0,"gold_gain":0,"player_choice":"Searched \u00271\u0027 times","damage_taken":0,"max_hp_gain":0,"max_hp_loss":0,"event_name":"Dead Adventurer","floor":13,"gold_loss":0}],"is_beta":false,"boss_relics":[],"items_purged_floors":[12],"is_endless":false,"potions_floor_spawned":[11],"killed_by":"Hexaghost","ascension_level":18}