{"gold_per_floor":[116,126,276,22,40,72,72,102,128,138,155,25,25,39,39,39],"floor_reached":16,"playtime":615,"items_purged":["Doubt"],"score":224,"play_id":"6f2b43a1-87e9-4370-8af6-153d53f4203f","local_time":"20181122140205","is_ascension_mode":true,"campfire_choices":[{"data":"Bash","floor":7,"key":"SMITH"},{"data":"True Grit","floor":13,"key":"SMITH"},{"data":"True Grit","floor":15,"key":"SMITH"}],"neow_cost":"NONE","seed_source_timestamp":139898047500983,"circlet_count":0,"master_deck":["AscendersBane","Strike_R","Strike_R","Strike_R","Strike_R","Strike_R","Defend_R","Defend_R","Defend_R","Defend_R","Bash+1","Dropkick","Rampage","Headbutt","Dark Embrace","True Grit+1","Shockwave","True Grit+1","Dropkick"],"relics":["Burning Blood","Medical Kit","Strawberry","Pen Nib","Lantern"],"potions_floor_usage":[2,6,16,16],"damage_taken":[{"damage":6,"enemies":"Small Slimes","floor":1,"turns":5},{"damage":7,"enemies":"Jaw Worm","floor":2,"turns":3},{"damage":0,"enemies":"Cultist","floor":5,"turns":2},{"damage":32,"enemies":"Gremlin Nob","floor":6,"turns":4},{"damage":28,"enemies":"Lagavulin","floor":8,"turns":6},{"damage":14,"enemies":"2 Fungi Beasts","floor":10,"turns":6},{"damage":4,"enemies":"Looter","floor":11,"turns":2},{"damage":12,"enemies":"Large Slime","floor":14,"turns":5},{"damage":31,"enemies":"The Guardian","floor":16,"turns":13}],"seed_played":"2738109943515296032","potions_obtained":[{"floor":1,"key":"FearPotion"},{"floor":5,"key":"Explosive Potion"},{"floor":11,"key":"FearPotion"},{"floor":14,"key":"Block Potion"}],"is_trial":false,"path_per_floor":["M","M","?","$","M","E","R","E","T","M","M","$","R","M","R","B"],"character_chosen":"IRONCLAD","items_purchased":["Medical Kit","Headbutt","PowerPotion"],"campfire_rested":0,"item_purchase_floors":[4,4,12],"current_hp_per_floor":[75,74,74,74,80,61,61,39,39,31,33,33,33,27,27,0],"gold":39,"neow_bonus":"TEN_PERCENT_HP_BONUS","is_prod":false,"is_daily":false,"chose_seed":false,"campfire_upgraded":3,"win_rate":0,"timestamp":1542913325,"path_taken":["M","M","?","$","M","E","R","E","T","M","M","$","R","M","R","BOSS"],"build_version":"2018-11-15","purchased_purges":1,"victory":false,"max_hp_per_floor":[82,82,82,82,82,89,89,89,89,89,89,89,89,89,89,89],"card_choices":[{"not_picked":["Feel No Pain","Thunderclap"],"picked":"Dropkick","floor":1},{"not_picked":["Iron Wave","Clash"],"picked":"Rampage","floor":2},{"not_picked":["Metallicize","Heavy Blade"],"picked":"Dark Embrace","floor":5},{"not_picked":["Blood for Blood","Iron Wave"],"picked":"True Grit","floor":6},{"not_picked":["Iron Wave","Havoc"],"picked":"Shockwave","floor":8},{"not_picked":["Pummel","Cleave"],"picked":"True Grit","floor":10},{"not_picked":["Twin Strike","Heavy Blade"],"picked":"Dropkick","floor":11},{"not_picked":["Clothesline","Bloodletting","Wild Strike"],"picked":"SKIP","floor":14}],"player_experience":1139910,"relics_obtained":[{"floor":6,"key":"Strawberry"},{"floor":8,"key":"Pen Nib"},{"floor":9,"key":"Lantern"}],"event_choices":[{"damage_healed":0,"gold_gain":150,"player_choice":"AGREE","damage_taken":0,"max_hp_gain":0,"max_hp_loss":0,"event_name":"Liars Game","floor":3,"gold_loss":0,"cards_obtained":["Doubt"]}],"is_beta":false,"boss_relics":[],"items_purged_floors":[12],"is_endless":false,"potions_floor_spawned":[1,5,11,14],"killed_by":"The Guardian","ascension_level":20}