{"gold_per_floor":[111,111,131,131,19,48,48,82,109,109,109,127,156,175,175,272,272,286,286,286,42,42,74,92,92,119,119,119,119,130,163,163,163],"floor_reached":33,"playtime":1900,"items_purged":["Strike_R"],"score":384,"play_id":"fe35caf1-4ffe-4997-9ed4-8f6001c7a28a","local_time":"20190720144527","is_ascension_mode":true,"campfire_choices":[{"data":"Flame Barrier","floor":7,"key":"SMITH"},{"data":"Cleave","floor":10,"key":"SMITH"},{"floor":15,"key":"REST"},{"floor":25,"key":"REST"},{"data":"Limit Break","floor":27,"key":"SMITH"},{"floor":29,"key":"REST"},{"floor":32,"key":"REST"}],"neow_cost":"NONE","seed_source_timestamp":592747775705236,"circlet_count":0,"master_deck":["Defend_R","Defend_R","Defend_R","Bash","Sever Soul","Infernal Blade","Anger","Flame Barrier+1","Exhume","Cleave+1","Cleave","Clash","Shockwave","Limit Break+1","Battle Trance","Bite","Bite","Bite","Bite","Bite","J.A.X.","Flex","Flame Barrier","Cleave+1"],"relics":["Burning Blood","Pen Nib","Boot","Orichalcum","Charon\u0027s Ashes","Sozu","Bottled Flame","Art of War","Vajra","PreservedInsect"],"potions_floor_usage":[8],"damage_taken":[{"damage":7,"enemies":"Jaw Worm","floor":1,"turns":2},{"damage":1,"enemies":"Cultist","floor":3,"turns":3},{"damage":28,"enemies":"3 Sentries","floor":6,"turns":10},{"damage":20,"enemies":"Lagavulin","floor":8,"turns":5},{"damage":0,"enemies":"2 Louse","floor":12,"turns":1},{"damage":12,"enemies":"3 Sentries","floor":13,"turns":4},{"damage":6,"enemies":"Exordium Thugs","floor":14,"turns":3},{"damage":48,"enemies":"Hexaghost","floor":16,"turns":9},{"damage":5,"enemies":"2 Thieves","floor":18,"turns":2},{"damage":45,"enemies":"Book of Stabbing","floor":23,"turns":5},{"damage":6,"enemies":"Shell Parasite","floor":24,"turns":2},{"damage":9,"enemies":"Cultist and Chosen","floor":30,"turns":4},{"damage":35,"enemies":"Slavers","floor":31,"turns":4},{"damage":73,"enemies":"Automaton","floor":33,"turns":6}],"seed_played":"8681701389525353287","potions_obtained":[{"floor":6,"key":"Regen Potion"},{"floor":8,"key":"Dexterity Potion"}],"is_trial":false,"path_per_floor":["M","?","M","?","$","E","R","E","T","R","$","M","E","M","R","B",null,"M","?","?","$","?","E","M","R","T","R","?","R","M","E","R","B"],"character_chosen":"IRONCLAD","items_purchased":["Flame Barrier","Bottled Flame"],"campfire_rested":4,"item_purchase_floors":[5,21],"current_hp_per_floor":[79,79,80,73,73,51,51,51,51,51,51,57,51,51,75,33,80,80,56,56,56,47,18,22,40,40,40,40,58,61,34,52,0],"gold":163,"neow_bonus":"TRANSFORM_CARD","is_prod":false,"is_daily":false,"chose_seed":false,"campfire_upgraded":3,"win_rate":0,"timestamp":1563626727,"path_taken":["M","?","?","?","?","E","R","E","T","R","?","M","E","M","R","BOSS","M","?","?","$","?","E","M","R","T","R","?","R","M","E","R","BOSS"],"build_version":"2019-07-17","purchased_purges":1,"victory":false,"max_hp_per_floor":[80,80,80,80,80,80,80,80,80,80,80,80,80,80,80,80,80,80,56,56,56,61,61,61,61,61,61,61,61,61,61,61,61],"card_choices":[{"not_picked":["Thunderclap","Heavy Blade"],"picked":"Infernal Blade","floor":1},{"not_picked":["Sentinel","Shrug It Off"],"picked":"Anger","floor":3},{"not_picked":["Havoc","Bloodletting"],"picked":"Exhume","floor":6},{"not_picked":["Metallicize","Twin Strike"],"picked":"Cleave","floor":8},{"not_picked":["Twin Strike","Combust"],"picked":"Cleave","floor":12},{"not_picked":["Heavy Blade","Iron Wave"],"picked":"Clash","floor":13},{"not_picked":["Metallicize","Headbutt"],"picked":"Shockwave","floor":14},{"not_picked":["Reaper","Berserk"],"picked":"Limit Break","floor":16},{"not_picked":["Headbutt","Clothesline"],"picked":"Battle Trance","floor":18},{"not_picked":["Headbutt","True Grit","Clash"],"picked":"SKIP","floor":23},{"not_picked":["Berserk","Perfected Strike","Heavy Blade"],"picked":"SKIP","floor":24},{"not_picked":["Intimidate","Thunderclap"],"picked":"Flame Barrier","floor":30},{"not_picked":["Fire Breathing+1","Dropkick"],"picked":"Cleave+1","floor":31}],"player_experience":246977,"relics_obtained":[{"floor":6,"key":"Pen Nib"},{"floor":8,"key":"Boot"},{"floor":9,"key":"Orichalcum"},{"floor":13,"key":"Charon\u0027s Ashes"},{"floor":23,"key":"Art of War"},{"floor":26,"key":"Vajra"},{"floor":31,"key":"PreservedInsect"}],"event_choices":[{"damage_healed":0,"gold_gain":0,"player_choice":"Cursed","damage_taken":0,"max_hp_gain":0,"max_hp_loss":0,"event_name":"Wheel of Change","floor":2,"gold_loss":0,"cards_obtained":["Decay"]},{"cards_removed":["Decay"],"damage_healed":0,"gold_gain":0,"player_choice":"Card Removal","damage_taken":7,"max_hp_gain":0,"max_hp_loss":0,"event_name":"Golden Wing","floor":4,"gold_loss":0},{"damage_healed":0,"gold_gain":0,"player_choice":"Became a vampire","damage_taken":0,"max_hp_gain":0,"max_hp_loss":24,"event_name":"Vampires","floor":19,"gold_loss":0,"cards_obtained":["Bite","Bite","Bite","Bite","Bite"]},{"damage_healed":0,"gold_gain":0,"player_choice":"Obtain J.A.X.","damage_taken":0,"max_hp_gain":0,"max_hp_loss":0,"event_name":"Drug Dealer","floor":20,"gold_loss":0,"cards_obtained":["J.A.X."]},{"damage_healed":0,"gold_gain":0,"player_choice":"Shed Blood","damage_taken":14,"max_hp_gain":5,"max_hp_loss":0,"event_name":"Forgotten Altar","floor":22,"gold_loss":0},{"damage_healed":0,"gold_gain":0,"player_choice":"Read","damage_taken":0,"max_hp_gain":0,"max_hp_loss":0,"event_name":"The Library","floor":28,"gold_loss":0,"cards_obtained":["Flex"]}],"is_beta":false,"boss_relics":[{"not_picked":["Orrery","Ectoplasm"],"picked":"Sozu"}],"items_purged_floors":[5],"is_endless":false,"potions_floor_spawned":[6,8,30,31],"killed_by":"Automaton","ascension_level":4}