{"gold_per_floor":[119,139,139,139,139,139,158,158,208,241,257,268,288,301,301,398,398,413,431,43,43,43,43,54],"floor_reached":24,"playtime":2520,"items_purged":[],"score":210,"play_id":"0b5e501b-0ada-49a0-88fa-ec58d876074c","local_time":"20190711043611","is_ascension_mode":true,"campfire_choices":[{"floor":6,"key":"RECALL"},{"data":"Bash","floor":8,"key":"SMITH"},{"floor":15,"key":"REST"},{"floor":23,"key":"REST"}],"neow_cost":"NONE","seed_source_timestamp":83208238623326,"circlet_count":0,"master_deck":["Strike_R","Strike_R","Strike_R","Defend_R","Defend_R","Defend_R+1","Defend_R+1","Bash+1","Headbutt","Havoc","Pommel Strike","Flex","Iron Wave","Shockwave","Bludgeon","Spot Weakness","Body Slam","Demon Form","Intimidate","Metallicize","Armaments"],"relics":["Burning Blood","War Paint","Vajra","Snecko Eye","Gremlin Horn","Dream Catcher","Enchiridion"],"potions_floor_usage":[2,12,12,16,19,19],"damage_taken":[{"damage":0,"enemies":"2 Louse","floor":1,"turns":2},{"damage":0,"enemies":"Cultist","floor":2,"turns":3},{"damage":3,"enemies":"Jaw Worm","floor":7,"turns":3},{"damage":28,"enemies":"Gremlin Nob","floor":10,"turns":5},{"damage":13,"enemies":"Blue Slaver","floor":11,"turns":4},{"damage":2,"enemies":"Exordium Wildlife","floor":12,"turns":3},{"damage":5,"enemies":"3 Louse","floor":13,"turns":3},{"damage":8,"enemies":"Lots of Slimes","floor":14,"turns":5},{"damage":49,"enemies":"Hexaghost","floor":16,"turns":10},{"damage":60,"enemies":"3 Byrds","floor":18,"turns":7},{"damage":34,"enemies":"2 Thieves","floor":19,"turns":4},{"damage":18,"enemies":"Centurion and Healer","floor":24,"turns":7}],"seed_played":"-8196631035639363845","potions_obtained":[{"floor":1,"key":"Explosive Potion"},{"floor":7,"key":"Regen Potion"},{"floor":10,"key":"Explosive Potion"},{"floor":11,"key":"BloodPotion"},{"floor":14,"key":"SkillPotion"},{"floor":16,"key":"Explosive Potion"},{"floor":19,"key":"SpeedPotion"}],"is_trial":false,"path_per_floor":["M","M","?","?","$","R","M","R","T","E","M","M","M","M","R","B",null,"M","M","$","?","?","R","M"],"character_chosen":"IRONCLAD","items_purchased":["Gremlin Horn","Dream Catcher"],"campfire_rested":2,"item_purchase_floors":[20,20],"current_hp_per_floor":[80,80,80,80,80,80,80,80,80,58,51,64,65,63,80,37,80,26,18,18,2,2,26,14],"gold":54,"neow_bonus":"RANDOM_COMMON_RELIC","is_prod":false,"is_daily":false,"chose_seed":false,"campfire_upgraded":1,"win_rate":0,"timestamp":1562844971,"path_taken":["M","M","?","?","$","R","?","R","T","E","M","M","M","M","R","BOSS","M","M","$","?","?","R","M"],"build_version":"2019-07-05","purchased_purges":0,"victory":false,"max_hp_per_floor":[80,80,80,80,80,80,80,80,80,80,80,80,80,80,80,80,80,80,80,80,80,80,80,80],"card_choices":[{"not_picked":["Bloodletting","Dropkick","Fire Breathing"],"picked":"SKIP","floor":1},{"not_picked":["Dual Wield","Searing Blow"],"picked":"Body Slam","floor":2},{"not_picked":["Cleave","Burning Pact"],"picked":"Headbutt","floor":7},{"not_picked":["Headbutt","Carnage"],"picked":"Havoc","floor":10},{"not_picked":["Metallicize","Iron Wave"],"picked":"Pommel Strike","floor":11},{"not_picked":["Wild Strike","Havoc"],"picked":"Flex","floor":12},{"not_picked":["Entrench","Sever Soul"],"picked":"Iron Wave","floor":13},{"not_picked":["Body Slam","Perfected Strike"],"picked":"Shockwave","floor":14},{"not_picked":["Berserk","Brutality"],"picked":"Bludgeon","floor":16},{"not_picked":["Clash","Warcry"],"picked":"Spot Weakness","floor":18},{"not_picked":["Sever Soul","Pommel Strike"],"picked":"Body Slam","floor":19},{"not_picked":["Second Wind","Bludgeon"],"picked":"Metallicize","floor":23},{"not_picked":["Clothesline+1","Sever Soul"],"picked":"Armaments","floor":24}],"player_experience":265012,"relics_obtained":[{"floor":10,"key":"Vajra"},{"floor":21,"key":"Enchiridion"}],"event_choices":[{"damage_healed":0,"gold_gain":0,"player_choice":"Ignored","damage_taken":0,"max_hp_gain":0,"max_hp_loss":0,"event_name":"Golden Wing","floor":3,"gold_loss":0},{"cards_removed":["Body Slam"],"damage_healed":5,"gold_gain":0,"player_choice":"Offered Common","damage_taken":0,"max_hp_gain":0,"max_hp_loss":0,"event_name":"Bonfire Elementals","floor":4,"gold_loss":0},{"cards_removed":["Body Slam"],"damage_healed":5,"gold_gain":0,"player_choice":"Offered Special","damage_taken":0,"max_hp_gain":0,"max_hp_loss":0,"event_name":"Bonfire Elementals","floor":4,"gold_loss":0},{"damage_healed":0,"gold_gain":0,"player_choice":"Obtained Book","damage_taken":16,"max_hp_gain":0,"max_hp_loss":0,"event_name":"Cursed Tome","floor":21,"gold_loss":0},{"damage_healed":0,"gold_gain":0,"cards_transformed":["Strike_R","Strike_R"],"player_choice":"Became Test Subject","damage_taken":0,"max_hp_gain":0,"max_hp_loss":0,"event_name":"Drug Dealer","floor":22,"gold_loss":0,"cards_obtained":["Demon Form","Intimidate"]}],"is_beta":false,"boss_relics":[{"not_picked":["Orrery","Lizard Tail"],"picked":"Snecko Eye"}],"items_purged_floors":[],"is_endless":false,"potions_floor_spawned":[1,7,10,11,14,16,19],"killed_by":"Centurion and Healer","ascension_level":1}