{"gold_per_floor":[116,116,133,152,152,152,180,199,199,43,69,82,82,101,101,197,197,207,132,47,61,61,86,101,101,101,101,169,185,80,93,93,194,194,210,221,371,421,471,471,485,485,512,522,557,607,621,6,6,6],"floor_reached":50,"playtime":2287,"items_purged":["Strike_R","Strike_R"],"score":630,"play_id":"1d1e1ddb-3281-4735-ad79-f169fde8be1c","local_time":"20190714003116","is_ascension_mode":true,"campfire_choices":[{"data":"Perfected Strike","floor":6,"key":"SMITH"},{"data":"Uppercut","floor":13,"key":"SMITH"},{"floor":15,"key":"REST"},{"data":"Perfected Strike","floor":25,"key":"SMITH"},{"data":"Shrug It Off","floor":27,"key":"SMITH"},{"floor":32,"key":"REST"},{"floor":40,"key":"RECALL"},{"data":"Flame Barrier","floor":42,"key":"SMITH"},{"floor":49,"key":"REST"}],"neow_cost":"NONE","seed_source_timestamp":22681092408773,"circlet_count":0,"master_deck":["Strike_R","Strike_R+1","Strike_R+1","Defend_R","Defend_R","Defend_R","Bash","Perfected Strike+1","Shrug It Off+1","Perfected Strike","Twin Strike","Uppercut+1","Perfected Strike+1","Bloodletting","Anger","Exhume","Perfected Strike","Thunderclap+1","Perfected Strike+1","Body Slam","Inflame","Flame Barrier+1","Impervious","Dropkick+1","Pommel Strike+1","Sentinel+1","Perfected Strike+1","Double Tap","Clash+1","Finesse","Dark Shackles","Jack Of All Trades","Spot Weakness+1","Heavy Blade","Flex","Body Slam","Double Tap"],"relics":["Burning Blood","Self Forming Clay","Pantograph","Lantern","Unceasing Top","Sozu","Bag of Preparation","SsserpentHead","Dodecahedron","PreservedInsect","Black Star","Magic Flower","Paper Frog","Anchor","Orichalcum","Kunai"],"potions_floor_usage":[7,18,28],"damage_taken":[{"damage":4,"enemies":"Jaw Worm","floor":1,"turns":3},{"damage":0,"enemies":"2 Louse","floor":3,"turns":2},{"damage":0,"enemies":"Cultist","floor":4,"turns":2},{"damage":7,"enemies":"3 Sentries","floor":7,"turns":5},{"damage":15,"enemies":"Red Slaver","floor":8,"turns":4},{"damage":24,"enemies":"Lagavulin","floor":11,"turns":6},{"damage":8,"enemies":"Blue Slaver","floor":12,"turns":3},{"damage":0,"enemies":"3 Louse","floor":14,"turns":2},{"damage":44,"enemies":"The Guardian","floor":16,"turns":6},{"damage":1,"enemies":"Shell Parasite","floor":18,"turns":2},{"damage":6,"enemies":"Spheric Guardian","floor":21,"turns":3},{"damage":29,"enemies":"Gremlin Leader","floor":23,"turns":4},{"damage":9,"enemies":"Chosen and Byrds","floor":24,"turns":3},{"damage":4,"enemies":"Snake Plant","floor":28,"turns":3},{"damage":3,"enemies":"3 Cultists","floor":29,"turns":3},{"damage":14,"enemies":"Centurion and Healer","floor":31,"turns":5},{"damage":38,"enemies":"Automaton","floor":33,"turns":5},{"damage":8,"enemies":"3 Shapes","floor":35,"turns":3},{"damage":4,"enemies":"Orb Walker","floor":36,"turns":2},{"damage":18,"enemies":"Mind Bloom Boss Battle","floor":37,"turns":3},{"damage":23,"enemies":"Maw","floor":41,"turns":5},{"damage":11,"enemies":"3 Darklings","floor":44,"turns":5},{"damage":15,"enemies":"Nemesis","floor":45,"turns":4},{"damage":8,"enemies":"4 Shapes","floor":47,"turns":4},{"damage":81,"enemies":"Time Eater","floor":50,"turns":9}],"seed_played":"3620540112068783510","potions_obtained":[{"floor":3,"key":"Block Potion"},{"floor":11,"key":"GamblersBrew"},{"floor":16,"key":"Dexterity Potion"}],"is_trial":false,"path_per_floor":["M","?","M","M","?","R","E","M","T","$","E","M","R","M","R","B",null,"M","$","?","M","?","E","M","R","T","R","M","M","$","M","R","B",null,"M","M","?","?","T","R","M","R","T","M","E","?","M","$","R","B"],"character_chosen":"IRONCLAD","items_purchased":["Lantern","Inflame","Flame Barrier","Kunai","Heavy Blade","Flex","Body Slam","Double Tap"],"campfire_rested":3,"item_purchase_floors":[10,30,30,48,48,48,48,48],"current_hp_per_floor":[80,64,70,76,76,76,75,66,66,66,48,46,46,52,76,42,80,80,80,80,80,80,57,54,54,54,54,56,59,59,51,75,48,80,78,80,68,68,68,68,54,54,54,52,46,36,37,37,61,0],"gold":6,"neow_bonus":"THREE_CARDS","is_prod":false,"is_daily":false,"chose_seed":false,"campfire_upgraded":5,"win_rate":0,"timestamp":1563057076,"path_taken":["M","?","M","M","?","R","E","?","T","?","E","M","R","M","R","BOSS","M","$","?","M","?","E","M","R","T","R","?","M","$","M","R","BOSS","M","M","?","?","?","R","M","R","T","M","E","?","M","$","R","BOSS"],"build_version":"2019-07-05","purchased_purges":2,"victory":false,"max_hp_per_floor":[80,80,80,80,80,80,80,80,80,80,80,80,80,80,80,80,80,80,80,80,80,80,80,80,80,80,80,80,80,80,80,80,80,80,80,80,80,80,80,80,80,80,80,80,80,80,80,80,80,80],"card_choices":[{"not_picked":["Iron Wave","Cleave"],"picked":"Perfected Strike","floor":0},{"not_picked":["Iron Wave","Headbutt"],"picked":"Shrug It Off","floor":1},{"not_picked":["Cleave","Rampage"],"picked":"Perfected Strike","floor":3},{"not_picked":["Sword Boomerang","Cleave"],"picked":"Twin Strike","floor":4},{"not_picked":["Evolve","Pummel"],"picked":"Uppercut","floor":7},{"not_picked":["Berserk","Cleave","Second Wind"],"picked":"SKIP","floor":8},{"not_picked":["Clothesline","Intimidate"],"picked":"Perfected Strike","floor":11},{"not_picked":["Twin Strike","Sword Boomerang"],"picked":"Bloodletting","floor":12},{"not_picked":["Ghostly Armor","Intimidate"],"picked":"Anger","floor":14},{"not_picked":["Bludgeon","Limit Break"],"picked":"Exhume","floor":16},{"not_picked":["Twin Strike","Cleave"],"picked":"Perfected Strike","floor":18},{"not_picked":["Wild Strike","Flex"],"picked":"Thunderclap+1","floor":21},{"not_picked":["Body Slam","Cleave","Perfected Strike"],"picked":"SKIP","floor":23},{"not_picked":["Evolve","Cleave","Burning Pact"],"picked":"SKIP","floor":24},{"not_picked":["Shrug It Off","Carnage"],"picked":"Perfected Strike+1","floor":28},{"not_picked":["Iron Wave","Searing Blow"],"picked":"Body Slam","floor":29},{"not_picked":["Iron Wave","Wild Strike","Flex"],"picked":"SKIP","floor":31},{"not_picked":["Exhume","Berserk"],"picked":"Impervious","floor":33},{"not_picked":["Armaments","Metallicize+1"],"picked":"Dropkick+1","floor":35},{"not_picked":["Corruption+1","Seeing Red+1"],"picked":"Pommel Strike+1","floor":36},{"not_picked":["Armaments","True Grit+1"],"picked":"Sentinel+1","floor":37},{"not_picked":["Combust+1","Flex"],"picked":"Perfected Strike+1","floor":41},{"not_picked":["Pommel Strike+1","Sever Soul"],"picked":"Double Tap","floor":44},{"not_picked":["Uppercut+1","Warcry"],"picked":"Clash+1","floor":45},{"not_picked":["Metamorphosis","Swift Strike"],"picked":"Finesse","floor":46},{"not_picked":["Panacea","Thinking Ahead"],"picked":"Dark Shackles","floor":46},{"not_picked":["Flash of Steel","Swift Strike"],"picked":"Jack Of All Trades","floor":46},{"not_picked":["Body Slam","Cleave+1"],"picked":"Spot Weakness+1","floor":47}],"player_experience":192667,"relics_obtained":[{"floor":7,"key":"Self Forming Clay"},{"floor":9,"key":"Pantograph"},{"floor":11,"key":"Unceasing Top"},{"floor":23,"key":"Dodecahedron"},{"floor":26,"key":"PreservedInsect"},{"floor":37,"key":"Magic Flower"},{"floor":39,"key":"Paper Frog"},{"floor":45,"key":"Anchor"},{"floor":45,"key":"Orichalcum"}],"event_choices":[{"damage_healed":0,"gold_gain":0,"player_choice":"Entered Light","damage_taken":16,"max_hp_gain":0,"max_hp_loss":0,"event_name":"Shining Light","floor":2,"gold_loss":0,"cards_upgraded":["Strike_R","Strike_R"]},{"cards_removed":["Defend_R"],"damage_healed":0,"gold_gain":0,"player_choice":"Purged","damage_taken":0,"max_hp_gain":0,"max_hp_loss":0,"event_name":"Purifier","floor":5,"gold_loss":0},{"damage_healed":0,"gold_gain":0,"player_choice":"Obtained Relic","damage_taken":0,"relics_obtained":["Bag of Preparation"],"max_hp_gain":0,"max_hp_loss":0,"event_name":"Addict","floor":20,"gold_loss":85},{"damage_healed":0,"gold_gain":0,"player_choice":"Trade","damage_taken":0,"relics_obtained":["SsserpentHead"],"max_hp_gain":0,"max_hp_loss":0,"event_name":"FaceTrader","floor":22,"gold_loss":0},{"damage_healed":0,"gold_gain":0,"player_choice":"Fight","damage_taken":0,"max_hp_gain":0,"max_hp_loss":0,"event_name":"MindBloom","floor":37,"gold_loss":0},{"damage_healed":0,"gold_gain":0,"player_choice":"Ignored","damage_taken":0,"max_hp_gain":0,"max_hp_loss":0,"event_name":"Tomb of Lord Red Mask","floor":38,"gold_loss":0},{"damage_healed":0,"gold_gain":0,"player_choice":"Memory 3","damage_taken":10,"max_hp_gain":0,"max_hp_loss":0,"event_name":"SensoryStone","floor":46,"gold_loss":0}],"is_beta":false,"boss_relics":[{"not_picked":["Ectoplasm","Black Blood"],"picked":"Sozu"},{"not_picked":["Eternal Feather","Runic Pyramid"],"picked":"Black Star"}],"items_purged_floors":[19,48],"is_endless":false,"potions_floor_spawned":[3,11,16,21,23,24,28,29,36,37,41,45],"killed_by":"Time Eater","ascension_level":3}