{"gold_per_floor":[117,131,141,141,316,646,646,671,746,746,774,774,788,801,801,801],"floor_reached":16,"playtime":1199,"items_purged":[],"score":157,"play_id":"f30bd9eb-7c13-417c-85fb-c9c39696c5b9","local_time":"20180729162359","is_ascension_mode":true,"campfire_choices":[{"data":"Neutralize","floor":7,"key":"SMITH"},{"floor":10,"key":"REST"},{"floor":12,"key":"REST"},{"floor":15,"key":"REST"}],"neow_cost":"NONE","seed_source_timestamp":643226524969879,"circlet_count":0,"master_deck":["Defend_G","Defend_G","Defend_G","Defend_G","Defend_G","Strike_G","Strike_G","Strike_G","Strike_G","Survivor","Neutralize+1","Dagger Throw","Catalyst","Doubt","Deflect"],"relics":["Busted Crown","Old Coin","Omamori","Singing Bowl","Mango"],"potions_floor_usage":[8,11,14],"damage_taken":[{"damage":0,"enemies":"2 Louse","floor":1,"turns":2},{"damage":1,"enemies":"Cultist","floor":2,"turns":4},{"damage":0,"enemies":"Jaw Worm","floor":3,"turns":4},{"damage":25,"enemies":"3 Sentries","floor":6,"turns":13},{"damage":40,"enemies":"Gremlin Nob","floor":8,"turns":6},{"damage":23,"enemies":"Lagavulin","floor":11,"turns":11},{"damage":3,"enemies":"Looter","floor":13,"turns":4},{"damage":3,"enemies":"2 Fungi Beasts","floor":14,"turns":4},{"damage":68,"enemies":"The Guardian","floor":16,"turns":21}],"seed_played":"1044771744215221319","potions_obtained":[{"floor":2,"key":"LiquidBronze"},{"floor":6,"key":"SpeedPotion"},{"floor":11,"key":"Poison Potion"}],"is_trial":false,"path_per_floor":["M","M","M","?","?","E","R","E","T","R","E","R","M","M","R"],"character_chosen":"THE_SILENT","items_purchased":[],"campfire_rested":3,"item_purchase_floors":[],"current_hp_per_floor":[70,69,69,69,69,44,44,4,4,25,18,43,42,41,68,0],"gold":801,"neow_bonus":"BOSS_RELIC","is_prod":false,"is_daily":false,"chose_seed":false,"campfire_upgraded":1,"win_rate":0,"timestamp":1532895839,"path_taken":["M","M","M","?","?","E","R","E","T","R","E","R","M","?","R","BOSS"],"build_version":"2018-07-26","purchased_purges":0,"victory":false,"max_hp_per_floor":[70,70,70,70,70,70,70,70,70,70,86,86,88,90,90,90],"card_choices":[{"not_picked":["Dodge and Roll"],"picked":"SKIP","floor":1},{"not_picked":[],"picked":"Dagger Throw","floor":2},{"not_picked":["Eviscerate"],"picked":"SKIP","floor":3},{"not_picked":["Well Laid Plans"],"picked":"SKIP","floor":6},{"not_picked":[],"picked":"Deflect","floor":8},{"not_picked":["Well Laid Plans"],"picked":"Singing Bowl","floor":11},{"not_picked":["Sucker Punch"],"picked":"Singing Bowl","floor":13},{"not_picked":["Dagger Spray"],"picked":"Singing Bowl","floor":14}],"player_experience":159713,"relics_obtained":[{"floor":6,"key":"Old Coin"},{"floor":8,"key":"Omamori"},{"floor":9,"key":"Singing Bowl"},{"floor":11,"key":"Mango"}],"event_choices":[{"event_name":"Transmorgrifier","player_choice":"Transform","floor":4,"damage_taken":0},{"event_name":"Liars Game","player_choice":"agreed","floor":5,"damage_taken":0}],"is_beta":false,"boss_relics":[],"items_purged_floors":[],"is_endless":false,"potions_floor_spawned":[2,6,11],"killed_by":"The Guardian","ascension_level":2}