{"gold_per_floor":[209,224,238,38,113,144,144,154,208,219,219,219,248,258,258,359,359,374,30,30,40,54,54,54,54,132,143,323,65,85,97,97,201,201,221,236,336,336,347,347,380,400,400,400,418,433,433,433,433,433],"floor_reached":50,"playtime":4351,"items_purged":[],"score":561,"play_id":"277ad278-d0d1-439d-ba8d-543d43950cd5","local_time":"20190701101027","is_ascension_mode":false,"campfire_choices":[{"floor":7,"key":"REST"},{"data":"Anger","floor":12,"key":"SMITH"},{"floor":15,"key":"REST"},{"floor":23,"key":"REST"},{"data":"RitualDagger","floor":25,"key":"SMITH"},{"floor":32,"key":"REST"},{"data":"Panache","floor":40,"key":"SMITH"},{"floor":49,"key":"REST"}],"neow_cost":"NONE","seed_source_timestamp":759196279272483,"circlet_count":0,"master_deck":["Defend_R","Defend_R","Defend_R","Defend_R","Bash","Sword Boomerang","Flex","Flex","Infernal Blade+1","Anger+1","Cleave","Feel No Pain","Immolate","Cleave","Panache+1","Heavy Blade+1","RitualDagger+1","Inflame","Rampage","Bite","Bite","Bite","Bite+1","Bite","Disarm+1","Finesse+1","Sadistic Nature","Flex+1","Seeing Red+1","Reaper","Whirlwind+1","Power Through+1","Twin Strike+1","Bloodletting+1","Intimidate+1","Madness+1","Madness+1","Armaments+1","True Grit+1","Dark Shackles+1"],"relics":["Burning Blood","Brimstone","Toxic Egg 2","Regal Pillow","Strawberry","Pocketwatch","Black Star","Happy Flower","Letter Opener","Lizard Tail","Magic Flower","Ginger","Bottled Flame","Whetstone"],"potions_floor_usage":[6,21,21,27,30,30,33,39,41,42],"damage_taken":[{"damage":2,"enemies":"2 Louse","floor":1,"turns":3},{"damage":5,"enemies":"Small Slimes","floor":2,"turns":4},{"damage":0,"enemies":"Cultist","floor":3,"turns":2},{"damage":26,"enemies":"Lagavulin","floor":6,"turns":4},{"damage":0,"enemies":"Blue Slaver","floor":8,"turns":1},{"damage":14,"enemies":"3 Louse","floor":10,"turns":3},{"damage":22,"enemies":"3 Sentries","floor":13,"turns":3},{"damage":20,"enemies":"Exordium Thugs","floor":14,"turns":3},{"damage":40,"enemies":"The Guardian","floor":16,"turns":6},{"damage":7,"enemies":"Spheric Guardian","floor":18,"turns":3},{"damage":40,"enemies":"3 Byrds","floor":21,"turns":3},{"damage":49,"enemies":"Shelled Parasite and Fungi","floor":22,"turns":4},{"damage":0,"enemies":"3 Cultists","floor":27,"turns":2},{"damage":7,"enemies":"Chosen and Byrds","floor":30,"turns":3},{"damage":15,"enemies":"Centurion and Healer","floor":31,"turns":3},{"damage":26,"enemies":"Collector","floor":33,"turns":6},{"damage":21,"enemies":"3 Shapes","floor":35,"turns":3},{"damage":36,"enemies":"Orb Walker","floor":36,"turns":3},{"damage":0,"enemies":"Mind Bloom Boss Battle","floor":37,"turns":3},{"damage":43,"enemies":"Sphere and 2 Shapes","floor":39,"turns":3},{"damage":42,"enemies":"Reptomancer","floor":41,"turns":4},{"damage":27,"enemies":"3 Darklings","floor":42,"turns":3},{"damage":71,"enemies":"Maw","floor":45,"turns":7},{"damage":23,"enemies":"Spire Growth","floor":46,"turns":4},{"damage":103,"enemies":"Donu and Deca","floor":50,"turns":4}],"seed_played":"1683767456047671307","potions_obtained":[{"floor":1,"key":"BloodPotion"},{"floor":3,"key":"BloodPotion"},{"floor":6,"key":"Swift Potion"},{"floor":14,"key":"SpeedPotion"},{"floor":16,"key":"SmokeBomb"},{"floor":22,"key":"Poison Potion"},{"floor":27,"key":"Fire Potion"},{"floor":31,"key":"Weak Potion"},{"floor":37,"key":"LiquidBronze"},{"floor":39,"key":"Ancient Potion"},{"floor":41,"key":"Poison Potion"},{"floor":42,"key":"GamblersBrew"}],"is_trial":false,"path_per_floor":["M","M","M","$","?","E","R","M","T","M","?","R","E","M","R","B",null,"M","$","?","M","M","R","?","R","T","M","?","$","M","M","R","B",null,"M","M","?","?","M","R","E","M","T","?","M","M","?","?","R","B"],"character_chosen":"IRONCLAD","items_purchased":["Brimstone","Panache","Happy Flower","Heavy Blade","Regen Potion","Sadistic Nature"],"campfire_rested":5,"item_purchase_floors":[4,19,19,19,29,29],"current_hp_per_floor":[80,80,80,80,69,57,80,80,80,72,61,61,45,31,72,38,87,86,86,80,54,11,52,52,52,52,60,36,36,50,47,60,48,60,49,23,33,33,55,55,31,43,43,35,14,24,24,24,57,0],"gold":433,"neow_bonus":"HUNDRED_GOLD","is_prod":false,"is_daily":false,"chose_seed":false,"campfire_upgraded":3,"win_rate":0.0,"timestamp":1562001027,"path_taken":["M","M","M","$","?","E","R","M","T","M","?","R","E","M","R","BOSS","M","$","?","M","M","R","?","R","T","M","?","$","M","M","R","BOSS","M","M","?","?","M","R","E","M","T","?","?","M","?","?","R","BOSS"],"build_version":"2019-01-23","purchased_purges":0,"victory":false,"max_hp_per_floor":[80,80,80,80,80,80,80,80,80,80,87,87,87,87,87,87,87,87,87,87,87,87,87,60,60,60,60,60,60,60,60,60,60,60,60,60,60,60,60,60,60,60,60,60,60,60,60,60,60,60],"card_choices":[{"not_picked":["Second Wind","Clash"],"picked":"Sword Boomerang","floor":1},{"not_picked":["Warcry","Twin Strike"],"picked":"Flex","floor":2},{"not_picked":["Berserk","Wild Strike"],"picked":"Flex","floor":3},{"not_picked":["Reckless Charge","Dropkick"],"picked":"Infernal Blade","floor":6},{"not_picked":["Sword Boomerang","True Grit+1"],"picked":"Anger","floor":8},{"not_picked":["Sword Boomerang","Perfected Strike"],"picked":"Cleave","floor":10},{"not_picked":["Havoc+1","Sever Soul","Headbutt"],"picked":"SKIP","floor":13},{"not_picked":["Combust","Sentinel+1"],"picked":"Feel No Pain","floor":14},{"not_picked":["Exhume+1","Berserk"],"picked":"Immolate","floor":16},{"not_picked":["Headbutt+1","Iron Wave"],"picked":"Cleave","floor":18},{"not_picked":["True Grit+1","Perfected Strike","Inflame"],"picked":"SKIP","floor":21},{"not_picked":["True Grit+1","Perfected Strike"],"picked":"Inflame","floor":21},{"not_picked":["Feel No Pain","Perfected Strike"],"picked":"Rampage","floor":22},{"not_picked":["Body Slam","Wild Strike"],"picked":"Disarm+1","floor":27},{"not_picked":["Spot Weakness+1","Carnage"],"picked":"Flex+1","floor":30},{"not_picked":["Clash+1","Wild Strike+1"],"picked":"Seeing Red+1","floor":31},{"not_picked":["Barricade","Offering+1"],"picked":"Reaper","floor":33},{"not_picked":["Power Through+1","Second Wind+1"],"picked":"Inflame","floor":35},{"not_picked":["Shrug It Off+1","Flex+1"],"picked":"Whirlwind+1","floor":36},{"not_picked":["Clothesline","Feel No Pain+1"],"picked":"Power Through+1","floor":37},{"not_picked":["Cleave+1","Perfected Strike+1"],"picked":"Twin Strike+1","floor":39},{"not_picked":["Thunderclap+1","True Grit+1"],"picked":"Bloodletting+1","floor":41},{"not_picked":["Carnage","Warcry+1"],"picked":"Intimidate+1","floor":42},{"not_picked":["Pommel Strike","Cleave"],"picked":"Armaments+1","floor":45},{"not_picked":["Heavy Blade","Wild Strike+1"],"picked":"True Grit+1","floor":46},{"not_picked":["Dramatic Entrance","Forethought+1"],"picked":"Dark Shackles+1","floor":48}],"player_experience":69373,"relics_obtained":[{"floor":6,"key":"Toxic Egg 2"},{"floor":9,"key":"Regal Pillow"},{"floor":13,"key":"Pocketwatch"},{"floor":26,"key":"Letter Opener"},{"floor":37,"key":"Magic Flower"},{"floor":41,"key":"Ginger"},{"floor":41,"key":"Bottled Flame"},{"floor":43,"key":"Whetstone"}],"event_choices":[{"damage_healed":0,"gold_gain":75,"player_choice":"Gather Gold","damage_taken":11,"max_hp_gain":0,"max_hp_loss":0,"event_name":"World of Goop","floor":5,"gold_loss":0},{"damage_healed":0,"gold_gain":0,"player_choice":"Success","damage_taken":18,"relics_obtained":["Strawberry"],"max_hp_gain":0,"max_hp_loss":0,"event_name":"Scrap Ooze","floor":11,"gold_loss":0},{"damage_healed":0,"gold_gain":0,"player_choice":"Joined the Cult","damage_taken":6,"max_hp_gain":0,"max_hp_loss":0,"event_name":"Nest","floor":20,"gold_loss":0,"cards_obtained":["RitualDagger"]},{"damage_healed":0,"gold_gain":0,"player_choice":"Became a vampire","damage_taken":0,"max_hp_gain":0,"max_hp_loss":27,"event_name":"Vampires","floor":24,"gold_loss":0,"cards_obtained":["Bite","Bite","Bite","Bite","Bite"]},{"damage_healed":0,"gold_gain":180,"player_choice":"CARD GOLD GOLD ","damage_taken":24,"max_hp_gain":0,"max_hp_loss":0,"event_name":"Knowing Skull","floor":28,"potions_obtained":[],"gold_loss":0,"cards_obtained":["Finesse"]},{"damage_healed":0,"gold_gain":0,"player_choice":"Fight","damage_taken":0,"max_hp_gain":0,"max_hp_loss":0,"event_name":"MindBloom","floor":37,"gold_loss":0},{"cards_removed":["Inflame"],"damage_healed":0,"gold_gain":0,"player_choice":"Removed Power","damage_taken":0,"max_hp_gain":0,"max_hp_loss":0,"event_name":"Falling","floor":38,"gold_loss":0},{"damage_healed":0,"gold_gain":0,"player_choice":"Embrace Madness","damage_taken":8,"max_hp_gain":0,"max_hp_loss":0,"event_name":"Winding Halls","floor":44,"gold_loss":0,"cards_obtained":["Madness","Madness"]},{"damage_healed":0,"gold_gain":0,"player_choice":"Ignored","damage_taken":0,"max_hp_gain":0,"max_hp_loss":0,"event_name":"The Moai Head","floor":47,"gold_loss":0},{"damage_healed":0,"gold_gain":0,"player_choice":"Memory 1","damage_taken":0,"max_hp_gain":0,"max_hp_loss":0,"event_name":"SensoryStone","floor":48,"gold_loss":0}],"is_beta":false,"boss_relics":[{"not_picked":["Eternal Feather","Coffee Dripper"],"picked":"Black Star"},{"not_picked":["Runic Dome","Calling Bell"],"picked":"Lizard Tail"}],"items_purged_floors":[],"is_endless":false,"potions_floor_spawned":[1,3,6,14,16,22,27,31,37,39,41,42],"killed_by":"Donu and Deca","ascension_level":0}