{"gold_per_floor":[109,34,34,53,1,1,31,31,85,112,124,156,156,81,81,160,160,177,194,94,114,114,114,114,57,57,91,91,104,133,143,143,143],"floor_reached":33,"playtime":1346,"items_purged":["Strike_R","Strike_R"],"score":727,"play_id":"c6c9fcfa-55cc-40a3-a895-3e29b5f41a6b","local_time":"20190118173634","is_ascension_mode":true,"campfire_choices":[{"data":"Bash","floor":6,"key":"SMITH"},{"data":"Hemokinesis","floor":8,"key":"SMITH"},{"data":"Body Slam","floor":13,"key":"SMITH"},{"data":"Cleave","floor":15,"key":"SMITH"},{"floor":23,"key":"REST"},{"floor":28,"key":"REST"},{"floor":32,"key":"REST"}],"neow_cost":"NONE","seed_source_timestamp":182315692600893,"circlet_count":0,"master_deck":["AscendersBane","Defend_R","Defend_R","Defend_R","Bash+1","Hemokinesis+1","Cleave+1","Shrug It Off","Metallicize","Body Slam+1","Headbutt","Juggernaut","Flame Barrier","Shrug It Off","Feel No Pain","Offering","Intimidate","Havoc","Shrug It Off","Shrug It Off"],"relics":["Burning Blood","NeowsBlessing","Bag of Preparation","PreservedInsect","Omamori","WingedGreaves","Fusion Hammer","Strawberry","Du-Vu Doll"],"potions_floor_usage":[16,16,19],"damage_taken":[{"damage":0,"enemies":"Small Slimes","floor":1,"turns":1},{"damage":0,"enemies":"Cultist","floor":4,"turns":1},{"damage":0,"enemies":"3 Sentries","floor":7,"turns":1},{"damage":12,"enemies":"Gremlin Nob","floor":10,"turns":3},{"damage":2,"enemies":"2 Louse","floor":11,"turns":3},{"damage":18,"enemies":"3 Sentries","floor":12,"turns":6},{"damage":33,"enemies":"Slime Boss","floor":16,"turns":12},{"damage":32,"enemies":"3 Byrds","floor":18,"turns":4},{"damage":7,"enemies":"Shell Parasite","floor":19,"turns":5},{"damage":15,"enemies":"Snake Plant","floor":21,"turns":5},{"damage":29,"enemies":"Gremlin Leader","floor":27,"turns":5},{"damage":6,"enemies":"Chosen and Byrds","floor":29,"turns":4},{"damage":6,"enemies":"Book of Stabbing","floor":30,"turns":4},{"damage":17,"enemies":"Centurion and Healer","floor":31,"turns":8},{"damage":72,"enemies":"Collector","floor":33,"turns":7}],"seed_played":"3617578154910201621","potions_obtained":[{"floor":1,"key":"Ancient Potion"},{"floor":10,"key":"Block Potion"},{"floor":12,"key":"Strength Potion"},{"floor":18,"key":"EssenceOfSteel"},{"floor":27,"key":"Ancient Potion"},{"floor":30,"key":"FearPotion"}],"is_trial":false,"path_per_floor":["M","?","?","M","$","R","E","R","T","E","M","E","R","$","R","B",null,"M","M","$","M","?","R","?","$","T","E","R","M","E","M","R","B"],"character_chosen":"IRONCLAD","items_purchased":["Shrug It Off","Havoc"],"campfire_rested":3,"item_purchase_floors":[5,25],"current_hp_per_floor":[74,74,74,75,75,75,75,75,75,69,73,61,61,61,61,34,65,39,38,38,29,29,51,51,51,51,35,59,59,59,48,72,0],"gold":143,"neow_bonus":"THREE_ENEMY_KILL","is_prod":false,"is_daily":false,"chose_seed":false,"campfire_upgraded":4,"win_rate":0,"timestamp":1547850994,"path_taken":["M","?","?","?","?","R","E","R","T","E","?","E","R","$","R","BOSS","M","M","$","M","?","R","?","$","T","E","R","M","E","M","R","BOSS"],"build_version":"2019-01-17v2","purchased_purges":2,"victory":false,"max_hp_per_floor":[75,75,75,75,75,75,75,75,75,75,75,75,75,75,75,75,75,75,75,75,75,75,75,75,75,75,82,82,82,82,82,82,82],"card_choices":[{"not_picked":["Rupture","Perfected Strike"],"picked":"Hemokinesis","floor":1},{"not_picked":["Thunderclap","Body Slam"],"picked":"Cleave","floor":4},{"not_picked":["Wild Strike","Sever Soul","Reckless Charge"],"picked":"SKIP","floor":7},{"not_picked":["Barricade","Intimidate"],"picked":"Metallicize","floor":10},{"not_picked":["Hemokinesis","Pommel Strike"],"picked":"Body Slam","floor":11},{"not_picked":["Second Wind","Entrench"],"picked":"Headbutt","floor":12},{"not_picked":["Brutality","Exhume"],"picked":"Juggernaut","floor":16},{"not_picked":["Blood for Blood","Intimidate"],"picked":"Flame Barrier","floor":18},{"not_picked":["Pommel Strike","Uppercut"],"picked":"Shrug It Off","floor":19},{"not_picked":["Fire Breathing","Headbutt"],"picked":"Feel No Pain","floor":21},{"not_picked":["Combust","True Grit"],"picked":"Shrug It Off","floor":27},{"not_picked":["Warcry","Headbutt"],"picked":"Shrug It Off","floor":29},{"not_picked":["Pommel Strike","Flex","Pummel"],"picked":"SKIP","floor":30},{"not_picked":["Clothesline","Wild Strike","Cleave"],"picked":"SKIP","floor":31}],"player_experience":1327470,"relics_obtained":[{"floor":7,"key":"Bag of Preparation"},{"floor":9,"key":"PreservedInsect"},{"floor":10,"key":"Omamori"},{"floor":12,"key":"WingedGreaves"},{"floor":27,"key":"Strawberry"},{"floor":30,"key":"Du-Vu Doll"}],"event_choices":[{"cards_removed":["Strike_R"],"damage_healed":0,"gold_gain":0,"player_choice":"Card Removal","damage_taken":0,"max_hp_gain":0,"max_hp_loss":0,"event_name":"The Cleric","floor":2,"gold_loss":75},{"cards_removed":["Strike_R"],"damage_healed":0,"gold_gain":0,"player_choice":"Offered Basic","damage_taken":0,"max_hp_gain":0,"max_hp_loss":0,"event_name":"Bonfire Elementals","floor":3,"gold_loss":0},{"damage_healed":0,"gold_gain":0,"player_choice":"Ignored","damage_taken":0,"max_hp_gain":0,"max_hp_loss":0,"event_name":"Vampires","floor":22,"gold_loss":0},{"damage_healed":0,"gold_gain":0,"cards_transformed":["Strike_R","Defend_R"],"player_choice":"Became Test Subject","damage_taken":0,"max_hp_gain":0,"max_hp_loss":0,"event_name":"Drug Dealer","floor":24,"gold_loss":0,"cards_obtained":["Offering","Intimidate"]}],"is_beta":false,"boss_relics":[{"not_picked":["Runic Cube","Empty Cage"],"picked":"Fusion Hammer"}],"items_purged_floors":[14,20],"is_endless":false,"potions_floor_spawned":[1,10,12,18,27,30],"killed_by":"Collector","ascension_level":20}