{"gold_per_floor":[112,129,149,163,163,192,192,220,220,244,273,304,316,328,340,352],"floor_reached":16,"playtime":1337,"items_purged":[],"score":156,"play_id":"93e17695-93d6-4ed6-90bc-5be01f845e70","local_time":"20190429155354","is_ascension_mode":true,"campfire_choices":[{"data":"Corruption","floor":7,"key":"SMITH"},{"floor":13,"key":"REST"},{"data":"Pommel Strike","floor":15,"key":"SMITH"}],"neow_cost":"NONE","seed_source_timestamp":29016556306332,"circlet_count":0,"master_deck":["Strike_R","Strike_R","Strike_R","Strike_R","Defend_R","Defend_R","Defend_R","Defend_R","Bash","Seeing Red","Corruption+1","Shrug It Off","Battle Trance","Pommel Strike+1"],"relics":["Burning Blood","Anchor","Strawberry","MawBank"],"potions_floor_usage":[4,6,6],"damage_taken":[{"damage":12,"enemies":"Small Slimes","floor":1,"turns":4},{"damage":3,"enemies":"Jaw Worm","floor":2,"turns":4},{"damage":4,"enemies":"2 Louse","floor":3,"turns":4},{"damage":11,"enemies":"Red Slaver","floor":4,"turns":4},{"damage":32,"enemies":"Gremlin Nob","floor":6,"turns":4},{"damage":42,"enemies":"3 Sentries","floor":8,"turns":14},{"damage":0,"enemies":"3 Louse","floor":10,"turns":4},{"damage":24,"enemies":"Large Slime","floor":11,"turns":10},{"damage":0,"enemies":"2 Fungi Beasts","floor":12,"turns":4},{"damage":58,"enemies":"The Guardian","floor":16,"turns":9}],"seed_played":"1595866744187795191","potions_obtained":[{"floor":1,"key":"Fire Potion"},{"floor":2,"key":"Weak Potion"},{"floor":4,"key":"Regen Potion"}],"is_trial":false,"path_per_floor":["M","M","M","M","?","E","R","E","T","M","M","M","R","?","R","B"],"character_chosen":"IRONCLAD","items_purchased":[],"campfire_rested":1,"item_purchase_floors":[],"current_hp_per_floor":[82,85,87,82,82,65,65,36,36,42,24,30,58,58,58,0],"gold":352,"neow_bonus":"TEN_PERCENT_HP_BONUS","is_prod":false,"is_daily":false,"chose_seed":false,"campfire_upgraded":2,"win_rate":0,"timestamp":1556567634,"path_taken":["M","M","M","M","?","E","R","E","T","M","M","M","R","?","R","BOSS"],"build_version":"2019-01-23","purchased_purges":0,"victory":false,"max_hp_per_floor":[88,88,88,88,88,88,88,95,95,95,95,95,95,95,95,95],"card_choices":[{"not_picked":["Flex","Dual Wield"],"picked":"Seeing Red","floor":1},{"not_picked":["Anger","Flex","Havoc"],"picked":"SKIP","floor":2},{"not_picked":["Whirlwind","Dropkick"],"picked":"Corruption","floor":3},{"not_picked":["Clash","Cleave","Headbutt"],"picked":"SKIP","floor":4},{"not_picked":["Iron Wave","Anger"],"picked":"Shrug It Off","floor":6},{"not_picked":["Bludgeon","Rage"],"picked":"Battle Trance","floor":8},{"not_picked":["Anger","Perfected Strike","Thunderclap"],"picked":"SKIP","floor":10},{"not_picked":["Flex","Clash","Blood for Blood"],"picked":"SKIP","floor":11},{"not_picked":["Headbutt","Second Wind"],"picked":"Pommel Strike","floor":12}],"player_experience":219325,"relics_obtained":[{"floor":6,"key":"Anchor"},{"floor":8,"key":"Strawberry"},{"floor":9,"key":"MawBank"}],"event_choices":[{"cards_removed":["Strike_R"],"damage_healed":0,"gold_gain":0,"player_choice":"Forget","damage_taken":0,"max_hp_gain":0,"max_hp_loss":0,"event_name":"Living Wall","floor":5,"gold_loss":0},{"damage_healed":0,"gold_gain":0,"player_choice":"Ignored","damage_taken":0,"max_hp_gain":0,"max_hp_loss":0,"event_name":"Golden Idol","floor":14,"gold_loss":0}],"is_beta":false,"boss_relics":[],"items_purged_floors":[],"is_endless":false,"potions_floor_spawned":[1,2,4],"killed_by":"The Guardian","ascension_level":3}