{"gold_per_floor":[109,121,121,140,160,160,195,195,222,10,24,58,70,70,70,144,144,164,181,181],"floor_reached":20,"playtime":1006,"items_purged":[],"score":372,"play_id":"61b555f8-5e26-4695-8182-83632b3657ec","local_time":"20181115165633","is_ascension_mode":true,"campfire_choices":[{"data":"Zap","floor":6,"key":"SMITH"},{"data":"Sunder","floor":8,"key":"SMITH"},{"data":"Recycle","floor":15,"key":"SMITH"}],"neow_cost":"NONE","seed_source_timestamp":103901133262854,"circlet_count":0,"master_deck":["AscendersBane","Strike_B","Strike_B","Strike_B","Strike_B","Defend_B","Defend_B","Defend_B","Defend_B","Zap+1","Dualcast","Undo","Reinforced Body","Sweeping Beam","Coolheaded","Sunder+1","Cold Snap","Recycle+1","All For One","Echo Form+1","Barrage+1","Compile Driver"],"relics":["Cracked Core","Bronze Scales","Frozen Egg 2","Strawberry","Runic Capacitor","Smiling Mask","Oddly Smooth Stone","Eternal Feather"],"potions_floor_usage":[7,12,16],"damage_taken":[{"damage":2,"enemies":"Cultist","floor":1,"turns":4},{"damage":4,"enemies":"2 Louse","floor":2,"turns":3},{"damage":1,"enemies":"Small Slimes","floor":4,"turns":3},{"damage":13,"enemies":"Blue Slaver","floor":5,"turns":3},{"damage":29,"enemies":"Lagavulin","floor":7,"turns":7},{"damage":7,"enemies":"Lots of Slimes","floor":11,"turns":3},{"damage":1,"enemies":"3 Sentries","floor":12,"turns":6},{"damage":1,"enemies":"2 Fungi Beasts","floor":13,"turns":3},{"damage":11,"enemies":"Hexaghost","floor":16,"turns":11},{"damage":2,"enemies":"Spheric Guardian","floor":18,"turns":6},{"damage":15,"enemies":"Chosen","floor":19,"turns":5},{"damage":9,"enemies":"Colosseum Slavers","floor":20,"turns":4},{"damage":48,"enemies":"Colosseum Nobs","floor":20,"turns":3}],"seed_played":"5449152900885351222","potions_obtained":[{"floor":1,"key":"Dexterity Potion"},{"floor":4,"key":"Regen Potion"},{"floor":7,"key":"GamblersBrew"},{"floor":18,"key":"Ancient Potion"}],"is_trial":false,"path_per_floor":["M","M","T","M","M","R","E","R","T","$","M","E","M","?","R","B",null,"M","M","?"],"character_chosen":"DEFECT","items_purchased":["Runic Capacitor"],"campfire_rested":0,"item_purchase_floors":[10],"current_hp_per_floor":[69,65,65,64,51,51,37,37,44,44,37,36,35,17,17,6,65,63,48,0],"gold":181,"neow_bonus":"TEN_PERCENT_HP_BONUS","is_prod":false,"is_daily":false,"chose_seed":false,"campfire_upgraded":3,"win_rate":0,"timestamp":1542318993,"path_taken":["M","M","?","M","M","R","E","R","T","$","M","E","?","?","R","BOSS","M","M","?"],"build_version":"2018-11-08","purchased_purges":0,"victory":false,"max_hp_per_floor":[78,78,78,78,78,78,78,78,85,85,85,85,85,85,85,85,85,85,85,85],"card_choices":[{"not_picked":["Redo","Consume"],"picked":"Undo","floor":1},{"not_picked":["Redo","Gash"],"picked":"Reinforced Body","floor":2},{"not_picked":["Steam","Turbo"],"picked":"Sweeping Beam","floor":4},{"not_picked":["Steam","Go for the Eyes"],"picked":"Coolheaded","floor":5},{"not_picked":["Rebound","Chill"],"picked":"Sunder","floor":7},{"not_picked":["Storm+1","Blizzard"],"picked":"Cold Snap","floor":11},{"not_picked":["Force Field","Steam"],"picked":"Recycle","floor":12},{"not_picked":["Conserve Battery","Force Field"],"picked":"All For One","floor":13},{"not_picked":["Reboot","Core Surge"],"picked":"Echo Form+1","floor":16},{"not_picked":["Fusion","Redo"],"picked":"Barrage+1","floor":18},{"not_picked":["Go for the Eyes","Conserve Battery"],"picked":"Compile Driver","floor":19}],"player_experience":1054981,"relics_obtained":[{"floor":3,"key":"Bronze Scales"},{"floor":7,"key":"Frozen Egg 2"},{"floor":9,"key":"Strawberry"},{"floor":12,"key":"Smiling Mask"}],"event_choices":[{"damage_healed":0,"gold_gain":0,"player_choice":"Success","damage_taken":18,"relics_obtained":["Oddly Smooth Stone"],"max_hp_gain":0,"max_hp_loss":0,"event_name":"Scrap Ooze","floor":14,"gold_loss":0},{"damage_healed":0,"gold_gain":0,"player_choice":"Fight","damage_taken":0,"max_hp_gain":0,"max_hp_loss":0,"event_name":"Colosseum","floor":20,"gold_loss":0},{"damage_healed":0,"gold_gain":0,"player_choice":"Fought Nobs","damage_taken":0,"max_hp_gain":0,"max_hp_loss":0,"event_name":"Colosseum","floor":20,"gold_loss":0}],"is_beta":false,"boss_relics":[{"not_picked":["Coffee Dripper","Busted Crown"],"picked":"Eternal Feather"}],"items_purged_floors":[],"is_endless":false,"potions_floor_spawned":[1,4,7,18,20],"killed_by":"Colosseum Nobs","ascension_level":20}