{"gold_per_floor":[17,27,37,53,71,71,96,96,120,120,145,145,159,193,193,266,266,279,279,290,0,0,35,47,47,101,118,118,147,97,109,109,109],"floor_reached":33,"playtime":2405,"items_purged":[],"score":556,"play_id":"d40dc46b-82c0-4fb6-9405-f231d8013ad5","local_time":"20190220215847","is_ascension_mode":true,"campfire_choices":[{"data":"Bash","floor":6,"key":"SMITH"},{"data":"Uppercut","floor":8,"key":"SMITH"},{"data":"Inflame","floor":15,"key":"SMITH"},{"data":"Flame Barrier","floor":25,"key":"SMITH"},{"data":"Reckless Charge","floor":28,"key":"SMITH"},{"floor":32,"key":"REST"}],"neow_cost":"NO_GOLD","seed_source_timestamp":674211357222354,"circlet_count":0,"master_deck":["AscendersBane","Defend_R","Defend_R","Defend_R","Defend_R","Bash+1","Inflame+1","Reckless Charge+1","Evolve","Whirlwind+1","Uppercut+1","Reckless Charge","Armaments","Reaper","Flame Barrier+1","Bite","Bite+1","Bite+1","Bite","Bite","Ghostly Armor","Shrug It Off","Shrug It Off","Burning Pact","Corruption+1","Barricade+1","Rampage"],"relics":["Burning Blood","Thread and Needle","PreservedInsect","Red Skull","Oddly Smooth Stone","Black Star","Frozen Egg 2","Centennial Puzzle","Calipers","Omamori","Whetstone","Pen Nib"],"potions_floor_usage":[7,14,16,24,33,33],"damage_taken":[{"damage":1,"enemies":"Cultist","floor":1,"turns":3},{"damage":3,"enemies":"Jaw Worm","floor":2,"turns":5},{"damage":7,"enemies":"2 Louse","floor":3,"turns":3},{"damage":7,"enemies":"Looter","floor":4,"turns":4},{"damage":33,"enemies":"Gremlin Gang","floor":5,"turns":7},{"damage":25,"enemies":"3 Sentries","floor":7,"turns":7},{"damage":12,"enemies":"Exordium Thugs","floor":13,"turns":4},{"damage":0,"enemies":"Gremlin Nob","floor":14,"turns":2},{"damage":13,"enemies":"Hexaghost","floor":16,"turns":7},{"damage":59,"enemies":"3 Byrds","floor":18,"turns":6},{"damage":2,"enemies":"Chosen","floor":20,"turns":4},{"damage":40,"enemies":"Slavers","floor":23,"turns":6},{"damage":42,"enemies":"Sentry and Sphere","floor":24,"turns":8},{"damage":14,"enemies":"Chosen and Byrds","floor":27,"turns":6},{"damage":24,"enemies":"Book of Stabbing","floor":29,"turns":6},{"damage":6,"enemies":"Centurion and Healer","floor":31,"turns":5},{"damage":133,"enemies":"Collector","floor":33,"turns":11}],"seed_played":"-8116394399060868432","potions_obtained":[{"floor":1,"key":"Swift Potion"},{"floor":5,"key":"Fire Potion"},{"floor":7,"key":"Dexterity Potion"},{"floor":23,"key":"SpeedPotion"},{"floor":24,"key":"Fire Potion"},{"floor":31,"key":"Poison Potion"}],"is_trial":false,"path_per_floor":["M","M","M","M","M","R","E","R","T","?","T","?","M","E","R","B",null,"M","?","M","$","?","E","M","R","T","M","R","E","?","M","R","B"],"character_chosen":"IRONCLAD","items_purchased":["Shrug It Off","Frozen Egg 2"],"campfire_rested":1,"item_purchase_floors":[21,21],"current_hp_per_floor":[93,96,95,94,67,67,48,48,48,53,53,53,47,53,53,46,87,49,49,59,59,59,43,22,22,22,30,30,28,28,33,54,0],"gold":109,"neow_bonus":"TWENTY_PERCENT_HP_BONUS","is_prod":false,"is_daily":false,"chose_seed":false,"campfire_upgraded":5,"win_rate":0,"timestamp":1550728727,"path_taken":["M","M","M","M","M","R","E","R","T","?","?","?","M","E","R","BOSS","M","?","M","$","?","E","M","R","T","M","R","E","?","?","R","BOSS"],"build_version":"2019-01-23","purchased_purges":0,"victory":false,"max_hp_per_floor":[96,96,96,96,96,96,96,96,96,101,101,101,101,101,101,101,101,101,70,70,70,70,70,70,70,70,70,70,70,70,70,70,70],"card_choices":[{"not_picked":["Rupture","Combust","Clash"],"picked":"SKIP","floor":1},{"not_picked":["Anger","Flex"],"picked":"Inflame","floor":2},{"not_picked":["Headbutt","Anger"],"picked":"Reckless Charge","floor":3},{"not_picked":["Warcry","Blood for Blood"],"picked":"Evolve","floor":4},{"not_picked":["Twin Strike","Dark Embrace"],"picked":"Whirlwind","floor":5},{"not_picked":["Havoc","Seeing Red"],"picked":"Uppercut","floor":7},{"not_picked":["Sword Boomerang","Havoc"],"picked":"Reckless Charge","floor":13},{"not_picked":["Havoc","Pummel"],"picked":"Armaments","floor":14},{"not_picked":["Dark Embrace","Berserk"],"picked":"Reaper","floor":16},{"not_picked":["Shrug It Off","Wild Strike"],"picked":"Flame Barrier","floor":18},{"not_picked":["True Grit","Rage+1"],"picked":"Ghostly Armor","floor":20},{"not_picked":["Armaments","Warcry"],"picked":"Shrug It Off","floor":23},{"not_picked":["Perfected Strike","Anger"],"picked":"Burning Pact","floor":24},{"not_picked":["Rage","Rampage"],"picked":"Corruption+1","floor":27},{"not_picked":["Twin Strike","Armaments"],"picked":"Barricade+1","floor":29},{"not_picked":["Flex","Sword Boomerang"],"picked":"Rampage","floor":31}],"player_experience":650851,"relics_obtained":[{"floor":7,"key":"Thread and Needle"},{"floor":9,"key":"PreservedInsect"},{"floor":11,"key":"Red Skull"},{"floor":14,"key":"Oddly Smooth Stone"},{"floor":23,"key":"Centennial Puzzle"},{"floor":23,"key":"Calipers"},{"floor":26,"key":"Omamori"},{"floor":29,"key":"Whetstone"},{"floor":29,"key":"Pen Nib"}],"event_choices":[{"damage_healed":0,"gold_gain":0,"player_choice":"Donut","damage_taken":0,"max_hp_gain":5,"max_hp_loss":0,"event_name":"Big Fish","floor":10,"gold_loss":0},{"damage_healed":0,"gold_gain":0,"player_choice":"Grow","damage_taken":0,"max_hp_gain":0,"max_hp_loss":0,"event_name":"Living Wall","floor":12,"gold_loss":0,"cards_upgraded":["Whirlwind"]},{"damage_healed":0,"gold_gain":0,"player_choice":"Became a vampire","damage_taken":0,"max_hp_gain":0,"max_hp_loss":31,"event_name":"Vampires","floor":19,"gold_loss":0,"cards_obtained":["Bite","Bite","Bite","Bite","Bite"]},{"damage_healed":0,"gold_gain":0,"player_choice":"Ignored","damage_taken":0,"max_hp_gain":0,"max_hp_loss":0,"event_name":"The Mausoleum","floor":22,"gold_loss":0},{"damage_healed":0,"gold_gain":0,"player_choice":"Bet on Murderer","damage_taken":0,"max_hp_gain":0,"max_hp_loss":0,"event_name":"The Joust","floor":30,"gold_loss":50}],"is_beta":false,"boss_relics":[{"not_picked":["Coffee Dripper","Lizard Tail"],"picked":"Black Star"}],"items_purged_floors":[],"is_endless":false,"potions_floor_spawned":[1,5,7,23,24,31],"killed_by":"Collector","ascension_level":13}