{"gold_per_floor":[112,124,199,28,28,62,62,102,102,125,149,164,164,200,200,290,290,311,311,49,64,79,117,167,167,167,203,223,223,241,4,4,95,95,113,129,147,19,352,379,379,411,411,442,442,456,88,103,103,103,103,103,103,5,36,36],"floor_reached":56,"playtime":2937,"items_purged":[],"score":2240,"play_id":"98afc6e5-de29-4444-8381-e49f80074163","local_time":"20190214201149","is_ascension_mode":true,"campfire_choices":[{"data":"Bash","floor":7.0,"key":"SMITH"},{"data":"Pommel Strike","floor":15.0,"key":"SMITH"},{"floor":32.0,"key":"RECALL"},{"floor":41.0,"key":"REST"},{"floor":45,"key":"REST"},{"floor":49,"key":"REST"},{"floor":53,"key":"REST"}],"neow_cost":"NONE","seed_source_timestamp":103641405387604,"circlet_count":0,"master_deck":["AscendersBane","Defend_R","Defend_R","Defend_R","Defend_R","Bash+1","Pommel Strike+1","Thunderclap","Armaments","Power Through","Iron Wave","Inflame+1","Shrug It Off","Barricade+1","Ghostly Armor","Bite","Bite","Bite","Bite","Bite","Clothesline+1","Cleave+1","Pummel+1","Shrug It Off","Pommel Strike+1","Pummel+1","Offering","Limit Break","Uppercut+1","Offering","Limit Break","Whirlwind+1","Corruption","Sentinel","True Grit","Shrug It Off","Feel No Pain","Havoc+1","Feel No Pain","Disarm+1","Shrug It Off+1","Power Through","Corruption","Heavy Blade+1"],"special_seed":0,"relics":["Burning Blood","NeowsBlessing","PreservedInsect","Pantograph","Red Skull","Pear","Turnip","Fusion Hammer","Molten Egg 2","Juzu Bracelet","Centennial Puzzle","Cursed Key","Sundial","Dream Catcher","Gremlin Horn","Mummified Hand","Lantern"],"potions_floor_usage":[44,51,55,56],"damage_taken":[{"damage":0.0,"enemies":"Jaw Worm","floor":1.0,"turns":1.0},{"damage":0.0,"enemies":"Small Slimes","floor":2.0,"turns":1.0},{"damage":0.0,"enemies":"Gremlin Nob","floor":6.0,"turns":1.0},{"damage":35.0,"enemies":"Lagavulin","floor":8.0,"turns":7.0},{"damage":1.0,"enemies":"Cultist","floor":10.0,"turns":3.0},{"damage":0.0,"enemies":"Exordium Thugs","floor":11.0,"turns":3.0},{"damage":0.0,"enemies":"Large Slime","floor":12.0,"turns":3.0},{"damage":2.0,"enemies":"3 Sentries","floor":14.0,"turns":8.0},{"damage":48.0,"enemies":"The Guardian","floor":16.0,"turns":17.0},{"damage":6.0,"enemies":"Chosen","floor":18.0,"turns":4.0},{"damage":16.0,"enemies":"Shell Parasite","floor":21.0,"turns":10.0},{"damage":16.0,"enemies":"Snake Plant","floor":22.0,"turns":7.0},{"damage":18.0,"enemies":"Book of Stabbing","floor":23.0,"turns":4.0},{"damage":27.0,"enemies":"Gremlin Leader","floor":27.0,"turns":6.0},{"damage":8.0,"enemies":"Sentry and Sphere","floor":28.0,"turns":8.0},{"damage":12.0,"enemies":"Cultist and Chosen","floor":30.0,"turns":5.0},{"damage":49.0,"enemies":"Automaton","floor":33.0,"turns":10.0},{"damage":38.0,"enemies":"3 Darklings","floor":35.0,"turns":7.0},{"damage":12.0,"enemies":"Orb Walker","floor":36.0,"turns":2.0},{"damage":16.0,"enemies":"Maw","floor":37.0,"turns":4.0},{"damage":12.0,"enemies":"Reptomancer","floor":40.0,"turns":2.0},{"damage":25.0,"enemies":"Nemesis","floor":42.0,"turns":5.0},{"damage":6,"enemies":"Giant Head","floor":44,"turns":5},{"damage":12,"enemies":"Spire Growth","floor":46,"turns":5},{"damage":12,"enemies":"Transient","floor":48,"turns":6},{"damage":43,"enemies":"Time Eater","floor":50,"turns":13},{"damage":31,"enemies":"Donu and Deca","floor":51,"turns":10},{"damage":9,"enemies":"Shield and Spear","floor":55,"turns":5},{"damage":69,"enemies":"The Heart","floor":56,"turns":5}],"seed_played":"-2792148741395476310","potions_obtained":[{"floor":8.0,"key":"PowerPotion"},{"floor":10.0,"key":"Swift Potion"},{"floor":14.0,"key":"PowerPotion"},{"floor":16.0,"key":"SteroidPotion"},{"floor":18.0,"key":"Strength Potion"},{"floor":22.0,"key":"Weak Potion"},{"floor":28.0,"key":"Energy Potion"},{"floor":35.0,"key":"Block Potion"},{"floor":37.0,"key":"Strength Potion"}],"is_trial":false,"path_per_floor":["M","M","?","$","?","E","R","E","T","M","M","M","?","E","R","B",null,"M","?","$","M","M","E","?","?","T","E","M","?","M","$","R","B",null,"M","M","M","$","?","E","R","E","T","E","R","M","$","M","R","B","B",null,"R","$","E","B"],"character_chosen":"IRONCLAD","items_purchased":["PreservedInsect","Molten Egg 2","Uppercut+1","Offering","Corruption","Sentinel","Feel No Pain","Mummified Hand","Swift Potion","Swift Potion","Corruption"],"campfire_rested":4,"item_purchase_floors":[4,20,31,31,38,38,47,47,47,54,54],"current_hp_per_floor":[74,75,64,64,38,44,44,15,25,30,36,42,42,46,46,29,71,71,59,59,59,59,55,55,55,55,42,50,50,57,57,57,30,52,40,38,38,38,38,39,56,50,50,59,59,59,59,59,59,37,58,59,59,59,59,0],"gold":36,"neow_bonus":"THREE_ENEMY_KILL","is_prod":false,"is_daily":false,"chose_seed":false,"campfire_upgraded":2,"win_rate":0,"timestamp":1550193109,"path_taken":["M","M","?","$","?","E","R","E","T","M","M","M","?","E","R","BOSS","M","?","$","M","M","E","?","?","T","E","M","?","M","$","R","BOSS","M","M","M","$","?","E","R","E","T","E","R","M","$","M","R","BOSS","BOSS","R","$","E","BOSS"],"build_version":"2019-01-23","purchased_purges":0,"victory":false,"max_hp_per_floor":[75,75,75,75,75,75,75,75,85,85,85,85,85,85,85,85,85,85,59,59,59,59,59,59,59,59,59,59,59,59,59,59,59,59,59,59,59,59,59,59,59,59,59,59,59,59,59,59,59,59,59,59,59,59,59,59],"card_choices":[{"not_picked":["Wild Strike","Havoc"],"picked":"Pommel Strike","floor":1.0},{"not_picked":["Rage","Rupture"],"picked":"Thunderclap","floor":2.0},{"not_picked":["Seeing Red","Dark Embrace"],"picked":"Armaments","floor":6.0},{"not_picked":["Exhume","Armaments"],"picked":"Power Through","floor":8.0},{"not_picked":["Warcry","Sword Boomerang"],"picked":"Iron Wave","floor":10.0},{"not_picked":["Body Slam","Searing Blow"],"picked":"Inflame","floor":11.0},{"not_picked":["Blood for Blood","Flex"],"picked":"Shrug It Off","floor":12.0},{"not_picked":["Cleave","Sever Soul","Sentinel"],"picked":"SKIP","floor":14.0},{"not_picked":["Juggernaut","Berserk"],"picked":"Barricade","floor":16.0},{"not_picked":["Sever Soul","Iron Wave"],"picked":"Ghostly Armor","floor":18.0},{"not_picked":["Carnage+1","Burning Pact"],"picked":"Clothesline+1","floor":21.0},{"not_picked":["Havoc","Perfected Strike+1"],"picked":"Cleave+1","floor":22.0},{"not_picked":["Pommel Strike+1","Infernal Blade"],"picked":"Pummel+1","floor":23.0},{"not_picked":["Metallicize+1","Heavy Blade+1"],"picked":"Shrug It Off","floor":27.0},{"not_picked":["Searing Blow+1","Warcry","Twin Strike+1"],"picked":"SKIP","floor":28.0},{"not_picked":["Sever Soul+1","Rage+1"],"picked":"Limit Break","floor":30.0},{"not_picked":["Brutality","Double Tap"],"picked":"Limit Break","floor":33.0},{"not_picked":["Flex","Headbutt+1","Sentinel"],"picked":"SKIP","floor":35.0},{"not_picked":["Perfected Strike+1","Warcry"],"picked":"Whirlwind+1","floor":36.0},{"not_picked":["Anger+1","Clothesline+1","Brutality"],"picked":"SKIP","floor":37.0},{"not_picked":["Headbutt+1","Havoc","Combust"],"picked":"SKIP","floor":40.0},{"not_picked":["Flex","Sever Soul+1"],"picked":"True Grit","floor":42.0},{"not_picked":["Clothesline+1","Anger+1"],"picked":"Shrug It Off","floor":44},{"not_picked":["Shrug It Off","Iron Wave+1"],"picked":"Feel No Pain","floor":45},{"not_picked":["Rupture","Barricade"],"picked":"Havoc+1","floor":46},{"not_picked":["Body Slam+1","Pommel Strike+1"],"picked":"Disarm+1","floor":48},{"not_picked":["Wild Strike+1","Iron Wave+1"],"picked":"Shrug It Off+1","floor":49},{"not_picked":["Thunderclap+1","Clash+1"],"picked":"Power Through","floor":53},{"not_picked":["Anger+1","Whirlwind+1"],"picked":"Heavy Blade+1","floor":55}],"player_experience":1210448,"relics_obtained":[{"floor":6.0,"key":"Pantograph"},{"floor":8.0,"key":"Red Skull"},{"floor":9.0,"key":"Pear"},{"floor":14.0,"key":"Turnip"},{"floor":23.0,"key":"Juzu Bracelet"},{"floor":27.0,"key":"Centennial Puzzle"},{"floor":40.0,"key":"Sundial"},{"floor":42.0,"key":"Dream Catcher"},{"floor":44,"key":"Gremlin Horn"},{"floor":55,"key":"Lantern"}],"event_choices":[{"damage_healed":0.0,"max_hp_gain":0.0,"max_hp_loss":0.0,"gold_gain":75.0,"event_name":"World of Goop","player_choice":"Gather Gold","floor":3.0,"gold_loss":0.0,"damage_taken":11.0},{"damage_healed":0.0,"max_hp_gain":0.0,"max_hp_loss":0.0,"gold_gain":0.0,"event_name":"Golden Idol","player_choice":"Take Damage","floor":5.0,"gold_loss":0.0,"damage_taken":26.0,"relics_obtained":["Golden Idol"]},{"damage_healed":0.0,"max_hp_gain":0.0,"max_hp_loss":0.0,"gold_gain":0.0,"event_name":"Living Wall","player_choice":"Grow","floor":13.0,"gold_loss":0.0,"damage_taken":0.0,"cards_upgraded":["Inflame"]},{"damage_healed":0.0,"max_hp_gain":0.0,"max_hp_loss":26.0,"gold_gain":0.0,"event_name":"Vampires","player_choice":"Became a vampire","floor":19.0,"gold_loss":0.0,"damage_taken":0.0,"cards_obtained":["Bite","Bite","Bite","Bite","Bite"]},{"damage_healed":0.0,"max_hp_gain":0.0,"max_hp_loss":0.0,"gold_gain":50.0,"event_name":"Nest","player_choice":"Stole From Cult","floor":24.0,"gold_loss":0.0,"damage_taken":0.0},{"damage_healed":0.0,"max_hp_gain":0.0,"max_hp_loss":0.0,"gold_gain":0.0,"event_name":"Upgrade Shrine","player_choice":"Upgraded","floor":25.0,"gold_loss":0.0,"damage_taken":0.0,"cards_upgraded":["Barricade"]},{"damage_healed":0.0,"max_hp_gain":0.0,"max_hp_loss":0.0,"gold_gain":0.0,"event_name":"Match and Keep!","player_choice":"3 cards matched","floor":29.0,"gold_loss":0.0,"damage_taken":0.0,"cards_obtained":["Pommel Strike","Pummel","Offering"]},{"damage_healed":0.0,"max_hp_gain":0.0,"max_hp_loss":0.0,"gold_gain":333.0,"event_name":"The Moai Head","player_choice":"Gave Idol","floor":39.0,"relics_lost":["Golden Idol"],"gold_loss":0.0,"damage_taken":0.0}],"is_beta":false,"boss_relics":[{"not_picked":["White Beast Statue","Runic Dome"],"picked":"Fusion Hammer"},{"not_picked":["Astrolabe","Busted Crown"],"picked":"Cursed Key"}],"items_purged_floors":[],"is_endless":false,"potions_floor_spawned":[8,10,14,16,18,22,28,35,37,48],"killed_by":"The Heart","ascension_level":20}