{"gold_per_floor":[109,29,48,48,68,68,96,106,106,106,131,150,150,164,164,266,266,281,299,315,315,40,70,70,90,171,171,188,188],"floor_reached":29,"playtime":2759,"items_purged":[],"score":257,"play_id":"cb43424e-7b44-4368-8316-3b85f2eaf09a","local_time":"20190220232055","is_ascension_mode":false,"campfire_choices":[{"data":"Bane","floor":6.0,"key":"SMITH"},{"data":"Crippling Poison","floor":10.0,"key":"SMITH"},{"floor":13.0,"key":"REST"},{"data":"Bouncing Flask","floor":15.0,"key":"SMITH"},{"floor":24,"key":"REST"}],"neow_cost":"NONE","seed_source_timestamp":0,"circlet_count":0,"master_deck":["Defend_G","Defend_G","Defend_G","Defend_G","Strike_G","Strike_G","Strike_G","Strike_G","Strike_G","Survivor","Neutralize","Crippling Poison+1","Predator","Bouncing Flask+1","Bane+1","Venomology","Bouncing Flask","Calculated Gamble","Deadly Poison","Prepared","Envenom","Poisoned Stab","Expertise+1","Bouncing Flask","Riddle With Holes","PanicButton","Poisoned Stab+1","Distraction+1","Dash+1","Necronomicurse","Poisoned Stab+1"],"special_seed":0,"relics":["Ring of the Snake","Letter Opener","Question Card","Mummified Hand","Runic Dome","Molten Egg 2","Ninja Scroll","Matryoshka","Necronomicon"],"potions_floor_usage":[23,23,25,28,28],"damage_taken":[{"damage":0.0,"enemies":"Small Slimes","floor":1.0,"turns":3.0},{"damage":1.0,"enemies":"Cultist","floor":3.0,"turns":3.0},{"damage":5.0,"enemies":"2 Louse","floor":5.0,"turns":3.0},{"damage":20.0,"enemies":"3 Sentries","floor":7.0,"turns":8.0},{"damage":6.0,"enemies":"Exordium Thugs","floor":8.0,"turns":3.0},{"damage":2.0,"enemies":"Lagavulin","floor":11.0,"turns":5.0},{"damage":17.0,"enemies":"Large Slime","floor":12.0,"turns":4.0},{"damage":0.0,"enemies":"Looter","floor":14.0,"turns":2.0},{"damage":35.0,"enemies":"Slime Boss","floor":16.0,"turns":11.0},{"damage":10.0,"enemies":"Chosen","floor":18.0,"turns":3.0},{"damage":0.0,"enemies":"3 Byrds","floor":19.0,"turns":3.0},{"damage":32.0,"enemies":"Shelled Parasite and Fungi","floor":20.0,"turns":4.0},{"damage":33,"enemies":"Book of Stabbing","floor":23,"turns":4},{"damage":1,"enemies":"Chosen and Byrds","floor":25,"turns":3},{"damage":0,"enemies":"Snecko","floor":28,"turns":3},{"damage":14,"enemies":"Snake Plant","floor":29,"turns":1}],"seed_played":"6923331046832120647","potions_obtained":[{"floor":5.0,"key":"EssenceOfSteel"},{"floor":7.0,"key":"Strength Potion"},{"floor":8.0,"key":"Block Potion"},{"floor":11.0,"key":"Poison Potion"},{"floor":14.0,"key":"Regen Potion"},{"floor":16.0,"key":"SmokeBomb"},{"floor":19.0,"key":"SkillPotion"},{"floor":20.0,"key":"Ancient Potion"},{"floor":23,"key":"SteroidPotion"}],"is_trial":false,"path_per_floor":["M","$","M","?","M","R","E","M","T","R","E","M","R","M","R","B",null,"M","M","M","?","$","E","R","M","T","?","M","M"],"character_chosen":"THE_SILENT","items_purchased":["Predator","Molten Egg 2","Poisoned Stab+1"],"campfire_rested":2,"item_purchase_floors":[2,22,22],"current_hp_per_floor":[77,77,76,76,71,71,51,45,45,45,43,26,49,49,49,29,77,67,67,35,35,35,2,25,24,24,8,8,0],"gold":188,"neow_bonus":"TEN_PERCENT_HP_BONUS","is_prod":false,"is_daily":false,"chose_seed":false,"campfire_upgraded":3,"win_rate":0,"timestamp":1550701255,"path_taken":["M","$","M","?","M","R","E","M","T","R","E","?","R","M","R","BOSS","M","M","?","?","?","E","R","M","T","?","M","M"],"build_version":"2019-01-23","purchased_purges":0,"victory":false,"max_hp_per_floor":[77,77,77,77,77,77,77,77,77,77,77,77,77,77,77,77,77,77,77,77,77,77,77,77,77,77,77,77,77],"card_choices":[{"not_picked":["Flying Knee","Slice"],"picked":"Crippling Poison","floor":1.0},{"not_picked":["Predator","Poisoned Stab"],"picked":"Bouncing Flask","floor":3.0},{"not_picked":["Prepared","Escape Plan"],"picked":"Bane","floor":5.0},{"not_picked":["All Out Attack","Endless Agony"],"picked":"Venomology","floor":7.0},{"not_picked":["Prepared","Acrobatics"],"picked":"Bouncing Flask","floor":8.0},{"not_picked":["Acrobatics","Slice","Backstab"],"picked":"Calculated Gamble","floor":11.0},{"not_picked":["Terror","Sucker Punch","Quick Slash"],"picked":"Deadly Poison","floor":12.0},{"not_picked":["Dodge and Roll","Blur","Acrobatics"],"picked":"Prepared","floor":14.0},{"not_picked":["Die Die Die","Tools of the Trade","Adrenaline"],"picked":"Envenom","floor":16.0},{"not_picked":["Deadly Poison","Blur+1","Tactician"],"picked":"Poisoned Stab","floor":18.0},{"not_picked":["Caltrops","Skewer","Backflip"],"picked":"Expertise+1","floor":19.0},{"not_picked":["Riddle With Holes","Poisoned Stab","Skewer"],"picked":"Bouncing Flask","floor":20.0},{"not_picked":["Underhanded Strike+1","Deflect","Escape Plan"],"picked":"Distraction+1","floor":23},{"not_picked":["Prepared","Flying Knee+1","Flechettes+1"],"picked":"Dash+1","floor":25},{"not_picked":["Crippling Poison","PiercingWail","Underhanded Strike+1"],"picked":"Poisoned Stab+1","floor":28}],"player_experience":18205,"relics_obtained":[{"floor":7.0,"key":"Letter Opener"},{"floor":9.0,"key":"Question Card"},{"floor":11.0,"key":"Mummified Hand"},{"floor":23,"key":"Ninja Scroll"},{"floor":26,"key":"Matryoshka"},{"floor":27,"key":"Necronomicon"}],"event_choices":[{"cards_removed":["Defend_G"],"damage_healed":0.0,"max_hp_gain":0.0,"max_hp_loss":0.0,"gold_gain":0.0,"event_name":"Purifier","player_choice":"Purged","floor":4.0,"gold_loss":0.0,"damage_taken":0.0},{"damage_healed":0.0,"max_hp_gain":0.0,"max_hp_loss":0.0,"gold_gain":0.0,"event_name":"Match and Keep!","player_choice":"2 cards matched","floor":21.0,"gold_loss":0.0,"damage_taken":0.0,"cards_obtained":["Riddle With Holes","PanicButton"]},{"damage_healed":0,"gold_gain":0,"player_choice":"Obtained Book","damage_taken":16,"max_hp_gain":0,"max_hp_loss":0,"event_name":"Cursed Tome","floor":27,"gold_loss":0}],"is_beta":false,"boss_relics":[{"not_picked":["Sozu","Orrery"],"picked":"Runic Dome"}],"items_purged_floors":[],"is_endless":false,"potions_floor_spawned":[5,7,8,11,14,16,19,20,23],"killed_by":"Snake Plant","ascension_level":0}