{"gold_per_floor":[111,130,130,130,18,18,44,44,44,60,80,80,80,92,92,197,197,213,230,145,145,214,246,246,256,279,291,317,331,344,67,67,166,166,184,204,204,221,234,269,284,319,319,364,364,380,0,27,27,27],"floor_reached":51,"playtime":2377,"items_purged":["Strike_G"],"score":829,"play_id":"535aa3f6-a042-45c3-acb7-125da1c747c5","local_time":"20181031094458","is_ascension_mode":false,"campfire_choices":[{"data":"Skewer","floor":6,"key":"SMITH"},{"data":"Die Die Die","floor":8,"key":"SMITH"},{"data":"Leg Sweep","floor":12,"key":"SMITH"},{"data":"Footwork","floor":15,"key":"SMITH"},{"data":"Footwork","floor":24,"key":"SMITH"},{"data":"Cloak And Dagger","floor":32,"key":"SMITH"},{"data":"Malaise","floor":49,"key":"SMITH"}],"neow_cost":"NONE","seed_source_timestamp":23737955440436,"circlet_count":0,"master_deck":["Defend_G","Defend_G+1","Defend_G+1","Defend_G","Strike_G","Survivor+1","Neutralize+1","Skewer+1","Dagger Throw","Backstab","Die Die Die+1","Leg Sweep+1","Backflip+1","Footwork+1","Die Die Die","Catalyst+1","Skewer+1","Wraith Form v2+1","Dagger Spray+1","Cloak And Dagger+1","Footwork+1","Die Die Die+1","Cloak And Dagger","Dagger Spray+1","Malaise+1","Cloak And Dagger+1","Terror","Wraith Form v2+1","Concentrate+1"],"relics":["Ring of the Snake","Vajra","Oddly Smooth Stone","Singing Bowl","Question Card","Astrolabe","War Paint","Molten Egg 2","Art of War","Lantern","Snake Skull","Paper Crane","Busted Crown","Gambling Chip","Dream Catcher","Pocketwatch","Bird Faced Urn","Red Mask","Bronze Scales"],"potions_floor_usage":[16,25,25,25,28,33,44,50,50],"damage_taken":[{"damage":0,"enemies":"Cultist","floor":1,"turns":3},{"damage":0,"enemies":"2 Louse","floor":2,"turns":2},{"damage":15,"enemies":"Lagavulin","floor":7,"turns":6},{"damage":0,"enemies":"Jaw Worm","floor":10,"turns":2},{"damage":0,"enemies":"Blue Slaver","floor":11,"turns":2},{"damage":0,"enemies":"3 Louse","floor":14,"turns":3},{"damage":25,"enemies":"Hexaghost","floor":16,"turns":16},{"damage":1,"enemies":"Chosen","floor":18,"turns":4},{"damage":10,"enemies":"2 Thieves","floor":19,"turns":2},{"damage":25,"enemies":"Book of Stabbing","floor":23,"turns":9},{"damage":7,"enemies":"Snecko","floor":25,"turns":5},{"damage":0,"enemies":"Sentry and Sphere","floor":27,"turns":3},{"damage":0,"enemies":"Slavers","floor":28,"turns":2},{"damage":0,"enemies":"3 Cultists","floor":29,"turns":3},{"damage":0,"enemies":"Snake Plant","floor":30,"turns":6},{"damage":12,"enemies":"Automaton","floor":33,"turns":11},{"damage":0,"enemies":"Orb Walker","floor":35,"turns":4},{"damage":0,"enemies":"3 Shapes","floor":36,"turns":2},{"damage":0,"enemies":"Transient","floor":38,"turns":5},{"damage":1,"enemies":"Spire Growth","floor":39,"turns":5},{"damage":11,"enemies":"Nemesis","floor":40,"turns":9},{"damage":0,"enemies":"3 Darklings","floor":41,"turns":2},{"damage":5,"enemies":"Reptomancer","floor":42,"turns":8},{"damage":10,"enemies":"2 Orb Walkers","floor":44,"turns":3},{"damage":0,"enemies":"Sphere and 2 Shapes","floor":46,"turns":1},{"damage":9,"enemies":"Giant Head","floor":48,"turns":9},{"damage":37,"enemies":"Donu and Deca","floor":50,"turns":12}],"seed_played":"-8439867558319842584","potions_obtained":[{"floor":2,"key":"Swift Potion"},{"floor":7,"key":"FairyPotion"},{"floor":10,"key":"Ancient Potion"},{"floor":18,"key":"FairyPotion"},{"floor":19,"key":"EntropicBrew"},{"floor":25,"key":"Explosive Potion"},{"floor":30,"key":"PowerPotion"},{"floor":39,"key":"GhostInAJar"},{"floor":44,"key":"Weak Potion"}],"is_trial":false,"path_per_floor":["M","M","?","?","$","R","E","R","T","M","M","R","?","M","R","B",null,"M","M","?","?","T","E","R","M","T","M","E","M","M","$","R","B",null,"M","M","?","M","M","E","M","E","T","?","?","M","?","E","R","B",null],"character_chosen":"THE_SILENT","items_purchased":["Backstab","Paper Crane","Dagger Spray+1"],"campfire_rested":0,"item_purchase_floors":[5,31,31],"current_hp_per_floor":[70,70,67,53,53,53,38,38,38,38,38,38,38,38,38,13,70,69,61,61,61,61,36,36,29,29,31,31,33,35,35,35,23,78,80,82,82,82,81,72,74,71,71,63,63,63,63,64,64,37],"gold":27,"neow_bonus":"RANDOM_COMMON_RELIC","is_prod":false,"is_daily":false,"chose_seed":false,"campfire_upgraded":7,"win_rate":0,"timestamp":1540993498,"path_taken":["M","M","?","?","$","R","E","R","T","M","M","R","?","M","R","BOSS","M","M","?","?","?","E","R","M","T","M","E","M","M","$","R","BOSS","M","M","?","M","M","E","M","E","T","?","?","?","?","E","R","BOSS"],"build_version":"2018-10-30","purchased_purges":1,"victory":true,"max_hp_per_floor":[70,70,70,70,70,70,70,70,70,70,70,70,70,70,70,70,70,70,72,72,72,72,72,72,72,72,74,74,76,78,78,78,78,78,80,82,82,82,82,84,86,88,88,90,90,90,90,92,92,92],"card_choices":[{"not_picked":["Dodge and Roll","Blade Dance"],"picked":"Skewer","floor":1},{"not_picked":["Night Terror","Skewer"],"picked":"Dagger Throw","floor":2},{"not_picked":["Dodge and Roll","Dagger Spray"],"picked":"Die Die Die","floor":7},{"not_picked":["PiercingWail","Reflex","Outmaneuver"],"picked":"Leg Sweep","floor":10},{"not_picked":["Flying Knee","Deflect","Finisher"],"picked":"Backflip","floor":11},{"not_picked":["Flying Knee","Terror","Endless Agony"],"picked":"Footwork","floor":14},{"not_picked":["Grand Finale","Storm of Steel","Tools of the Trade"],"picked":"Die Die Die","floor":16},{"not_picked":["Noxious Fumes","Sucker Punch","Quick Slash"],"picked":"Dagger Spray+1","floor":18},{"not_picked":["Acrobatics","Endless Agony","Setup","Underhanded Strike"],"picked":"Singing Bowl","floor":19},{"not_picked":["Slice+1","Cloak And Dagger","Poisoned Stab+1"],"picked":"Footwork","floor":23},{"not_picked":["Well Laid Plans","Flying Knee+1","Deadly Poison"],"picked":"Die Die Die+1","floor":25},{"not_picked":["Bane+1","Deadly Poison","Sucker Punch+1","Tactician+1"],"picked":"Singing Bowl","floor":27},{"not_picked":["Accuracy","Dagger Throw+1","Outmaneuver"],"picked":"Cloak And Dagger","floor":28},{"not_picked":["Finisher+1","Flying Knee+1","Deadly Poison","Blade Dance"],"picked":"Singing Bowl","floor":29},{"not_picked":["Underhanded Strike+1","Escape Plan","Concentrate","Acrobatics"],"picked":"Singing Bowl","floor":30},{"not_picked":["Venomology","Die Die Die+1","Doppelganger"],"picked":"Malaise","floor":33},{"not_picked":["Finisher+1","Dagger Spray+1"],"picked":"Singing Bowl","floor":35},{"not_picked":["Eviscerate+1","Expertise+1"],"picked":"Singing Bowl","floor":36},{"not_picked":["Dodge and Roll+1"],"picked":"Cloak And Dagger+1","floor":38},{"not_picked":["Dagger Spray+1"],"picked":"Terror","floor":39},{"not_picked":["Blade Dance","Night Terror"],"picked":"Singing Bowl","floor":40},{"not_picked":["Dagger Throw+1","Backflip"],"picked":"Singing Bowl","floor":41},{"not_picked":["Poisoned Stab+1","Endless Agony+1"],"picked":"Singing Bowl","floor":42},{"not_picked":["Poisoned Stab+1","Dagger Spray+1"],"picked":"Singing Bowl","floor":44},{"not_picked":["Escape Plan"],"picked":"Concentrate+1","floor":46},{"not_picked":["Bouncing Flask","Outmaneuver+1"],"picked":"Singing Bowl","floor":48}],"player_experience":1116335,"relics_obtained":[{"floor":7,"key":"Singing Bowl"},{"floor":9,"key":"Question Card"},{"floor":22,"key":"Molten Egg 2"},{"floor":23,"key":"Art of War"},{"floor":26,"key":"Lantern"},{"floor":28,"key":"Snake Skull"},{"floor":40,"key":"Gambling Chip"},{"floor":42,"key":"Dream Catcher"},{"floor":43,"key":"Pocketwatch"},{"floor":44,"key":"Bird Faced Urn"},{"floor":48,"key":"Bronze Scales"}],"event_choices":[{"damage_healed":0,"gold_gain":0,"player_choice":"Success","damage_taken":3,"relics_obtained":["Oddly Smooth Stone"],"max_hp_gain":0,"max_hp_loss":0,"event_name":"Scrap Ooze","floor":3,"gold_loss":0},{"damage_healed":0,"gold_gain":0,"player_choice":"Entered Light","damage_taken":14,"max_hp_gain":0,"max_hp_loss":0,"event_name":"Shining Light","floor":4,"gold_loss":0,"cards_upgraded":["Defend_G","Neutralize"]},{"damage_healed":0,"gold_gain":0,"player_choice":"Grow","damage_taken":0,"max_hp_gain":0,"max_hp_loss":0,"event_name":"Living Wall","floor":13,"gold_loss":0,"cards_upgraded":["Backflip"]},{"damage_healed":0,"gold_gain":0,"player_choice":"Obtained Relic","damage_taken":0,"relics_obtained":["War Paint"],"max_hp_gain":0,"max_hp_loss":0,"event_name":"Addict","floor":20,"gold_loss":85},{"damage_healed":0,"gold_gain":0,"player_choice":"Read","damage_taken":0,"max_hp_gain":0,"max_hp_loss":0,"event_name":"The Library","floor":21,"gold_loss":0,"cards_obtained":["Cloak And Dagger"]},{"cards_removed":["Defend_G"],"damage_healed":0,"gold_gain":0,"player_choice":"Removed Skill","damage_taken":0,"max_hp_gain":0,"max_hp_loss":0,"event_name":"Falling","floor":37,"gold_loss":0},{"damage_healed":0,"gold_gain":0,"player_choice":"Fight","damage_taken":0,"max_hp_gain":0,"max_hp_loss":0,"event_name":"Mysterious Sphere","floor":44,"gold_loss":0},{"damage_healed":0,"gold_gain":0,"player_choice":"Copied","damage_taken":0,"max_hp_gain":0,"max_hp_loss":0,"event_name":"Duplicator","floor":45,"gold_loss":0,"cards_obtained":["Wraith Form v2"]},{"damage_healed":0,"gold_gain":0,"player_choice":"Paid","damage_taken":0,"relics_obtained":["Red Mask"],"max_hp_gain":0,"max_hp_loss":0,"event_name":"Tomb of Lord Red Mask","floor":47,"gold_loss":380}],"is_beta":true,"boss_relics":[{"not_picked":["Runic Pyramid","Snecko Eye"],"picked":"Astrolabe"},{"not_picked":["White Beast Statue","Tiny House"],"picked":"Busted Crown"}],"items_purged_floors":[5],"is_endless":false,"potions_floor_spawned":[2,7,10,18,19,25,30,39,40,41,44,46],"ascension_level":0}