{"gold_per_floor":[119,119,119,173,188,223,223,253,253,108,122,22,50,70,70,170,170,187,287,342,3,3,34,54,54],"floor_reached":25,"playtime":1009,"items_purged":["Strike_B","Strike_B","Defend_B"],"score":300,"play_id":"90ef9f51-b394-4ae8-b5ac-e87bb14cdaaa","local_time":"20190208135145","is_ascension_mode":true,"campfire_choices":[{"data":"Fusion","floor":7,"key":"SMITH"},{"floor":15,"key":"REST"}],"neow_cost":"NONE","seed_source_timestamp":361452358079060,"circlet_count":0,"master_deck":["Strike_B+1","Strike_B+1","Defend_B+1","Defend_B+1","Zap","Dualcast","Gash","Rebound","Fusion+1","Turbo","Doom and Gloom","Go for the Eyes","Auto Shields","Doom and Gloom","Echo Form","Redo","Reinforced Body","Darkness","Skim+1","Sunder+1"],"relics":["Cracked Core","NeowsBlessing","War Paint","Tiny Chest","Pear","Whetstone","Question Card","Incense Burner","Busted Crown","Pocketwatch","Shuriken","Strawberry","Blood Vial","Bird Faced Urn","Molten Egg 2"],"potions_floor_usage":[8,16,16,19,25,25],"damage_taken":[{"damage":0,"enemies":"Cultist","floor":1,"turns":1},{"damage":0,"enemies":"Jaw Worm","floor":5,"turns":1},{"damage":0,"enemies":"Gremlin Nob","floor":6,"turns":1},{"damage":19,"enemies":"3 Sentries","floor":8,"turns":6},{"damage":15,"enemies":"Small Slimes","floor":11,"turns":2},{"damage":27,"enemies":"Gremlin Nob","floor":13,"turns":5},{"damage":6,"enemies":"Exordium Wildlife","floor":14,"turns":2},{"damage":16,"enemies":"Hexaghost","floor":16,"turns":8},{"damage":6,"enemies":"Shell Parasite","floor":18,"turns":5},{"damage":17,"enemies":"Colosseum Slavers","floor":19,"turns":4},{"damage":24,"enemies":"Colosseum Nobs","floor":19,"turns":5},{"damage":24,"enemies":"Gremlin Leader","floor":23,"turns":5},{"damage":0,"enemies":"Chosen","floor":24,"turns":3},{"damage":47,"enemies":"Slavers","floor":25,"turns":3}],"seed_played":"7633274105694329812","potions_obtained":[{"floor":5,"key":"FearPotion"},{"floor":6,"key":"Explosive Potion"},{"floor":13,"key":"EssenceOfSteel"},{"floor":14,"key":"AttackPotion"},{"floor":16,"key":"SpeedPotion"},{"floor":19,"key":"GamblersBrew"},{"floor":24,"key":"Dexterity Potion"}],"is_trial":false,"path_per_floor":["M","?","?","T","M","E","R","E","T","$","M","$","E","M","R","B",null,"M","?","T","$","?","E","M","E"],"character_chosen":"DEFECT","items_purchased":["Doom and Gloom","Darkness","Blood Vial"],"campfire_rested":1,"item_purchase_floors":[10,21,21],"current_hp_per_floor":[75,68,65,65,65,75,75,56,56,56,41,41,14,8,33,17,85,79,38,45,45,45,25,29,0],"gold":54,"neow_bonus":"THREE_ENEMY_KILL","is_prod":false,"is_daily":false,"chose_seed":false,"campfire_upgraded":1,"win_rate":0,"timestamp":1549662705,"path_taken":["M","?","?","?","?","E","R","E","T","$","M","?","E","M","R","BOSS","M","?","?","?","?","E","M","E"],"build_version":"2019-01-23","purchased_purges":3,"victory":false,"max_hp_per_floor":[75,75,75,75,75,85,85,85,85,85,85,85,85,85,85,85,85,85,85,92,92,92,92,92,92],"card_choices":[{"not_picked":["Streamline","Glacier"],"picked":"Gash","floor":1},{"not_picked":["Turbo","Conserve Battery"],"picked":"Rebound","floor":5},{"not_picked":["Hologram","Genetic Algorithm"],"picked":"Fusion","floor":6},{"not_picked":["Rip and Tear","Genetic Algorithm"],"picked":"Turbo","floor":8},{"not_picked":["Loop","Hello World","Capacitor"],"picked":"Go for the Eyes","floor":11},{"not_picked":["Leap","Biased Cognition","Cold Snap"],"picked":"Auto Shields","floor":13},{"not_picked":["Lockon","Compile Driver","Cold Snap"],"picked":"Doom and Gloom","floor":14},{"not_picked":["Creative AI","Electrodynamics","Buffer"],"picked":"Echo Form","floor":16},{"not_picked":["Stack"],"picked":"Redo","floor":18},{"not_picked":["Undo"],"picked":"Reinforced Body","floor":19},{"not_picked":["BootSequence+1"],"picked":"Skim+1","floor":23},{"not_picked":["Rip and Tear+1"],"picked":"Sunder+1","floor":24}],"player_experience":129652,"relics_obtained":[{"floor":4,"key":"Tiny Chest"},{"floor":6,"key":"Pear"},{"floor":8,"key":"Whetstone"},{"floor":9,"key":"Question Card"},{"floor":13,"key":"Incense Burner"},{"floor":19,"key":"Pocketwatch"},{"floor":19,"key":"Shuriken"},{"floor":20,"key":"Strawberry"},{"floor":23,"key":"Molten Egg 2"}],"event_choices":[{"cards_removed":["Defend_B"],"damage_healed":0,"gold_gain":0,"player_choice":"Card Removal","damage_taken":7,"max_hp_gain":0,"max_hp_loss":0,"event_name":"Golden Wing","floor":2,"gold_loss":0},{"damage_healed":0,"gold_gain":0,"player_choice":"Success","damage_taken":3,"relics_obtained":["War Paint"],"max_hp_gain":0,"max_hp_loss":0,"event_name":"Scrap Ooze","floor":3,"gold_loss":0},{"damage_healed":0,"gold_gain":0,"player_choice":"Fight","damage_taken":0,"max_hp_gain":0,"max_hp_loss":0,"event_name":"Colosseum","floor":19,"gold_loss":0},{"damage_healed":0,"gold_gain":0,"player_choice":"Fought Nobs","damage_taken":0,"max_hp_gain":0,"max_hp_loss":0,"event_name":"Colosseum","floor":19,"gold_loss":0},{"damage_healed":0,"gold_gain":0,"player_choice":"Gave Potion","damage_taken":0,"relics_obtained":["Bird Faced Urn"],"max_hp_gain":0,"max_hp_loss":0,"event_name":"WeMeetAgain","floor":22,"gold_loss":0}],"is_beta":false,"boss_relics":[{"not_picked":["Inserter","Cursed Key"],"picked":"Busted Crown"}],"items_purged_floors":[10,12,21],"is_endless":false,"potions_floor_spawned":[5,6,13,14,16,19,19,24],"killed_by":"Slavers","ascension_level":1}