{"gold_per_floor":[116,191,207,226,244,271,284,301,301,326,102,87],"floor_reached":12,"playtime":708,"items_purged":["Static Discharge"],"score":123,"play_id":"12e1c293-4f2d-4516-b643-751d3f1bc47c","local_time":"20190208171414","is_ascension_mode":true,"campfire_choices":[],"neow_cost":"TEN_PERCENT_HP_LOSS","seed_source_timestamp":373902060080056,"circlet_count":0,"master_deck":["Strike_B","Strike_B","Defend_B","Defend_B","Defend_B","Defend_B","Zap","Dualcast","Cold Snap","Skim","Rebound","FTL","Lockon","Glacier","Hyperbeam"],"relics":["Cracked Core","Symbiotic Virus","Boot","Dodecahedron","Blood Vial"],"potions_floor_usage":[5,10],"damage_taken":[{"damage":7,"enemies":"2 Louse","floor":1,"turns":2},{"damage":2,"enemies":"Jaw Worm","floor":3,"turns":4},{"damage":0,"enemies":"Cultist","floor":4,"turns":3},{"damage":4,"enemies":"Large Slime","floor":5,"turns":7},{"damage":19,"enemies":"Lagavulin","floor":6,"turns":7},{"damage":11,"enemies":"Gremlin Gang","floor":7,"turns":3},{"damage":9,"enemies":"2 Fungi Beasts","floor":8,"turns":3},{"damage":0,"enemies":"3 Sentries","floor":10,"turns":10},{"damage":10,"enemies":"Looter","floor":12,"turns":1}],"seed_played":"-6869654349685371738","potions_obtained":[{"floor":1,"key":"Explosive Potion"},{"floor":4,"key":"Swift Potion"},{"floor":5,"key":"Dexterity Potion"},{"floor":8,"key":"Fire Potion"}],"is_trial":false,"path_per_floor":["M","?","M","M","M","E","M","M","T","E","$","M"],"character_chosen":"DEFECT","items_purchased":["Blood Vial"],"campfire_rested":0,"item_purchase_floors":[11],"current_hp_per_floor":[61,50,48,48,44,25,14,5,5,5,5,0],"gold":87,"neow_bonus":"REMOVE_TWO","is_prod":false,"is_daily":false,"chose_seed":false,"campfire_upgraded":0,"win_rate":0,"timestamp":1549674854,"path_taken":["M","?","M","M","M","E","M","M","T","E","$","M"],"build_version":"2019-01-23","purchased_purges":1,"victory":false,"max_hp_per_floor":[68,68,68,68,68,68,68,68,68,68,68,68],"card_choices":[{"not_picked":["Storm","Recycle"],"picked":"Static Discharge","floor":1},{"not_picked":["Barrage","Capacitor"],"picked":"Cold Snap","floor":3},{"not_picked":["Scrape","Leap"],"picked":"Skim","floor":4},{"not_picked":["Redo","Ball Lightning"],"picked":"Rebound","floor":5},{"not_picked":["Recycle","Turbo"],"picked":"FTL","floor":6},{"not_picked":["Double Energy","Aggregate"],"picked":"Lockon","floor":7},{"not_picked":["Hello World","Gash"],"picked":"Glacier","floor":8},{"not_picked":["Conserve Battery","Tempest"],"picked":"Hyperbeam","floor":10}],"player_experience":132792,"relics_obtained":[{"floor":6,"key":"Symbiotic Virus"},{"floor":9,"key":"Boot"},{"floor":10,"key":"Dodecahedron"}],"event_choices":[{"damage_healed":0,"gold_gain":75,"player_choice":"Gather Gold","damage_taken":11,"max_hp_gain":0,"max_hp_loss":0,"event_name":"World of Goop","floor":2,"gold_loss":0}],"is_beta":false,"boss_relics":[],"items_purged_floors":[11],"is_endless":false,"potions_floor_spawned":[1,4,5,8],"killed_by":"Looter","ascension_level":1}