{"path_per_floor":["M","M","?","M","$","R","E","?","T","E","M","?","E","M","R","B",null,"M","?","$","M","M","R","E","M","T","M","?","M","E","M","R","B",null,"M","M","$","M","?","E","M","E","T","R","E","M","$","M","R","B"],"character_chosen":"DEFECT","items_purchased":["White Noise","Regen Potion","Self Repair+1","Bag of Marbles","Panache+1","Loop+1","Bottled Tornado","Shuriken","Block Potion","Dexterity Potion","Hello World+1"],"gold_per_floor":[116,126,126,142,32,32,60,60,60,88,108,108,141,161,161,260,260,273,273,40,53,73,73,102,120,120,133,133,153,180,190,190,285,285,301,316,92,111,111,142,162,196,243,243,569,585,51,64,64,64],"floor_reached":51,"campfire_rested":3,"playtime":6816,"item_purchase_floors":[5,5,20,20,37,37,47,47,47,47,47],"current_hp_per_floor":[38,38,38,38,38,60,59,75,75,58,45,30,10,10,32,32,75,74,74,74,75,75,75,71,75,75,75,61,62,65,80,80,54,80,79,80,80,49,69,59,56,34,34,73,51,51,51,65,65,53],"items_purged":[],"gold":64,"score":916,"play_id":"d0ed10ee-efd1-498a-8fd5-90db1acd373e","local_time":"20180603214028","is_prod":false,"is_daily":false,"chose_seed":false,"is_ascension_mode":true,"campfire_upgraded":2,"win_rate":0.0,"timestamp":1528054828,"campfire_choices":[{"floor":6,"key":"REST"},{"floor":15,"key":"REST"},{"data":"Rainbow","floor":23,"key":"SMITH"},{"data":"Fission","floor":32,"key":"SMITH"},{"floor":44,"key":"REST"},{"data":"Writhe","floor":49,"key":"PURGE"}],"path_taken":["M","M","?","?","$","R","E","?","T","E","M","?","E","M","R","BOSS","M","?","$","M","M","R","E","M","T","M","?","M","E","M","R","BOSS","M","M","$","M","?","E","M","E","T","R","E","?","$","M","R","BOSS"],"build_version":"2018-05-31","seed_source_timestamp":56604599088393,"purchased_purges":0,"victory":true,"master_deck":["Strike_B","Strike_B+1","Defend_B","Defend_B","Defend_B","Zap+1","Dualcast+1","Rip and Tear","Auto Shields","Capacitor+1","White Noise","Sunder+1","Redo","Streamline","Auto Shields","Genetic Algorithm","Glacier","Glacier","Rainbow+1","Consume","White Noise+1","Defragment+1","Self Repair+1","Go for the Eyes+1","FTL+1","Hologram+1","BootSequence","Consume+1","Conserve Battery","Capacitor+1","Melter+1","Cold Snap+1","Storm+1","Fission+1","Chaos","Chill","Leap","Barrage+1","Streamline+1","Loop+1","Sweeping Beam","Panache+1","Loop+1","Force Field+1","Auto Shields+1","Storm+1","Static Discharge+1","Defragment+1","Cold Snap+1","Sweeping Beam+1","Hello World+1","Rip and Tear+1","Coolheaded+1"],"max_hp_per_floor":[75,75,75,75,75,75,75,75,75,75,75,75,75,75,75,75,75,75,75,75,75,75,75,75,75,75,75,80,80,80,80,80,80,80,80,80,80,80,80,80,80,80,80,80,80,80,80,80,80,80],"relics":["Cracked Core","Prayer Wheel","Frozen Egg 2","Vajra","Bronze Scales","Nuclear Battery","Bag of Marbles","Bird Faced Urn","Potion Belt","Regal Pillow","Black Star","The Courier","Toolbox","Question Card","Matryoshka","Gremlin Horn","Whetstone","Peace Pipe","Old Coin","Bottled Tornado","Shuriken"],"card_choices":[{"not_picked":["Scrape","Aggregate"],"picked":"Rip and Tear","floor":1},{"not_picked":["Redo","Sweeping Beam"],"picked":"Auto Shields","floor":2},{"not_picked":["Go for the Eyes","Hologram"],"picked":"Capacitor","floor":4},{"not_picked":["Aggregate","Hologram"],"picked":"Sunder","floor":7},{"not_picked":["Leap","Reprogram"],"picked":"Redo","floor":10},{"not_picked":["Scrape","Melter"],"picked":"Streamline","floor":11},{"not_picked":["Hologram","Rebound"],"picked":"Auto Shields","floor":11},{"not_picked":["Hologram","Turbo"],"picked":"Genetic Algorithm","floor":13},{"not_picked":["Hologram","Stack"],"picked":"Glacier","floor":14},{"not_picked":["Rebound","Streamline"],"picked":"Glacier","floor":14},{"not_picked":["Buffer+1","Amplify"],"picked":"Rainbow","floor":16},{"not_picked":["Steam","Rebound"],"picked":"Consume","floor":18},{"not_picked":["Static Discharge+1","Steam+1"],"picked":"White Noise+1","floor":18},{"not_picked":["Streamline","Skim+1"],"picked":"Go for the Eyes+1","floor":21},{"not_picked":["Scrape","Stack+1"],"picked":"FTL+1","floor":21},{"not_picked":["Glacier","Steam"],"picked":"Hologram+1","floor":22},{"not_picked":["Stack","Hologram"],"picked":"BootSequence","floor":22},{"not_picked":["Turbo","Chill"],"picked":"Consume+1","floor":24},{"not_picked":["Stack","Darkness"],"picked":"Conserve Battery","floor":25},{"not_picked":["Seek","Beam Cell"],"picked":"Capacitor+1","floor":25},{"not_picked":["Redo","Aggregate"],"picked":"Melter+1","floor":27},{"not_picked":["Beam Cell","Redo"],"picked":"Cold Snap+1","floor":27},{"not_picked":["Blizzard","Sweeping Beam"],"picked":"Storm+1","floor":29},{"not_picked":["Turbo","Scrape"],"picked":"Fission","floor":29},{"not_picked":["Redo+1","Blizzard+1"],"picked":"Chaos","floor":30},{"not_picked":["Streamline","Gash+1"],"picked":"Chill","floor":31},{"not_picked":["Gash","Static Discharge+1"],"picked":"Leap","floor":31},{"not_picked":["Rebound","Hello World+1"],"picked":"Barrage+1","floor":35},{"not_picked":["Steam","Cold Snap"],"picked":"Streamline+1","floor":35},{"not_picked":["Redo+1","Blizzard+1"],"picked":"Loop+1","floor":36},{"not_picked":["Hologram","Force Field+1"],"picked":"Sweeping Beam","floor":36},{"not_picked":["Darkness","Reprogram+1"],"picked":"Force Field+1","floor":38},{"not_picked":["Loop+1","Amplify"],"picked":"Auto Shields+1","floor":38},{"not_picked":["Tempest+1","Gash+1"],"picked":"Storm+1","floor":40},{"not_picked":["Streamline","FTL"],"picked":"Static Discharge+1","floor":41},{"not_picked":["Streamline+1","Gash","Sunder"],"picked":"SKIP","floor":41},{"not_picked":["Fission","Scrape+1"],"picked":"Defragment+1","floor":42},{"not_picked":["Go for the Eyes","Compile Driver","Rip and Tear"],"picked":"Cold Snap+1","floor":45},{"not_picked":["Genetic Algorithm","Gash+1","Barrage+1"],"picked":"Sweeping Beam+1","floor":46},{"not_picked":["FTL","Tempest+1","Compile Driver","Turbo+1"],"picked":"SKIP","floor":46},{"not_picked":["Buffer+1","Compile Driver","Beam Cell+1"],"picked":"Rip and Tear+1","floor":48},{"not_picked":["Melter","Gash+1","Compile Driver+1"],"picked":"Coolheaded+1","floor":48}],"player_experience":559089,"potions_floor_usage":[7,7,7,13,16,21,22,24,30,33,33,42,50,50,50,50],"damage_taken":[{"damage":0,"enemies":"Jaw Worm","floor":1,"turns":4},{"damage":0,"enemies":"Small Slimes","floor":2,"turns":2},{"damage":0,"enemies":"Cultist","floor":4,"turns":2},{"damage":10,"enemies":"Gremlin Nob","floor":7,"turns":3},{"damage":17,"enemies":"3 Sentries","floor":10,"turns":7},{"damage":13,"enemies":"2 Fungi Beasts","floor":11,"turns":3},{"damage":20,"enemies":"Lagavulin","floor":13,"turns":5},{"damage":0,"enemies":"Blue Slaver","floor":14,"turns":3},{"damage":0,"enemies":"Slime Boss","floor":16,"turns":5},{"damage":1,"enemies":"Shell Parasite","floor":18,"turns":5},{"damage":0,"enemies":"2 Thieves","floor":21,"turns":5},{"damage":5,"enemies":"Cultist and Chosen","floor":22,"turns":4},{"damage":14,"enemies":"Gremlin Leader","floor":24,"turns":8},{"damage":2,"enemies":"Snake Plant","floor":25,"turns":4},{"damage":5,"enemies":"Sentry and Sphere","floor":27,"turns":6},{"damage":5,"enemies":"Cultist and Chosen","floor":29,"turns":4},{"damage":26,"enemies":"Slavers","floor":30,"turns":6},{"damage":2,"enemies":"Centurion and Healer","floor":31,"turns":4},{"damage":42,"enemies":"Automaton","floor":33,"turns":9},{"damage":19,"enemies":"3 Darklings","floor":35,"turns":6},{"damage":0,"enemies":"Orb Walker","floor":36,"turns":4},{"damage":49,"enemies":"3 Darklings","floor":38,"turns":4},{"damage":26,"enemies":"Nemesis","floor":40,"turns":5},{"damage":15,"enemies":"4 Shapes","floor":41,"turns":5},{"damage":32,"enemies":"2 Orb Walkers","floor":42,"turns":4},{"damage":51,"enemies":"Nemesis","floor":45,"turns":7},{"damage":10,"enemies":"Sphere and 2 Shapes","floor":46,"turns":2},{"damage":0,"enemies":"Maw","floor":48,"turns":6},{"damage":30,"enemies":"Time Eater","floor":50,"turns":8}],"relics_obtained":[{"floor":7,"key":"Prayer Wheel"},{"floor":9,"key":"Frozen Egg 2"},{"floor":10,"key":"Vajra"},{"floor":13,"key":"Bronze Scales"},{"floor":24,"key":"Bird Faced Urn"},{"floor":26,"key":"Potion Belt"},{"floor":30,"key":"Regal Pillow"},{"floor":40,"key":"The Courier"},{"floor":40,"key":"Toolbox"},{"floor":42,"key":"Question Card"},{"floor":42,"key":"Matryoshka"},{"floor":43,"key":"Gremlin Horn"},{"floor":43,"key":"Whetstone"},{"floor":45,"key":"Peace Pipe"},{"floor":45,"key":"Old Coin"}],"event_choices":[{"event_name":"Living Wall","player_choice":"Grow","floor":3,"damage_taken":0},{"event_name":"Big Fish","player_choice":"Banana","floor":8,"damage_taken":0},{"event_name":"Shining Light","player_choice":"Entered Light","floor":12,"damage_taken":0},{"event_name":"Transmorgrifier","player_choice":"Transform","floor":19,"damage_taken":0},{"event_name":"Forgotten Altar","player_choice":"Shed Blood","floor":28,"damage_taken":0},{"event_name":"Winding Halls","player_choice":"Writhe","floor":39,"damage_taken":0}],"boss_relics":[{"not_picked":["Runic Dome","Sozu"],"picked":"Nuclear Battery"},{"not_picked":["Tiny House","Philosopher\u0027s Stone"],"picked":"Black Star"}],"items_purged_floors":[],"potions_floor_spawned":[1,2,10,14,16,18,22,25,27,30,41,45,46,48],"seed_played":"2556673560644261949","ascension_level":1,"potions_obtained":[{"floor":1,"key":"PowerPotion"},{"floor":2,"key":"AttackPotion"},{"floor":10,"key":"SteroidPotion"},{"floor":14,"key":"PowerPotion"},{"floor":16,"key":"FocusPotion"},{"floor":18,"key":"Swift Potion"},{"floor":22,"key":"Weak Potion"},{"floor":25,"key":"Energy Potion"},{"floor":27,"key":"SkillPotion"},{"floor":30,"key":"PowerPotion"},{"floor":41,"key":"EssenceOfSteel"},{"floor":45,"key":"Poison Potion"},{"floor":46,"key":"SkillPotion"},{"floor":48,"key":"Ancient Potion"}],"is_trial":false}