{"gold_per_floor":[112,125,143,154,164,164,199,219,219,253,178,178,178,193,193,264,264,274,287,302,315,338,338,357,357,384,41,41,59,59,59,59,59],"floor_reached":33,"playtime":1762,"items_purged":[],"score":518,"play_id":"47196376-0733-4079-bd37-04a8ccf12fa5","local_time":"20190208232101","is_ascension_mode":true,"campfire_choices":[{"data":"Noxious Fumes","floor":6.0,"key":"SMITH"},{"data":"Doppelganger","floor":13.0,"key":"SMITH"},{"data":"Neutralize","floor":15.0,"key":"SMITH"},{"floor":23,"key":"REST"},{"floor":25,"key":"REST"},{"floor":32,"key":"REST"}],"neow_cost":"NONE","seed_source_timestamp":35405235734877,"circlet_count":0,"master_deck":["AscendersBane","Defend_G+1","Defend_G","Defend_G","Defend_G","Defend_G","Strike_G","Strike_G","Strike_G","Strike_G","Survivor+1","Neutralize+1","Backflip","Poisoned Stab","Noxious Fumes+1","Dagger Spray","Poisoned Stab","Doppelganger+1","Backstab","Deflect","Grand Finale","Blade Dance","Night Terror","Catalyst","Escape Plan","Endless Agony","Decay","Writhe"],"special_seed":0,"relics":["Ring of the Snake","War Paint","Vajra","Odd Mushroom","Gremlin Horn","Strawberry","Lizard Tail","Juzu Bracelet","Ice Cream","Molten Egg 2","MutagenicStrength"],"potions_floor_usage":[20],"damage_taken":[{"damage":3.0,"enemies":"Jaw Worm","floor":1.0,"turns":6.0},{"damage":0.0,"enemies":"Small Slimes","floor":2.0,"turns":4.0},{"damage":0.0,"enemies":"2 Louse","floor":3.0,"turns":3.0},{"damage":0.0,"enemies":"Red Slaver","floor":4.0,"turns":5.0},{"damage":8.0,"enemies":"Exordium Thugs","floor":5.0,"turns":7.0},{"damage":19.0,"enemies":"Lagavulin","floor":7.0,"turns":8.0},{"damage":6.0,"enemies":"The Mushroom Lair","floor":8.0,"turns":4.0},{"damage":17.0,"enemies":"3 Sentries","floor":10.0,"turns":7.0},{"damage":0.0,"enemies":"2 Fungi Beasts","floor":14.0,"turns":2.0},{"damage":24.0,"enemies":"The Guardian","floor":16.0,"turns":11.0},{"damage":17.0,"enemies":"2 Thieves","floor":18.0,"turns":5.0},{"damage":2.0,"enemies":"Shell Parasite","floor":19.0,"turns":6.0},{"damage":26,"enemies":"Shelled Parasite and Fungi","floor":20,"turns":7},{"damage":30,"enemies":"Centurion and Healer","floor":21,"turns":7},{"damage":37,"enemies":"Cultist and Chosen","floor":24,"turns":6},{"damage":26,"enemies":"Snake Plant","floor":29,"turns":6},{"damage":42,"enemies":"Collector","floor":33,"turns":5}],"seed_played":"-6557796587136259648","potions_obtained":[{"floor":1.0,"key":"SpeedPotion"},{"floor":4.0,"key":"Strength Potion"},{"floor":5.0,"key":"Regen Potion"},{"floor":8.0,"key":"Weak Potion"},{"floor":14.0,"key":"SpeedPotion"},{"floor":16.0,"key":"SpeedPotion"},{"floor":18.0,"key":"FairyPotion"},{"floor":19.0,"key":"Dexterity Potion"}],"is_trial":false,"path_per_floor":["M","M","M","M","M","R","E","?","T","E","?","?","R","M","R","B",null,"M","M","M","M","T","R","M","R","T","$","?","M","?","?","R","B"],"character_chosen":"THE_SILENT","items_purchased":["Ice Cream"],"campfire_rested":3,"item_purchase_floors":[27],"current_hp_per_floor":[56,56,56,56,48,48,44,38,38,28,28,28,28,28,28,4,56,39,37,11,36,36,57,20,41,41,41,41,15,15,15,36,0],"gold":59,"neow_bonus":"RANDOM_COMMON_RELIC","is_prod":false,"is_daily":false,"chose_seed":false,"campfire_upgraded":3,"win_rate":0,"timestamp":1549686061,"path_taken":["M","M","M","M","M","R","E","?","T","E","?","?","R","M","R","BOSS","M","M","M","M","?","R","M","R","T","?","?","M","?","?","R","BOSS"],"build_version":"2019-01-23","purchased_purges":0,"victory":false,"max_hp_per_floor":[66,66,66,66,66,66,66,66,66,73,73,73,73,73,73,73,73,73,73,73,73,73,73,73,73,73,73,73,73,73,73,73,73],"card_choices":[{"not_picked":["Concentrate","Calculated Gamble"],"picked":"Backflip","floor":1.0},{"not_picked":["Sucker Punch","Reflex"],"picked":"Poisoned Stab","floor":2.0},{"not_picked":["Terror","Setup"],"picked":"Noxious Fumes","floor":3.0},{"not_picked":["Underhanded Strike","Masterful Stab"],"picked":"Dagger Spray","floor":4.0},{"not_picked":["Dagger Throw","Bane","Underhanded Strike"],"picked":"SKIP","floor":5.0},{"not_picked":["Cloak And Dagger","Prepared"],"picked":"Poisoned Stab","floor":7.0},{"not_picked":["Quick Slash","PiercingWail"],"picked":"Doppelganger","floor":8.0},{"not_picked":["Accuracy","Prepared"],"picked":"Backstab","floor":10.0},{"not_picked":["Flying Knee","Riddle With Holes"],"picked":"Blade Dance","floor":14.0},{"not_picked":["Bullet Time","Die Die Die"],"picked":"Night Terror","floor":16.0},{"not_picked":["Endless Agony","Dodge and Roll"],"picked":"Catalyst","floor":18.0},{"not_picked":["Riddle With Holes","Blade Dance"],"picked":"Escape Plan","floor":19.0},{"not_picked":["Dagger Spray","Deadly Poison","Concentrate"],"picked":"SKIP","floor":20},{"not_picked":["Endless Agony","Setup","Accuracy"],"picked":"SKIP","floor":21},{"not_picked":["Setup","Accuracy"],"picked":"Endless Agony","floor":21},{"not_picked":["Outmaneuver","Dodge and Roll","Deflect"],"picked":"SKIP","floor":24},{"not_picked":["All Out Attack","Outmaneuver","Underhanded Strike"],"picked":"SKIP","floor":29}],"player_experience":1184149,"relics_obtained":[{"floor":7.0,"key":"Vajra"},{"floor":8.0,"key":"Odd Mushroom"},{"floor":9.0,"key":"Gremlin Horn"},{"floor":10.0,"key":"Strawberry"},{"floor":22,"key":"Juzu Bracelet"}],"event_choices":[{"damage_healed":0.0,"max_hp_gain":0.0,"max_hp_loss":0.0,"gold_gain":0.0,"event_name":"Mushrooms","player_choice":"Fought Mushrooms","floor":8.0,"gold_loss":0.0,"damage_taken":0.0},{"cards_removed":["Strike_G"],"damage_healed":0.0,"max_hp_gain":0.0,"max_hp_loss":0.0,"gold_gain":0.0,"event_name":"The Cleric","player_choice":"Card Removal","floor":11.0,"gold_loss":75.0,"damage_taken":0.0},{"damage_healed":0.0,"max_hp_gain":0.0,"max_hp_loss":0.0,"gold_gain":0.0,"event_name":"Match and Keep!","player_choice":"2 cards matched","floor":12.0,"gold_loss":0.0,"damage_taken":0.0,"cards_obtained":["Deflect","Grand Finale"]},{"damage_healed":0,"gold_gain":0,"player_choice":"Smashed Altar","damage_taken":0,"max_hp_gain":0,"max_hp_loss":0,"event_name":"Forgotten Altar","floor":28,"gold_loss":0,"cards_obtained":["Decay"]},{"damage_healed":0,"gold_gain":0,"player_choice":"Opened","damage_taken":0,"relics_obtained":["Molten Egg 2"],"max_hp_gain":0,"max_hp_loss":0,"event_name":"The Mausoleum","floor":30,"gold_loss":0,"cards_obtained":["Writhe"]},{"damage_healed":0,"gold_gain":0,"player_choice":"Inject Mutagens","damage_taken":0,"relics_obtained":["MutagenicStrength"],"max_hp_gain":0,"max_hp_loss":0,"event_name":"Drug Dealer","floor":31,"gold_loss":0}],"is_beta":false,"boss_relics":[{"not_picked":["White Beast Statue","Runic Dome"],"picked":"Lizard Tail"}],"items_purged_floors":[],"is_endless":false,"potions_floor_spawned":[1,4,5,8,14,16,18,19],"killed_by":"Collector","ascension_level":20}