{"gold_per_floor":[364,382,457,305,325,356,356,382,382,395,395],"floor_reached":11,"playtime":349,"items_purged":[],"score":99,"play_id":"e9447953-4cc4-47cf-b889-90e572a3bc66","local_time":"20180804130650","is_ascension_mode":true,"campfire_choices":[],"neow_cost":"TEN_PERCENT_HP_LOSS","seed_source_timestamp":1626990465916381,"circlet_count":0,"master_deck":["Strike_R","Strike_R","Strike_R","Strike_R","Strike_R","Defend_R","Defend_R","Defend_R","Defend_R","Bash","Pommel Strike","Shrug It Off","Sever Soul","Flex","Whirlwind+1","Warcry","Headbutt"],"relics":["Burning Blood","Tiny Chest","Unceasing Top","Odd Mushroom","Nunchaku"],"potions_floor_usage":[6],"damage_taken":[{"damage":9,"enemies":"Jaw Worm","floor":1,"turns":4},{"damage":6,"enemies":"Cultist","floor":2,"turns":3},{"damage":6,"enemies":"2 Louse","floor":5,"turns":2},{"damage":39,"enemies":"3 Sentries","floor":6,"turns":10},{"damage":15,"floor":8,"turns":3},{"damage":1,"enemies":"2 Fungi Beasts","floor":10,"turns":2},{"damage":25,"enemies":"Lagavulin","floor":11,"turns":4}],"seed_played":"1474799454130134958","potions_obtained":[{"floor":2,"key":"EssenceOfSteel"}],"is_trial":false,"path_per_floor":["M","M","?","$","M","E","?","?","T","M"],"character_chosen":"IRONCLAD","items_purchased":["Tiny Chest","Sever Soul"],"campfire_rested":0,"item_purchase_floors":[4,4],"current_hp_per_floor":[69,69,62,62,62,29,29,20,20,25,0],"gold":395,"neow_bonus":"TWO_FIFTY_GOLD","is_prod":false,"is_daily":false,"chose_seed":false,"campfire_upgraded":0,"win_rate":0,"timestamp":1533380810,"path_taken":["M","M","?","$","M","E","?","?","T","?","E"],"build_version":"2018-08-02","purchased_purges":0,"victory":false,"max_hp_per_floor":[72,72,72,72,72,72,72,72,72,72,72],"card_choices":[{"not_picked":["Armaments","Clash"],"picked":"Pommel Strike","floor":1},{"not_picked":["Clothesline","Body Slam"],"picked":"Shrug It Off","floor":2},{"not_picked":["Burning Pact","True Grit"],"picked":"Flex","floor":5},{"not_picked":["Headbutt","Pommel Strike"],"picked":"Whirlwind","floor":6},{"not_picked":["Body Slam","Anger"],"picked":"Warcry","floor":8},{"not_picked":["Dual Wield","Warcry"],"picked":"Headbutt","floor":10}],"player_experience":862580,"relics_obtained":[{"floor":6,"key":"Unceasing Top"},{"floor":8,"key":"Odd Mushroom"},{"floor":9,"key":"Nunchaku"}],"event_choices":[{"event_name":"FaceTrader","player_choice":"Touch","floor":3,"damage_taken":0},{"event_name":"Living Wall","player_choice":"Grow","floor":7,"damage_taken":0},{"event_name":"Mushrooms","player_choice":"Fought Mushrooms","floor":8,"damage_taken":0}],"is_beta":false,"boss_relics":[],"items_purged_floors":[],"is_endless":false,"potions_floor_spawned":[2],"killed_by":"Lagavulin","ascension_level":7}