{"path_per_floor":["M","M","M","?","M","E","R","$","T","R","M","M","$","M","R","B",null,"M","?","$","M","?","R","M","M","T","T","$","M"],"character_chosen":"IRONCLAD","items_purchased":["Warcry","Impervious","Regal Pillow","Bag of Preparation","Strength Potion"],"gold_per_floor":[119,138,149,119,134,189,189,162,162,162,181,201,47,61,61,162,162,174,174,19,38,38,38,56,68,138,215,9,27,27],"floor_reached":30,"campfire_rested":3,"playtime":991,"item_purchase_floors":[8,13,20,28,28],"current_hp_per_floor":[44,44,47,47,45,38,62,62,62,62,59,60,60,45,69,50,73,67,35,35,13,13,52,45,44,44,44,44,28,0],"items_purged":["Strike_R"],"gold":27,"score":293,"play_id":"2ad32477-4972-4b45-988f-1e209744fc5c","local_time":"20180525104833","is_prod":false,"is_daily":false,"chose_seed":false,"is_ascension_mode":true,"campfire_upgraded":1,"win_rate":0,"timestamp":1527238113,"campfire_choices":[{"floor":7,"key":"REST"},{"data":"Rampage","floor":10,"key":"SMITH"},{"floor":15,"key":"REST"},{"floor":23,"key":"REST"}],"path_taken":["M","M","M","?","M","E","R","?","T","R","M","M","$","M","R","BOSS","M","?","?","M","?","R","M","M","T","?","?","M","M"],"build_version":"2018-05-24","seed_source_timestamp":87942977044453,"purchased_purges":1,"victory":false,"master_deck":["Strike_R","Strike_R","Strike_R","Defend_R","Defend_R","Defend_R","Bash","Thunderclap","Berserk","Iron Wave","Rampage+1","Spot Weakness","Shrug It Off","Headbutt","Warcry","Inflame","Impervious","Iron Wave","Immolate","Flame Barrier","Finesse","Bandage Up","Trip","Pommel Strike+1","Burning Pact","Inflame"],"max_hp_per_floor":[80,80,80,80,80,80,80,80,80,80,80,80,80,80,80,80,80,80,80,80,80,80,80,80,80,80,80,80,80,80],"relics":["Burning Blood","Tiny Chest","Dream Catcher","Runic Dome","Regal Pillow","Paper Frog","Matryoshka","Bag of Preparation"],"card_choices":[{"not_picked":["Anger","Heavy Blade"],"picked":"Iron Wave","floor":1},{"not_picked":["Clash","Sword Boomerang"],"picked":"Rampage","floor":2},{"not_picked":["Perfected Strike","Second Wind"],"picked":"Spot Weakness","floor":3},{"not_picked":["Flex","Inflame"],"picked":"Shrug It Off","floor":5},{"not_picked":["Infernal Blade","Corruption"],"picked":"Headbutt","floor":6},{"not_picked":["Twin Strike","Heavy Blade","Infernal Blade"],"picked":"SKIP","floor":11},{"not_picked":["Flex","Body Slam"],"picked":"Inflame","floor":12},{"not_picked":["Flex","Anger"],"picked":"Iron Wave","floor":14},{"not_picked":["Dark Embrace","Reaper"],"picked":"Immolate","floor":16},{"not_picked":["Twin Strike+1","Headbutt+1"],"picked":"Flame Barrier","floor":18},{"not_picked":["Feel No Pain","Thunderclap","Pummel"],"picked":"SKIP","floor":21},{"not_picked":["Rampage","Berserk"],"picked":"Pommel Strike+1","floor":24},{"not_picked":["Thunderclap+1","Anger"],"picked":"Burning Pact","floor":25},{"not_picked":["Anger+1","Clothesline"],"picked":"Inflame","floor":29}],"player_experience":512536,"potions_floor_usage":[6,6,16,16,25],"damage_taken":[{"damage":2,"enemies":"2 Louse","floor":1,"turns":2},{"damage":6,"enemies":"Cultist","floor":2,"turns":4},{"damage":3,"enemies":"Small Slimes","floor":3,"turns":3},{"damage":8,"enemies":"Exordium Thugs","floor":5,"turns":4},{"damage":27,"enemies":"Gremlin Nob","floor":6,"turns":5},{"damage":9,"enemies":"Red Slaver","floor":11,"turns":5},{"damage":5,"enemies":"Gremlin Gang","floor":12,"turns":5},{"damage":21,"enemies":"Exordium Thugs","floor":14,"turns":5},{"damage":25,"enemies":"The Guardian","floor":16,"turns":9},{"damage":12,"enemies":"Shell Parasite","floor":18,"turns":5},{"damage":32,"enemies":"Chosen","floor":21,"turns":6},{"damage":17,"enemies":"Snake Plant","floor":24,"turns":4},{"damage":20,"enemies":"Centurion and Healer","floor":25,"turns":4},{"damage":26,"enemies":"Slaver and Parasite","floor":29,"turns":5},{"damage":35,"enemies":"Snake Plant","floor":30,"turns":4}],"relics_obtained":[{"floor":6,"key":"Tiny Chest"},{"floor":9,"key":"Dream Catcher"},{"floor":26,"key":"Paper Frog"},{"floor":27,"key":"Matryoshka"}],"event_choices":[{"event_name":"The Woman in Blue","player_choice":"Bought 2 Potions","floor":4,"damage_taken":0},{"event_name":"Knowing Skull","player_choice":"CARD CARD CARD ","floor":19,"damage_taken":0},{"event_name":"Beggar","player_choice":"Ignored","floor":22,"damage_taken":0}],"boss_relics":[{"not_picked":["Snecko Eye","Pandora\u0027s Box"],"picked":"Runic Dome"}],"items_purged_floors":[13],"potions_floor_spawned":[2,6,14,16,25,29],"seed_played":"-7102394451765485398","killed_by":"Snake Plant","ascension_level":5,"potions_obtained":[{"floor":2,"key":"Regen Potion"},{"floor":4,"key":"LiquidBronze"},{"floor":4,"key":"Strength Potion"},{"floor":6,"key":"PowerPotion"},{"floor":14,"key":"Fire Potion"},{"floor":16,"key":"Regen Potion"},{"floor":25,"key":"LiquidBronze"}],"is_trial":false}