{"gold_per_floor":[109,122,197,211,211,239,89,104,104,104],"floor_reached":10,"playtime":359,"items_purged":[],"score":99,"play_id":"3c6ef554-010c-475a-98e4-d4229c011c78","local_time":"20180831194136","is_ascension_mode":true,"campfire_choices":[],"neow_cost":"NONE","seed_source_timestamp":871020393827395,"circlet_count":0,"master_deck":["Defend_G","Defend_G","Defend_G","Defend_G","Defend_G","Strike_G","Strike_G","Strike_G","Strike_G","Strike_G","Survivor","Neutralize","Choke","Flying Knee","Footwork","Predator","Leg Sweep","Flying Knee"],"relics":["HoveringKite","Letter Opener","Vajra","Smiling Mask"],"potions_floor_usage":[],"damage_taken":[{"damage":8,"enemies":"Jaw Worm","floor":1,"turns":9},{"damage":0,"enemies":"2 Louse","floor":2,"turns":3},{"damage":0,"enemies":"Small Slimes","floor":4,"turns":3},{"damage":23,"enemies":"Lagavulin","floor":6,"turns":8},{"damage":0,"enemies":"Exordium Wildlife","floor":8,"turns":4},{"damage":21,"enemies":"Exordium Thugs","floor":10,"turns":5}],"seed_played":"-6281750788653408358","potions_obtained":[{"floor":1,"key":"Ancient Potion"},{"floor":6,"key":"Strength Potion"}],"is_trial":false,"path_per_floor":["M","M","?","M","?","E","$","M","T"],"character_chosen":"THE_SILENT","items_purchased":["Predator","Leg Sweep"],"campfire_rested":0,"item_purchase_floors":[7,7],"current_hp_per_floor":[55,55,44,44,44,21,21,21,21,0],"gold":104,"neow_bonus":"BOSS_RELIC","is_prod":false,"is_daily":false,"chose_seed":false,"campfire_upgraded":0,"win_rate":0,"timestamp":1535737296,"path_taken":["M","M","?","M","?","E","?","M","T","?"],"build_version":"2018-08-30","purchased_purges":0,"victory":false,"max_hp_per_floor":[70,70,70,70,70,70,70,70,70,70],"card_choices":[{"not_picked":["Concentrate","Sucker Punch"],"picked":"Choke","floor":1},{"not_picked":["Cloak And Dagger","Dodge and Roll"],"picked":"Flying Knee","floor":2},{"not_picked":["Predator","Deflect"],"picked":"Footwork","floor":4},{"not_picked":["Heel Hook","Masterful Stab","Calculated Gamble"],"picked":"SKIP","floor":6},{"not_picked":["Concentrate","Reflex"],"picked":"Flying Knee","floor":8}],"player_experience":946002,"relics_obtained":[{"floor":6,"key":"Vajra"},{"floor":9,"key":"Smiling Mask"}],"event_choices":[{"event_name":"World of Goop","player_choice":"Gather Gold","floor":3,"damage_taken":0},{"event_name":"WeMeetAgain","player_choice":"Potion","floor":5,"damage_taken":0}],"is_beta":false,"boss_relics":[],"items_purged_floors":[],"is_endless":false,"potions_floor_spawned":[1,6],"killed_by":"Exordium Thugs","ascension_level":9}