{"gold_per_floor":[112,128,145,105,105,105,139,10,10,44,62,62,79,99,99,176,176,189,208,54,66,79,79,99,111,137,137,155,155,155,21,21,98,98,110,110,128,128,88,88,101,127,127,127,139,139],"floor_reached":46,"playtime":2717,"items_purged":[],"score":953,"play_id":"64d396bc-7833-4134-93eb-e34bfa522294","local_time":"20181021220811","is_ascension_mode":true,"campfire_choices":[{"data":"All Out Attack","floor":6,"key":"SMITH"},{"floor":12,"key":"REST"},{"floor":15,"key":"REST"},{"floor":23,"key":"REST"},{"floor":27,"key":"REST"},{"floor":30,"key":"REST"},{"floor":32,"key":"REST"},{"floor":40,"key":"REST"},{"floor":44,"key":"REST"}],"neow_cost":"NONE","seed_source_timestamp":360460284597899,"circlet_count":0,"master_deck":["Defend_G","Defend_G","Defend_G","Defend_G","Defend_G","Strike_G","Strike_G","Strike_G","Strike_G","Strike_G","Survivor","Neutralize+1","AscendersBane","All Out Attack+1","Deadly Poison","Dagger Spray","Heel Hook","Infinite Blades","Backstab","Caltrops","Heel Hook","Well Laid Plans","Quick Slash","Noxious Fumes","Malaise","PiercingWail","Heel Hook","After Image","Caltrops","Malaise","Crippling Poison","Deadly Poison+1","Infinite Blades","Corpse Explosion","Backflip","Crippling Poison+1","Blur","Leg Sweep","A Thousand Cuts","Parasite"],"relics":["Ring of the Snake","Kunai","Dodecahedron","Happy Flower","Fusion Hammer","Centennial Puzzle","Cursed Key","Molten Egg 2","Mummified Hand"],"potions_floor_usage":[7,10,10,14,18,21,25,42],"damage_taken":[{"damage":3,"enemies":"2 Louse","floor":1,"turns":3},{"damage":10,"enemies":"Small Slimes","floor":2,"turns":4},{"damage":4,"enemies":"Jaw Worm","floor":3,"turns":5},{"damage":1,"enemies":"Looter","floor":4,"turns":4},{"damage":42,"enemies":"Gremlin Nob","floor":7,"turns":5},{"damage":15,"enemies":"Lagavulin","floor":10,"turns":5},{"damage":0,"enemies":"2 Fungi Beasts","floor":11,"turns":1},{"damage":7,"enemies":"Large Slime","floor":13,"turns":5},{"damage":0,"enemies":"3 Louse","floor":14,"turns":3},{"damage":15,"enemies":"Slime Boss","floor":16,"turns":10},{"damage":9,"enemies":"Chosen","floor":18,"turns":5},{"damage":7,"enemies":"Spheric Guardian","floor":19,"turns":5},{"damage":0,"enemies":"3 Cultists","floor":21,"turns":5},{"damage":33,"enemies":"Snecko","floor":22,"turns":9},{"damage":8,"enemies":"Snake Plant","floor":24,"turns":6},{"damage":20,"enemies":"Shelled Parasite and Fungi","floor":25,"turns":6},{"damage":4,"enemies":"Centurion and Healer","floor":28,"turns":7},{"damage":47,"enemies":"Champ","floor":33,"turns":17},{"damage":7,"enemies":"Orb Walker","floor":35,"turns":5},{"damage":2,"enemies":"3 Shapes","floor":37,"turns":5},{"damage":3,"enemies":"3 Darklings","floor":41,"turns":6},{"damage":42,"enemies":"Reptomancer","floor":42,"turns":8},{"damage":29,"enemies":"Writhing Mass","floor":45,"turns":8},{"damage":15,"enemies":"Transient","floor":46,"turns":2}],"seed_played":"4516000818068559930","potions_obtained":[{"floor":1,"key":"EssenceOfSteel"},{"floor":2,"key":"Ancient Potion"},{"floor":7,"key":"FearPotion"},{"floor":10,"key":"Weak Potion"},{"floor":11,"key":"EssenceOfSteel"},{"floor":14,"key":"Fruit Juice"},{"floor":18,"key":"LiquidBronze"},{"floor":19,"key":"FearPotion"},{"floor":24,"key":"Weak Potion"},{"floor":41,"key":"SteroidPotion"}],"is_trial":false,"path_per_floor":["M","M","M","M","?","R","E","$","T","E","M","R","M","M","R","B",null,"M","M","$","M","M","R","M","M","T","R","M","?","R","$","R","B",null,"M","?","M","?","$","R","M","E","T","R","M"],"character_chosen":"THE_SILENT","items_purchased":["Backstab","Caltrops","After Image","Infinite Blades","Poison Potion","Blur"],"campfire_rested":8,"item_purchase_floors":[8,8,20,31,31,39],"current_hp_per_floor":[56,46,42,41,63,63,21,21,21,6,6,25,18,23,44,29,61,52,45,45,45,12,33,25,5,5,26,22,22,43,43,64,17,58,51,51,49,49,49,67,64,22,22,42,13,0],"gold":139,"neow_bonus":"UPGRADE_CARD","is_prod":false,"is_daily":false,"chose_seed":false,"campfire_upgraded":1,"win_rate":0,"timestamp":1540174091,"path_taken":["M","M","M","M","?","R","E","$","T","E","M","R","M","M","R","BOSS","M","M","$","M","M","R","M","M","T","R","M","?","R","$","R","BOSS","M","?","?","?","?","R","M","E","T","R","M","M"],"build_version":"2018-10-18","purchased_purges":0,"victory":false,"max_hp_per_floor":[66,66,66,66,66,66,66,66,66,66,66,66,66,71,71,71,71,71,71,71,71,71,71,71,71,71,71,71,71,71,71,71,71,71,71,67,67,67,67,67,67,67,67,67,67,67],"card_choices":[{"not_picked":["Accuracy","Deflect"],"picked":"All Out Attack","floor":1},{"not_picked":["Concentrate","Riddle With Holes"],"picked":"Deadly Poison","floor":2},{"not_picked":["Deadly Poison","Outmaneuver"],"picked":"Dagger Spray","floor":3},{"not_picked":["Outmaneuver","Distraction"],"picked":"Heel Hook","floor":4},{"not_picked":["Poisoned Stab","Bouncing Flask"],"picked":"Infinite Blades","floor":7},{"not_picked":["Flying Knee","Poisoned Stab"],"picked":"Heel Hook","floor":10},{"not_picked":["Dodge and Roll","Bane"],"picked":"Well Laid Plans","floor":11},{"not_picked":["Outmaneuver","Flechettes"],"picked":"Quick Slash","floor":13},{"not_picked":["Bane","Acrobatics"],"picked":"Noxious Fumes","floor":14},{"not_picked":["Venomology","Night Terror"],"picked":"Malaise","floor":16},{"not_picked":["Setup","Outmaneuver"],"picked":"PiercingWail","floor":18},{"not_picked":["Quick Slash","Outmaneuver"],"picked":"Heel Hook","floor":19},{"not_picked":["Dagger Spray","Underhanded Strike+1"],"picked":"Caltrops","floor":21},{"not_picked":["Dagger Throw","Escape Plan"],"picked":"Malaise","floor":22},{"not_picked":["Tactician+1","Dagger Throw"],"picked":"Crippling Poison","floor":24},{"not_picked":["Acrobatics","Dagger Throw"],"picked":"Deadly Poison+1","floor":25},{"not_picked":["Dagger Spray","Outmaneuver","Dagger Throw"],"picked":"SKIP","floor":28},{"not_picked":["Wraith Form v2","Burst"],"picked":"Corpse Explosion","floor":33},{"not_picked":["Flying Knee","Skewer"],"picked":"Backflip","floor":35},{"not_picked":["Poisoned Stab","PiercingWail"],"picked":"Crippling Poison+1","floor":37},{"not_picked":["Underhanded Strike","Deadly Poison+1"],"picked":"Leg Sweep","floor":41},{"not_picked":["Backflip","Eviscerate+1"],"picked":"A Thousand Cuts","floor":42},{"not_picked":["Deadly Poison","Poisoned Stab+1","Prepared"],"picked":"SKIP","floor":45}],"player_experience":1063539,"relics_obtained":[{"floor":7,"key":"Kunai"},{"floor":9,"key":"Dodecahedron"},{"floor":10,"key":"Happy Flower"},{"floor":26,"key":"Centennial Puzzle"},{"floor":42,"key":"Molten Egg 2"},{"floor":43,"key":"Mummified Hand"}],"event_choices":[{"damage_healed":22,"gold_gain":0,"player_choice":"Banana","damage_taken":0,"max_hp_gain":0,"max_hp_loss":0,"event_name":"Big Fish","floor":5,"gold_loss":0},{"damage_healed":0,"gold_gain":0,"player_choice":"Ignored","damage_taken":0,"max_hp_gain":0,"max_hp_loss":0,"event_name":"Cursed Tome","floor":29,"gold_loss":0},{"damage_healed":0,"gold_gain":0,"player_choice":"Max HP","damage_taken":0,"max_hp_gain":0,"max_hp_loss":4,"event_name":"Winding Halls","floor":36,"gold_loss":0},{"damage_healed":0,"gold_gain":0,"player_choice":"Ignored","damage_taken":0,"max_hp_gain":0,"max_hp_loss":0,"event_name":"Tomb of Lord Red Mask","floor":38,"gold_loss":0}],"is_beta":false,"boss_relics":[{"not_picked":["Astrolabe","White Beast Statue"],"picked":"Fusion Hammer"},{"not_picked":["Orrery","HoveringKite"],"picked":"Cursed Key"}],"items_purged_floors":[],"is_endless":false,"potions_floor_spawned":[1,2,7,10,11,14,18,19,24,37,41],"killed_by":"Transient","ascension_level":20}