{"path_per_floor":["M","?","M","?","M","E","R","E","T","R","$","M","R","E","R","B",null,"M","?","M","?","$","E","M","R","T","E","?","R","M","M","R","B",null,"M","?","M","M","?","R"],"character_chosen":"DEFECT","items_purchased":["Apotheosis","Conserve Battery","Stack","Secret Technique"],"gold_per_floor":[115,215,233,191,208,242,242,271,271,271,69,80,80,109,109,209,209,224,224,242,242,6,41,54,54,78,111,210,210,220,239,239,344,344,361,361,373,393,393,393,393],"floor_reached":41,"campfire_rested":4,"playtime":18028,"item_purchase_floors":[11,11,22,22],"current_hp_per_floor":[71,71,70,70,68,68,68,56,56,56,56,56,56,56,56,47,75,64,64,52,52,52,48,48,70,70,38,38,60,38,34,56,15,75,75,66,63,16,16,38,6],"items_purged":[],"gold":393,"score":624,"play_id":"4b6739fc-a2ba-4b6b-9b81-8a2563630bb8","local_time":"20180618193018","is_prod":false,"is_daily":false,"chose_seed":false,"is_ascension_mode":true,"campfire_upgraded":4,"win_rate":0,"timestamp":1529343018,"campfire_choices":[{"data":"Streamline","floor":7,"key":"SMITH"},{"data":"Defragment","floor":10,"key":"SMITH"},{"data":"Apotheosis","floor":13,"key":"SMITH"},{"data":"Chaos","floor":15,"key":"SMITH"},{"floor":25,"key":"REST"},{"floor":29,"key":"REST"},{"floor":32,"key":"REST"},{"floor":40,"key":"REST"}],"path_taken":["M","?","M","?","?","E","R","E","T","R","?","M","R","E","R","BOSS","M","?","?","?","?","E","?","R","T","E","?","R","M","M","R","BOSS","M","?","M","M","?","R","E"],"build_version":"2018-06-14v2","seed_source_timestamp":420614924815889,"purchased_purges":0,"victory":false,"master_deck":["Strike_B","Strike_B+1","Strike_B+1","Defend_B+1","Defend_B","Defend_B","Zap+1","Dualcast","BootSequence","Go for the Eyes","Streamline+1","Defragment+1","Rebound","Reboot","Apotheosis+1","Conserve Battery","Chaos+1","Redo","Fission","Compile Driver+1","Leap+1","Stack","Secret Technique","Fusion+1","Defragment+1","Cold Snap+1","Doom and Gloom","Ball Lightning+1","Seek","Capacitor","Madness","Madness","Darkness+1","Tempest","Streamline"],"max_hp_per_floor":[75,75,75,75,75,75,75,75,75,75,75,75,75,75,75,75,75,75,75,75,75,75,75,75,75,75,75,75,75,75,75,75,75,75,75,75,75,75,75,75,75],"relics":["Cracked Core","Centennial Puzzle","War Paint","Letter Opener","Whetstone","Sozu","Question Card","Boot","Du-Vu Doll","Inserter"],"card_choices":[{"not_picked":["Force Field","Steam Power"],"picked":"BootSequence","floor":0},{"not_picked":["Barrage","Compile Driver"],"picked":"Go for the Eyes","floor":1},{"not_picked":["Fusion","Recycle"],"picked":"Streamline","floor":3},{"not_picked":["Redo","Rebound"],"picked":"Defragment","floor":5},{"not_picked":["Static Discharge","Echo Form"],"picked":"Rebound","floor":6},{"not_picked":["Amplify","BootSequence"],"picked":"Reboot","floor":8},{"not_picked":["Cold Snap","Undo"],"picked":"Chaos","floor":12},{"not_picked":["Self Repair","Gash"],"picked":"Redo","floor":14},{"not_picked":["Seek","Amplify"],"picked":"Fission","floor":16},{"not_picked":["Go for the Eyes","Blizzard"],"picked":"Compile Driver+1","floor":18},{"not_picked":["White Noise","Streamline+1"],"picked":"Leap+1","floor":20},{"not_picked":["Rebound","Loop"],"picked":"Fusion+1","floor":23},{"not_picked":["Sweeping Beam","Buffer","Compile Driver"],"picked":"Defragment+1","floor":24},{"not_picked":["Capacitor","Redo","Skim"],"picked":"Cold Snap+1","floor":27},{"not_picked":["Redo","Streamline+1","Turbo"],"picked":"Doom and Gloom","floor":30},{"not_picked":["Lockon","Darkness","Compile Driver"],"picked":"Ball Lightning+1","floor":31},{"not_picked":["Creative AI","Amplify","Biased Cognition"],"picked":"Seek","floor":33},{"not_picked":["Coolheaded","Rebound","Redo"],"picked":"Capacitor","floor":35},{"not_picked":["Streamline+1","Beam Cell+1","Steam Power"],"picked":"Darkness+1","floor":37},{"not_picked":["Lockon+1","Leap","Loop"],"picked":"Tempest","floor":38}],"player_experience":716170,"potions_floor_usage":[6,14,14],"damage_taken":[{"damage":4,"enemies":"Small Slimes","floor":1,"turns":3},{"damage":1,"enemies":"Cultist","floor":3,"turns":3},{"damage":2,"enemies":"Jaw Worm","floor":5,"turns":2},{"damage":0,"enemies":"Lagavulin","floor":6,"turns":7},{"damage":12,"enemies":"3 Sentries","floor":8,"turns":7},{"damage":0,"enemies":"Large Slime","floor":12,"turns":4},{"damage":0,"enemies":"Lagavulin","floor":14,"turns":4},{"damage":9,"enemies":"The Guardian","floor":16,"turns":7},{"damage":11,"enemies":"Shell Parasite","floor":18,"turns":6},{"damage":12,"enemies":"2 Thieves","floor":20,"turns":2},{"damage":4,"enemies":"Book of Stabbing","floor":23,"turns":5},{"damage":0,"enemies":"Cultist and Chosen","floor":24,"turns":5},{"damage":32,"enemies":"Gremlin Leader","floor":27,"turns":9},{"damage":22,"enemies":"Sentry and Sphere","floor":30,"turns":5},{"damage":4,"enemies":"Centurion and Healer","floor":31,"turns":5},{"damage":41,"enemies":"Collector","floor":33,"turns":8},{"damage":0,"enemies":"Orb Walker","floor":35,"turns":4},{"damage":3,"enemies":"3 Shapes","floor":37,"turns":5},{"damage":47,"enemies":"Maw","floor":38,"turns":7},{"damage":32,"enemies":"Giant Head","floor":41,"turns":7}],"relics_obtained":[{"floor":6,"key":"Centennial Puzzle"},{"floor":8,"key":"War Paint"},{"floor":9,"key":"Letter Opener"},{"floor":14,"key":"Whetstone"},{"floor":23,"key":"Question Card"},{"floor":26,"key":"Boot"},{"floor":27,"key":"Du-Vu Doll"}],"event_choices":[{"event_name":"Golden Shrine","player_choice":"Pray","floor":2,"damage_taken":0},{"event_name":"World of Goop","player_choice":"Left","floor":4,"damage_taken":0},{"event_name":"Purifier","player_choice":"One Purge","floor":19,"damage_taken":0},{"event_name":"Ghosts","player_choice":"Ignored","floor":21,"damage_taken":0},{"event_name":"Nest","player_choice":"Stole From Cult","floor":28,"damage_taken":0},{"event_name":"Winding Halls","player_choice":"Embrace Madness","floor":36,"damage_taken":0},{"event_name":"Transmorgrifier","player_choice":"Transform","floor":39,"damage_taken":0}],"boss_relics":[{"not_picked":["White Beast Statue","Philosopher\u0027s Stone"],"picked":"Sozu"},{"not_picked":["Runic Pyramid","Busted Crown"],"picked":"Inserter"}],"items_purged_floors":[],"is_endless":false,"potions_floor_spawned":[3,8,12,18,23,27,30,35],"seed_played":"-5366938479107721556","killed_by":"Giant Head","ascension_level":4,"potions_obtained":[{"floor":3,"key":"SpeedPotion"},{"floor":8,"key":"SpeedPotion"},{"floor":12,"key":"SkillPotion"}],"is_trial":false}