{"gold_per_floor":[117,117,117,134,134,166,66,66,66,81,81,115,115],"floor_reached":13,"playtime":342,"items_purged":["Regret"],"score":186,"play_id":"a1dce42f-3c45-41c3-975a-dac2ed57a6d0","local_time":"20190125213340","is_ascension_mode":true,"campfire_choices":[{"data":"Wraith Form v2","floor":8,"key":"SMITH"},{"data":"Night Terror","floor":11,"key":"SMITH"}],"neow_cost":"NONE","seed_source_timestamp":21360126691462,"circlet_count":0,"master_deck":["AscendersBane","Defend_G","Defend_G","Defend_G","Defend_G+1","Defend_G","Strike_G","Strike_G","Strike_G","Strike_G+1","Strike_G","Survivor","Neutralize","Cloak And Dagger","Deep Breath","Reflex","Night Terror+1","Cloak And Dagger","Wraith Form v2+1","Backflip","Leg Sweep","Dodge and Roll"],"relics":["Ring of the Snake","NeowsBlessing","Pen Nib","Question Card","Vajra","Incense Burner"],"potions_floor_usage":[12],"damage_taken":[{"damage":0,"enemies":"2 Louse","floor":1,"turns":1},{"damage":0,"enemies":"Small Slimes","floor":4,"turns":1},{"damage":0,"enemies":"Gremlin Nob","floor":6,"turns":1},{"damage":1,"enemies":"Cultist","floor":10,"turns":6},{"damage":4,"enemies":"Lagavulin","floor":12,"turns":10},{"damage":1,"enemies":"Large Slime","floor":13,"turns":3}],"seed_played":"5042496356192336992","potions_obtained":[{"floor":10,"key":"EssenceOfSteel"}],"is_trial":false,"path_per_floor":["M","?","?","M","?","E","$","R","T","M","R","E","M"],"character_chosen":"THE_SILENT","items_purchased":["Backflip"],"campfire_rested":0,"item_purchase_floors":[7],"current_hp_per_floor":[63,49,49,49,49,49,49,49,49,48,48,44,43],"gold":115,"neow_bonus":"THREE_ENEMY_KILL","is_prod":false,"is_daily":false,"chose_seed":false,"campfire_upgraded":2,"win_rate":0,"timestamp":1548448420,"path_taken":["M","?","?","?","?","E","?","R","T","M","R","E","M"],"build_version":"2019-01-23","purchased_purges":1,"victory":false,"max_hp_per_floor":[70,70,70,70,70,70,70,70,70,70,70,70,70],"card_choices":[{"not_picked":["Bane","Deadly Poison"],"picked":"Cloak And Dagger","floor":1},{"not_picked":["Acrobatics","Slice"],"picked":"Cloak And Dagger","floor":4},{"not_picked":["Blade Dance","Poisoned Stab"],"picked":"Wraith Form v2","floor":6},{"not_picked":["Prepared","All Out Attack","Blade Dance"],"picked":"Leg Sweep","floor":10},{"not_picked":["Tactician","Deadly Poison","Cloak And Dagger"],"picked":"Dodge and Roll","floor":12}],"player_experience":2043399,"relics_obtained":[{"floor":6,"key":"Question Card"},{"floor":9,"key":"Vajra"},{"floor":12,"key":"Incense Burner"}],"event_choices":[{"damage_healed":0,"gold_gain":0,"player_choice":"Entered Light","damage_taken":14,"max_hp_gain":0,"max_hp_loss":0,"event_name":"Shining Light","floor":2,"gold_loss":0,"cards_upgraded":["Defend_G","Strike_G"]},{"damage_healed":0,"gold_gain":0,"player_choice":"3 cards matched","damage_taken":0,"max_hp_gain":0,"max_hp_loss":0,"event_name":"Match and Keep!","floor":3,"gold_loss":0,"cards_obtained":["Deep Breath","Reflex","Night Terror"]},{"damage_healed":0,"gold_gain":0,"player_choice":"Box","damage_taken":0,"relics_obtained":["Pen Nib"],"max_hp_gain":0,"max_hp_loss":0,"event_name":"Big Fish","floor":5,"gold_loss":0,"cards_obtained":["Regret"]}],"is_beta":false,"boss_relics":[],"items_purged_floors":[7],"is_endless":false,"potions_floor_spawned":[10],"killed_by":"Large Slime","ascension_level":12}