{"gold_per_floor":[112,112,124,61,136,164,179,179,255,281,308,322,339,349,349,349],"floor_reached":16,"playtime":2110,"items_purged":["Regret"],"score":209,"play_id":"ae486020-a42e-46bd-bb3a-dc1acfa256c9","local_time":"20181217182838","is_ascension_mode":true,"campfire_choices":[{"data":"Deadly Poison","floor":8,"key":"SMITH"},{"floor":15,"key":"REST"}],"neow_cost":"NONE","seed_source_timestamp":312219185177268,"circlet_count":0,"master_deck":["AscendersBane","Defend_G","Defend_G","Defend_G","Defend_G","Defend_G","Strike_G","Strike_G","Strike_G","Strike_G","Strike_G","Survivor","Neutralize","Poisoned Stab","Deadly Poison+1","Flechettes","Escape Plan","Prepared","Outmaneuver","Flying Knee"],"relics":["Ring of the Snake","NeowsBlessing","MawBank","Omamori","Blood Vial","Mercury Hourglass","Oddly Smooth Stone","The Courier"],"potions_floor_usage":[11,16,16],"damage_taken":[{"damage":0,"enemies":"Small Slimes","floor":1,"turns":1},{"damage":0,"enemies":"Gremlin Nob","floor":6,"turns":1},{"damage":0,"enemies":"Jaw Worm","floor":7,"turns":1},{"damage":17,"enemies":"Lagavulin","floor":11,"turns":5},{"damage":0,"enemies":"2 Louse","floor":12,"turns":2},{"damage":12,"enemies":"Large Slime","floor":13,"turns":5},{"damage":4,"enemies":"Looter","floor":14,"turns":3},{"damage":22,"enemies":"Slime Boss","floor":16,"turns":5}],"seed_played":"445683888718032078","potions_obtained":[{"floor":1,"key":"SkillPotion"},{"floor":12,"key":"SneckoOil"},{"floor":13,"key":"Weak Potion"}],"is_trial":false,"path_per_floor":["M","?","?","$","?","E","M","R","T","T","E","M","M","M","R","B"],"character_chosen":"THE_SILENT","items_purchased":[],"campfire_rested":1,"item_purchase_floors":[],"current_hp_per_floor":[63,56,56,56,45,45,47,47,47,47,32,34,24,22,43,23],"gold":349,"neow_bonus":"THREE_ENEMY_KILL","is_prod":false,"is_daily":false,"chose_seed":false,"campfire_upgraded":1,"win_rate":0,"timestamp":1545067718,"path_taken":["M","?","?","$","?","E","M","R","T","?","E","M","M","M","R","BOSS"],"build_version":"2018-12-13","purchased_purges":1,"victory":false,"max_hp_per_floor":[70,70,70,70,70,70,70,70,70,70,70,70,70,70,70,70],"card_choices":[{"not_picked":["Finisher","Cloak And Dagger"],"picked":"Poisoned Stab","floor":1},{"not_picked":["Dash","Bouncing Flask"],"picked":"Deadly Poison","floor":6},{"not_picked":["Sucker Punch","Prepared"],"picked":"Flechettes","floor":7},{"not_picked":["Acrobatics","Predator"],"picked":"Escape Plan","floor":11},{"not_picked":["Infinite Blades","Concentrate"],"picked":"Prepared","floor":12},{"not_picked":["Underhanded Strike","Concentrate"],"picked":"Outmaneuver","floor":13},{"not_picked":["Deflect","All Out Attack"],"picked":"Flying Knee","floor":14}],"player_experience":1893274,"relics_obtained":[{"floor":6,"key":"Blood Vial"},{"floor":9,"key":"Mercury Hourglass"},{"floor":10,"key":"Oddly Smooth Stone"},{"floor":11,"key":"The Courier"}],"event_choices":[{"damage_healed":0,"gold_gain":0,"player_choice":"Success","damage_taken":7,"relics_obtained":["MawBank"],"max_hp_gain":0,"max_hp_loss":0,"event_name":"Scrap Ooze","floor":2,"gold_loss":0},{"damage_healed":0,"gold_gain":0,"player_choice":"Box","damage_taken":0,"relics_obtained":["Omamori"],"max_hp_gain":0,"max_hp_loss":0,"event_name":"Big Fish","floor":3,"gold_loss":0,"cards_obtained":["Regret"]},{"damage_healed":0,"gold_gain":75,"player_choice":"Gather Gold","damage_taken":11,"max_hp_gain":0,"max_hp_loss":0,"event_name":"World of Goop","floor":5,"gold_loss":0}],"is_beta":false,"boss_relics":[],"items_purged_floors":[4],"is_endless":false,"potions_floor_spawned":[1,12,13],"killed_by":"Slime Boss","ascension_level":11}