{"gold_per_floor":[110,110,122,122,85,85,121,95,121,121,135,99,99,112,112,231,231,219,144,144,117,136,136],"floor_reached":23,"playtime":1157,"items_purged":[],"score":296,"play_id":"09dc9d7b-2327-4a96-b14e-dc66b6a78aea","local_time":"20181002123920","is_ascension_mode":true,"campfire_choices":[{"data":"Zap","floor":6.0,"key":"SMITH"},{"floor":13.0,"key":"REST"},{"floor":15.0,"key":"REST"}],"neow_cost":"NONE","seed_source_timestamp":0,"circlet_count":0,"master_deck":["Strike_B","Strike_B","Strike_B","Strike_B","Defend_B","Defend_B","Defend_B","Defend_B","Zap+1","Dualcast","Skim","Capacitor","Cold Snap","Beam Cell","Undo","Rainbow","Leap+1","Ghostly","Ghostly","Ghostly","Ghostly","Ghostly","Turbo","Loop"],"special_seed":0,"relics":["Runic Pyramid","Symbiotic Virus","Golden Idol","DataDisk","Art of War","Singing Bowl","Sozu"],"potions_floor_usage":[],"damage_taken":[{"damage":12.0,"enemies":"2 Louse","floor":1.0,"turns":3.0},{"damage":1.0,"enemies":"Cultist","floor":3.0,"turns":3.0},{"damage":10.0,"enemies":"Lagavulin","floor":7.0,"turns":7.0},{"damage":8.0,"enemies":"Jaw Worm","floor":11.0,"turns":4.0},{"damage":16.0,"enemies":"Large Slime","floor":14.0,"turns":5.0},{"damage":42.0,"enemies":"The Guardian","floor":16.0,"turns":13.0},{"damage":28.0,"enemies":"2 Thieves","floor":18.0,"turns":4.0},{"damage":0,"enemies":"Spheric Guardian","floor":22,"turns":4},{"damage":31,"enemies":"Gremlin Leader","floor":23,"turns":7}],"seed_played":"-180260305597745973","potions_obtained":[{"floor":3.0,"key":"Weak Potion"},{"floor":14.0,"key":"LiquidBronze"}],"is_trial":false,"path_per_floor":["M","?","M","?","$","R","E","$","T","?","M","?","R","M","R","B",null,"M","?","?","$","M"],"character_chosen":"DEFECT","items_purchased":["Capacitor","Beam Cell","Turbo"],"campfire_rested":2,"item_purchase_floors":[5,8,21],"current_hp_per_floor":[56,56,55,55,55,55,45,45,45,45,39,39,60,44,65,23,59,31,31,31,31,31,0],"gold":136,"neow_bonus":"BOSS_RELIC","is_prod":false,"is_daily":false,"chose_seed":false,"campfire_upgraded":1,"win_rate":0,"timestamp":1538476760,"path_taken":["M","?","M","?","$","R","E","?","T","?","?","?","R","?","R","BOSS","M","?","?","?","M","E"],"build_version":"2018-09-27","purchased_purges":0,"victory":false,"max_hp_per_floor":[75,75,75,69,69,69,69,69,69,69,71,71,71,71,71,71,71,71,71,35,35,35,35],"card_choices":[{"not_picked":["Hologram","Skim"],"picked":"Streamline","floor":1.0},{"not_picked":["Streamline","Blizzard"],"picked":"Skim","floor":3.0},{"not_picked":["Turbo","Machine Learning"],"picked":"Cold Snap","floor":7.0},{"not_picked":["Steam","Streamline","Go for the Eyes"],"picked":"Singing Bowl","floor":11.0},{"not_picked":["Hello World","Hologram"],"picked":"Undo","floor":14.0},{"not_picked":["Machine Learning","Buffer"],"picked":"Rainbow","floor":16.0},{"not_picked":["Hologram","Cold Snap"],"picked":"Leap+1","floor":18.0},{"not_picked":["Rebound","Scrape"],"picked":"Loop","floor":22}],"player_experience":1021290,"relics_obtained":[{"floor":7.0,"key":"DataDisk"},{"floor":9.0,"key":"Art of War"}],"event_choices":[{"event_name":"WeMeetAgain","player_choice":"Card","floor":2.0,"damage_taken":0.0},{"event_name":"Golden Idol","player_choice":"Lose Max HP","floor":4.0,"damage_taken":0.0},{"event_name":"Big Fish","player_choice":"Box","floor":10.0,"damage_taken":0.0},{"event_name":"World of Goop","player_choice":"Left","floor":12.0,"damage_taken":0.0},{"event_name":"Beggar","player_choice":"Gave Gold","floor":19.0,"damage_taken":0.0},{"event_name":"Ghosts","player_choice":"Became a Ghost","floor":20.0,"damage_taken":0.0}],"is_beta":false,"boss_relics":[{"not_picked":["Velvet Choker","Runic Dome"],"picked":"Sozu"}],"items_purged_floors":[],"is_endless":false,"potions_floor_spawned":[3,14,22],"killed_by":"Gremlin Leader","ascension_level":9}