{"gold_per_floor":[15,26,45,45,111,111,72,37,37,37,68,81,112,131,131,235,235,253,171,171,183,183],"floor_reached":22,"playtime":6555,"items_purged":[],"score":310,"play_id":"662b3c83-071d-4d03-b87e-3927c4cccf2c","local_time":"20190126204206","is_ascension_mode":true,"campfire_choices":[{"floor":6.0,"key":"DIG"},{"floor":10.0,"key":"DIG"},{"floor":15.0,"key":"DIG"}],"neow_cost":"NO_GOLD","seed_source_timestamp":0,"circlet_count":0,"master_deck":["AscendersBane","Defend_G","Defend_G","Defend_G","Defend_G","Defend_G","Strike_G","Strike_G+1","Strike_G","Strike_G","Strike_G","Survivor","Neutralize","Cloak And Dagger","Backstab","Dagger Throw+1","Caltrops","Crippling Poison","Noxious Fumes","Tools of the Trade","Prepared","Malaise","Terror","Distraction","Dodge and Roll","Cloak And Dagger","Expertise","Finisher","Finesse","Decay","Infinite Blades"],"special_seed":0,"relics":["Ring of the Snake","Shovel","Ornamental Fan","Dodecahedron","Letter Opener","Dead Branch","Pantograph","Pocketwatch","Orrery"],"potions_floor_usage":[18,18],"damage_taken":[{"damage":1.0,"enemies":"2 Louse","floor":1.0,"turns":3.0},{"damage":1.0,"enemies":"Small Slimes","floor":2.0,"turns":4.0},{"damage":0.0,"enemies":"Jaw Worm","floor":3.0,"turns":4.0},{"damage":13.0,"enemies":"Gremlin Nob","floor":11.0,"turns":4.0},{"damage":0.0,"enemies":"3 Louse","floor":12.0,"turns":3.0},{"damage":16.0,"enemies":"3 Sentries","floor":13.0,"turns":6.0},{"damage":12.0,"enemies":"Gremlin Gang","floor":14.0,"turns":5.0},{"damage":26.0,"enemies":"The Guardian","floor":16.0,"turns":12.0},{"damage":11,"enemies":"2 Thieves","floor":18,"turns":5},{"damage":4,"enemies":"Chosen","floor":21,"turns":3},{"damage":18,"enemies":"Sentry and Sphere","floor":22,"turns":3}],"seed_played":"8956152676055403822","potions_obtained":[{"floor":2.0,"key":"GamblersBrew"},{"floor":12.0,"key":"Strength Potion"},{"floor":14.0,"key":"AttackPotion"},{"floor":16.0,"key":"Block Potion"},{"floor":21,"key":"SpeedPotion"}],"is_trial":false,"path_per_floor":["M","M","M","?","?","R","$","?","T","R","E","M","E","M","R","B",null,"M","$","?","M","M"],"character_chosen":"THE_SILENT","items_purchased":["Caltrops","Finesse"],"campfire_rested":0,"item_purchase_floors":[7,19],"current_hp_per_floor":[62,61,61,47,47,47,47,64,64,64,51,51,35,23,23,22,58,47,47,47,43,25],"gold":183,"neow_bonus":"ONE_RARE_RELIC","is_prod":false,"is_daily":false,"chose_seed":false,"campfire_upgraded":0,"win_rate":0,"timestamp":1548531726,"path_taken":["M","M","M","?","?","R","$","?","T","R","E","M","E","M","R","BOSS","M","$","?","M","M"],"build_version":"2019-01-23","purchased_purges":0,"victory":false,"max_hp_per_floor":[70,70,70,70,70,70,70,70,70,70,70,70,70,70,70,70,70,70,70,70,70,70],"card_choices":[{"not_picked":["Acrobatics","Slice"],"picked":"Cloak And Dagger","floor":1.0},{"not_picked":["Bane","Masterful Stab"],"picked":"Backstab","floor":2.0},{"not_picked":["Choke","Blade Dance"],"picked":"Dagger Throw","floor":3.0},{"not_picked":["Deflect","Predator"],"picked":"Crippling Poison","floor":11.0},{"not_picked":["Distraction","Infinite Blades"],"picked":"Noxious Fumes","floor":12.0},{"not_picked":["Caltrops","PiercingWail"],"picked":"Tools of the Trade","floor":13.0},{"not_picked":["Flying Knee","Poisoned Stab"],"picked":"Prepared","floor":14.0},{"not_picked":["Die Die Die","Tools of the Trade"],"picked":"Malaise","floor":16.0},{"not_picked":["Flechettes","Masterful Stab"],"picked":"Terror","floor":17},{"not_picked":["Flying Knee","Prepared"],"picked":"Distraction","floor":17},{"not_picked":["Dagger Throw","Underhanded Strike"],"picked":"Dodge and Roll","floor":17},{"not_picked":["Wraith Form v2","Slice"],"picked":"Cloak And Dagger","floor":17},{"not_picked":["Dagger Spray","All Out Attack"],"picked":"Expertise","floor":17},{"not_picked":["Choke+1","Tactician"],"picked":"Finisher","floor":18},{"not_picked":["Dodge and Roll","Riddle With Holes"],"picked":"Infinite Blades","floor":21}],"player_experience":2051515,"relics_obtained":[{"floor":6.0,"key":"Ornamental Fan"},{"floor":9.0,"key":"Dodecahedron"},{"floor":10.0,"key":"Letter Opener"},{"floor":11.0,"key":"Dead Branch"},{"floor":13.0,"key":"Pantograph"},{"floor":15.0,"key":"Pocketwatch"}],"event_choices":[{"damage_healed":0.0,"max_hp_gain":0.0,"max_hp_loss":0.0,"gold_gain":0.0,"event_name":"Shining Light","player_choice":"Entered Light","floor":4.0,"gold_loss":0.0,"damage_taken":14.0,"cards_upgraded":["Dagger Throw","Strike_G"]},{"damage_healed":0.0,"max_hp_gain":0.0,"max_hp_loss":0.0,"gold_gain":66.0,"event_name":"Golden Wing","player_choice":"Gained Gold","floor":5.0,"gold_loss":0.0,"damage_taken":0.0},{"damage_healed":17.0,"max_hp_gain":0.0,"max_hp_loss":0.0,"gold_gain":0.0,"event_name":"The Cleric","player_choice":"Healed","floor":8.0,"gold_loss":35.0,"damage_taken":0.0},{"damage_healed":0,"gold_gain":0,"player_choice":"Smashed Altar","damage_taken":0,"max_hp_gain":0,"max_hp_loss":0,"event_name":"Forgotten Altar","floor":20,"gold_loss":0,"cards_obtained":["Decay"]}],"is_beta":false,"boss_relics":[{"not_picked":["Astrolabe","Tiny House"],"picked":"Orrery"}],"items_purged_floors":[],"is_endless":false,"potions_floor_spawned":[2,12,14,16,21],"killed_by":"Sentry and Sphere","ascension_level":12}