{"gold_per_floor":[113,113,128,203,353,394,394,433,480,480,496,517,517,540,540,540],"floor_reached":16,"playtime":372,"items_purged":[],"score":257,"play_id":"16bdd3d3-c678-40bf-8209-b9b7af0f2ab8","local_time":"20190217171836","is_ascension_mode":true,"campfire_choices":[{"floor":7,"key":"REST"},{"floor":10,"key":"REST"},{"data":"Cleave","floor":13,"key":"SMITH"},{"data":"Dual Wield","floor":15,"key":"SMITH"}],"neow_cost":"NONE","seed_source_timestamp":15109962961216712,"circlet_count":0,"master_deck":["AscendersBane","Strike_R","Strike_R","Strike_R","Strike_R","Strike_R","Defend_R","Defend_R","Defend_R","Defend_R","Bash","Pommel Strike","Thunderclap","Doubt","Shrug It Off","Seeing Red","Cleave+1","Iron Wave","Dual Wield+1"],"relics":["Burning Blood","NeowsBlessing","Golden Idol","Blood Vial","Mercury Hourglass","Boot"],"potions_floor_usage":[8,14],"damage_taken":[{"damage":0,"enemies":"Small Slimes","floor":1,"turns":1},{"damage":0,"enemies":"Jaw Worm","floor":3,"turns":1},{"damage":0,"enemies":"Lagavulin","floor":6,"turns":1},{"damage":50,"enemies":"3 Sentries","floor":8,"turns":10},{"damage":8,"enemies":"2 Louse","floor":11,"turns":2},{"damage":0,"enemies":"2 Fungi Beasts","floor":12,"turns":2},{"damage":10,"enemies":"Red Slaver","floor":14,"turns":3},{"damage":66,"enemies":"Slime Boss","floor":16,"turns":7}],"seed_played":"-1430010069122108394","potions_obtained":[{"floor":3,"key":"AttackPotion"},{"floor":11,"key":"Swift Potion"},{"floor":12,"key":"Fruit Juice"}],"is_trial":false,"path_per_floor":["M","?","M","?","?","E","R","E","T","R","M","M","R","M","R","B"],"character_chosen":"IRONCLAD","items_purchased":[],"campfire_rested":2,"item_purchase_floors":[],"current_hp_per_floor":[74,48,54,43,43,49,71,29,29,51,51,59,59,62,62,0],"gold":540,"neow_bonus":"THREE_ENEMY_KILL","is_prod":false,"is_daily":false,"chose_seed":false,"campfire_upgraded":2,"win_rate":0,"timestamp":1550420316,"path_taken":["M","?","M","?","?","E","R","E","T","R","?","M","R","M","R","BOSS"],"build_version":"2019-01-23","purchased_purges":0,"victory":false,"max_hp_per_floor":[75,75,75,75,75,75,75,75,75,75,75,75,75,80,80,80],"card_choices":[{"not_picked":["Wild Strike","Entrench"],"picked":"Pommel Strike","floor":1},{"not_picked":["Pommel Strike","Ghostly Armor"],"picked":"Thunderclap","floor":3},{"not_picked":["Sword Boomerang","Thunderclap"],"picked":"Shrug It Off","floor":6},{"not_picked":["Clash","Fire Breathing"],"picked":"Seeing Red","floor":8},{"not_picked":["Combust","Thunderclap"],"picked":"Cleave","floor":11},{"not_picked":["Body Slam","Reckless Charge"],"picked":"Iron Wave","floor":12},{"not_picked":["Clothesline","Sword Boomerang"],"picked":"Dual Wield","floor":14}],"player_experience":406949,"relics_obtained":[{"floor":6,"key":"Blood Vial"},{"floor":8,"key":"Mercury Hourglass"},{"floor":9,"key":"Boot"}],"event_choices":[{"damage_healed":0,"gold_gain":0,"player_choice":"Take Damage","damage_taken":26,"relics_obtained":["Golden Idol"],"max_hp_gain":0,"max_hp_loss":0,"event_name":"Golden Idol","floor":2,"gold_loss":0},{"damage_healed":0,"gold_gain":75,"player_choice":"Gather Gold","damage_taken":11,"max_hp_gain":0,"max_hp_loss":0,"event_name":"World of Goop","floor":4,"gold_loss":0},{"damage_healed":0,"gold_gain":150,"player_choice":"AGREE","damage_taken":0,"max_hp_gain":0,"max_hp_loss":0,"event_name":"Liars Game","floor":5,"gold_loss":0,"cards_obtained":["Doubt"]}],"is_beta":false,"boss_relics":[],"items_purged_floors":[],"is_endless":false,"potions_floor_spawned":[3,11,12],"killed_by":"Slime Boss","ascension_level":18}