{"path_per_floor":["M","?","M","?","M","E","R","M","T","E","R","E","?"],"character_chosen":"THE_SILENT","items_purchased":[],"gold_per_floor":[116,116,136,96,106,135,135,147,147,174,174,203,453,453],"floor_reached":14,"campfire_rested":2,"playtime":591,"item_purchase_floors":[],"current_hp_per_floor":[63,56,53,53,49,27,48,35,35,21,42,26,26,0],"items_purged":[],"gold":453,"score":140,"play_id":"3c4a5569-c854-46c2-803f-3fb218580eba","local_time":"20180605135241","is_prod":false,"is_daily":false,"chose_seed":false,"is_ascension_mode":true,"campfire_upgraded":0,"win_rate":0,"timestamp":1528199561,"campfire_choices":[{"floor":7,"key":"REST"},{"floor":11,"key":"REST"}],"path_taken":["M","?","M","?","M","E","R","?","T","E","R","E","?","E"],"build_version":"2018-05-31","seed_source_timestamp":207623725414739,"purchased_purges":0,"victory":false,"master_deck":["Defend_G","Defend_G","Defend_G","Defend_G","Defend_G","Strike_G","Strike_G","Strike_G","Strike_G","Survivor","Neutralize","Poisoned Stab","Deadly Poison","Dodge and Roll","Glass Knife","Bouncing Flask","Heel Hook","Deadly Poison","Regret"],"max_hp_per_floor":[70,70,70,70,70,70,70,70,70,70,70,70,70,70],"relics":["Ring of the Snake","Vajra","Bottled Lightning","Ice Cream","Dodecahedron"],"card_choices":[{"not_picked":["Acrobatics","Slice"],"picked":"Poisoned Stab","floor":1},{"not_picked":["Underhanded Strike","Expertise"],"picked":"Deadly Poison","floor":3},{"not_picked":["Underhanded Strike","Masterful Stab"],"picked":"Dodge and Roll","floor":5},{"not_picked":["Slice","Caltrops"],"picked":"Glass Knife","floor":6},{"not_picked":["Flying Knee","Slice"],"picked":"Bouncing Flask","floor":8},{"not_picked":["Riddle With Holes","Tactician"],"picked":"Heel Hook","floor":10},{"not_picked":["All Out Attack","Riddle With Holes"],"picked":"Deadly Poison","floor":12}],"player_experience":586721,"potions_floor_usage":[6,6,6,14],"damage_taken":[{"damage":0,"enemies":"2 Louse","floor":1,"turns":2},{"damage":3,"enemies":"Jaw Worm","floor":3,"turns":6},{"damage":4,"enemies":"Small Slimes","floor":5,"turns":3},{"damage":22,"enemies":"Gremlin Nob","floor":6,"turns":4},{"damage":13,"enemies":"Exordium Wildlife","floor":8,"turns":3},{"damage":14,"enemies":"Lagavulin","floor":10,"turns":5},{"damage":16,"enemies":"Gremlin Nob","floor":12,"turns":3},{"damage":27,"enemies":"Lagavulin","floor":14,"turns":3}],"relics_obtained":[{"floor":6,"key":"Vajra"},{"floor":9,"key":"Bottled Lightning"},{"floor":10,"key":"Ice Cream"},{"floor":12,"key":"Dodecahedron"}],"event_choices":[{"event_name":"Golden Wing","player_choice":"Card Removal","floor":2,"damage_taken":0},{"event_name":"The Woman in Blue","player_choice":"Bought 3 Potions","floor":4,"damage_taken":0},{"event_name":"Golden Shrine","player_choice":"Desecrate","floor":13,"damage_taken":0}],"boss_relics":[],"items_purged_floors":[],"potions_floor_spawned":[5,10],"seed_played":"-2106212109070787967","killed_by":"Lagavulin","ascension_level":6,"potions_obtained":[{"floor":4,"key":"SkillPotion"},{"floor":4,"key":"Dexterity Potion"},{"floor":4,"key":"Fire Potion"},{"floor":10,"key":"Dexterity Potion"}],"is_trial":false}