{"gold_per_floor":[109,109,109,0,0,32,32,57,82,117,132,132,166,179,179,280,280,290,301,318,418,418,418],"floor_reached":23,"playtime":976,"items_purged":["Regret"],"score":427,"play_id":"8cbfb8e2-0f4d-4a17-b1ee-f76a248755df","local_time":"20190128162544","is_ascension_mode":true,"campfire_choices":[{"data":"Endless Agony","floor":7,"key":"SMITH"},{"data":"Terror","floor":12,"key":"SMITH"},{"data":"Distraction","floor":15,"key":"SMITH"}],"neow_cost":"NONE","seed_source_timestamp":184503132474205,"circlet_count":0,"master_deck":["AscendersBane","Defend_G+1","Defend_G+1","Defend_G+1","Defend_G+1","Defend_G+1","Strike_G+1","Strike_G+1","Strike_G+1","Strike_G+1","Strike_G+1","Survivor","Neutralize","Endless Agony+1","Backflip","Die Die Die","Terror+1","Backflip","Adrenaline","Distraction+1","Venomology","Slice","Leg Sweep","Leg Sweep"],"relics":["Ring of the Snake","NeowsBlessing","Mummified Hand","Dream Catcher","Shuriken","Bag of Preparation","Potion Belt","Darkstone Periapt","White Beast Statue","Ice Cream","Blue Candle"],"potions_floor_usage":[10,13,19,20,21,21,21,21,23,23,23],"damage_taken":[{"damage":0,"enemies":"2 Louse","floor":1,"turns":1},{"damage":0,"enemies":"Lagavulin","floor":6,"turns":1},{"damage":0,"enemies":"3 Sentries","floor":8,"turns":2},{"damage":4,"enemies":"Lagavulin","floor":10,"turns":6},{"damage":0,"enemies":"Small Slimes","floor":11,"turns":2},{"damage":15,"enemies":"3 Sentries","floor":13,"turns":5},{"damage":0,"enemies":"Cultist","floor":14,"turns":2},{"damage":28,"enemies":"The Guardian","floor":16,"turns":15},{"damage":4,"enemies":"Chosen","floor":18,"turns":3},{"damage":14,"enemies":"Shell Parasite","floor":19,"turns":4},{"damage":4,"enemies":"Centurion and Healer","floor":20,"turns":5},{"damage":0,"enemies":"Colosseum Slavers","floor":21,"turns":5},{"damage":31,"enemies":"Colosseum Nobs","floor":21,"turns":4},{"damage":5,"enemies":"Slavers","floor":23,"turns":5}],"seed_played":"7137993332246159700","potions_obtained":[{"floor":8,"key":"PowerPotion"},{"floor":10,"key":"Block Potion"},{"floor":13,"key":"Swift Potion"},{"floor":16,"key":"Ancient Potion"},{"floor":18,"key":"SteroidPotion"},{"floor":19,"key":"SkillPotion"},{"floor":20,"key":"PowerPotion"},{"floor":21,"key":"Dexterity Potion"}],"is_trial":false,"path_per_floor":["M","?","?","$","?","E","R","E","T","E","M","R","E","M","R","B",null,"M","M","M","?","?","E"],"character_chosen":"THE_SILENT","items_purchased":["Setup"],"campfire_rested":0,"item_purchase_floors":[4],"current_hp_per_floor":[63,63,49,49,70,70,70,70,70,66,66,66,51,51,51,23,58,54,40,36,5,5,0],"gold":418,"neow_bonus":"THREE_ENEMY_KILL","is_prod":false,"is_daily":false,"chose_seed":false,"campfire_upgraded":3,"win_rate":0,"timestamp":1548689144,"path_taken":["M","?","?","$","?","E","R","E","T","E","M","R","E","M","R","BOSS","M","?","M","?","?","E"],"build_version":"2019-01-23","purchased_purges":1,"victory":false,"max_hp_per_floor":[70,70,70,70,70,70,70,70,70,70,70,70,70,70,70,70,70,70,70,70,70,70,70],"card_choices":[{"not_picked":["Poisoned Stab","Flying Knee"],"picked":"Endless Agony","floor":1},{"not_picked":["Eviscerate","Choke"],"picked":"Backflip","floor":6},{"not_picked":["Acrobatics","Finisher"],"picked":"Die Die Die","floor":8},{"not_picked":["Quick Slash","Well Laid Plans"],"picked":"Terror","floor":10},{"not_picked":["Blur","Bane"],"picked":"Backflip","floor":11},{"not_picked":["Prepared","Dash"],"picked":"Adrenaline","floor":13},{"not_picked":["Prepared","Deflect"],"picked":"Distraction","floor":14},{"not_picked":["Die Die Die","Bullet Time"],"picked":"Venomology","floor":16},{"not_picked":["Riddle With Holes","Reflex"],"picked":"Slice","floor":18},{"not_picked":["Setup","Catalyst"],"picked":"Leg Sweep","floor":19},{"not_picked":["Bouncing Flask","Caltrops"],"picked":"Leg Sweep","floor":20}],"player_experience":2076749,"relics_obtained":[{"floor":6,"key":"Dream Catcher"},{"floor":8,"key":"Shuriken"},{"floor":9,"key":"Bag of Preparation"},{"floor":10,"key":"Potion Belt"},{"floor":13,"key":"Darkstone Periapt"},{"floor":21,"key":"Ice Cream"},{"floor":21,"key":"Blue Candle"}],"event_choices":[{"damage_healed":0,"gold_gain":0,"player_choice":"Box","damage_taken":0,"relics_obtained":["Mummified Hand"],"max_hp_gain":0,"max_hp_loss":0,"event_name":"Big Fish","floor":2,"gold_loss":0,"cards_obtained":["Regret"]},{"damage_healed":0,"gold_gain":0,"player_choice":"Entered Light","damage_taken":14,"max_hp_gain":0,"max_hp_loss":0,"event_name":"Shining Light","floor":3,"gold_loss":0,"cards_upgraded":["Defend_G","Strike_G"]},{"cards_removed":["Setup"],"damage_healed":21,"gold_gain":0,"player_choice":"Offered Uncommon","damage_taken":0,"max_hp_gain":0,"max_hp_loss":0,"event_name":"Bonfire Elementals","floor":5,"gold_loss":0},{"damage_healed":0,"gold_gain":0,"player_choice":"Fight","damage_taken":0,"max_hp_gain":0,"max_hp_loss":0,"event_name":"Colosseum","floor":21,"gold_loss":0},{"damage_healed":0,"gold_gain":0,"player_choice":"Fought Nobs","damage_taken":0,"max_hp_gain":0,"max_hp_loss":0,"event_name":"Colosseum","floor":21,"gold_loss":0},{"damage_healed":0,"gold_gain":0,"player_choice":"Simplicity","damage_taken":0,"max_hp_gain":0,"max_hp_loss":0,"event_name":"Back to Basics","floor":22,"gold_loss":0,"cards_upgraded":["Defend_G","Defend_G","Defend_G","Defend_G","Strike_G","Strike_G","Strike_G","Strike_G"]}],"is_beta":false,"boss_relics":[{"not_picked":["Ring of the Serpent","Empty Cage"],"picked":"White Beast Statue"}],"items_purged_floors":[4],"is_endless":false,"potions_floor_spawned":[8,10,13,16,18,19,20,21,21],"killed_by":"Slavers","ascension_level":12}