{"path_per_floor":["M","?","M","M","$","E","R","M","T","?","?","R","?","E","R","B",null,"M","M","$","M","M","R","E","R","T","E","M","R","?","?","R","B",null,"M","M","?","$","?","M"],"character_chosen":"IRONCLAD","items_purchased":["Flame Barrier","Battle Trance","Fire Potion","Secret Weapon","Happy Flower","Dexterity Potion"],"gold_per_floor":[211,211,223,237,0,34,34,48,48,48,48,48,73,106,106,205,205,219,229,38,54,74,74,104,104,104,137,148,148,148,71,71,167,167,186,201,201,0,55,72,72],"floor_reached":41,"campfire_rested":2,"playtime":6353,"current_hp_per_floor":[76,76,80,80,80,55,55,59,59,43,43,67,61,63,63,51,80,80,80,80,74,59,67,55,63,63,28,34,68,68,68,78,18,80,72,69,69,69,51,40,0],"items_purged":["Strike_R"],"gold":72,"score":483,"play_id":"65a27f79-19e2-4719-8cbf-35215b920fad","local_time":"20180425191140","is_prod":false,"is_daily":false,"chose_seed":false,"is_ascension_mode":true,"campfire_upgraded":5,"timestamp":1524676300,"path_taken":["M","?","M","M","$","E","R","M","T","?","?","R","?","E","R","BOSS","M","M","$","M","M","R","E","R","T","E","M","R","?","?","R","BOSS","M","M","?","?","?","M","E"],"build_version":"2018-04-19","seed_source_timestamp":259734024579963,"purchased_purges":1,"victory":false,"master_deck":["Strike_R","Defend_R","Defend_R","Defend_R+1","Defend_R","Bash+1","Heavy Blade+1","Bludgeon+1","Infernal Blade","Disarm","Flame Barrier+1","Battle Trance","Pommel Strike+1","Flex+1","Thunderclap","Impervious+1","Flex+1","Rampage","Secret Weapon+1","Shrug It Off+1","Spot Weakness+1","Seeing Red+1","Hemokinesis","Offering+1","J.A.X.+1","Demon Form","Pommel Strike+1","Shockwave+1"],"max_hp_per_floor":[80,80,80,80,80,80,80,80,80,80,80,80,80,80,80,80,80,80,80,80,80,80,80,80,80,80,80,80,80,80,80,80,80,80,80,80,80,80,80,80,80],"relics":["Burning Blood","Bag of Preparation","Orichalcum","Odd Mushroom","Toxic Egg 2","Eternal Feather","Pen Nib","Mercury Hourglass","Ancient Tea Set","White Beast Statue","Happy Flower","Magic Flower"],"card_choices":[{"not_picked":["Havoc","Second Wind"],"picked":"Heavy Blade","floor":1.0},{"not_picked":["Havoc","Pummel"],"picked":"Infernal Blade","floor":3.0},{"not_picked":["Infernal Blade","Power Through"],"picked":"Disarm","floor":4.0},{"not_picked":["Anger","Hemokinesis"],"picked":"Pommel Strike","floor":6.0},{"not_picked":["Feel No Pain","Body Slam"],"picked":"Flex","floor":13.0},{"not_picked":["Rupture","Bloodletting"],"picked":"Thunderclap","floor":14.0},{"not_picked":["Limit Break","Juggernaut"],"picked":"Impervious","floor":16.0},{"not_picked":["Shrug It Off","Carnage"],"picked":"Flex","floor":18.0},{"not_picked":["Headbutt","Anger"],"picked":"Rampage","floor":19.0},{"not_picked":["Perfected Strike","Clothesline"],"picked":"Shrug It Off","floor":21.0},{"not_picked":["Thunderclap","Twin Strike"],"picked":"Spot Weakness","floor":22.0},{"not_picked":["Rampage","Corruption"],"picked":"Seeing Red","floor":24.0},{"not_picked":["Rampage","Havoc"],"picked":"Hemokinesis","floor":27.0},{"not_picked":["Anger","Ghostly Armor"],"picked":"Offering","floor":28.0},{"not_picked":["Exhume","Dark Embrace"],"picked":"Demon Form","floor":33.0},{"not_picked":["Second Wind","Entrench"],"picked":"Pommel Strike","floor":35.0},{"not_picked":["Shrug It Off","Headbutt"],"picked":"Shockwave","floor":36.0}],"player_experience":389733,"potions_floor_usage":[],"damage_taken":[{"damage":10.0,"enemies":"Jaw Worm","floor":1.0,"turns":5.0},{"damage":0.0,"enemies":"2 Louse","floor":3.0,"turns":3.0},{"damage":0.0,"enemies":"Cultist","floor":4.0,"turns":2.0},{"damage":31.0,"enemies":"Lagavulin","floor":6.0,"turns":5.0},{"damage":2.0,"enemies":"2 Fungi Beasts","floor":8.0,"turns":3.0},{"damage":12.0,"enemies":"The Mushroom Lair","floor":13.0,"turns":5.0},{"damage":4.0,"enemies":"3 Sentries","floor":14.0,"turns":5.0},{"damage":18.0,"enemies":"Hexaghost","floor":16.0,"turns":9.0},{"damage":0.0,"enemies":"3 Byrds","floor":18.0,"turns":4.0},{"damage":5.0,"enemies":"Spheric Guardian","floor":19.0,"turns":5.0},{"damage":12.0,"enemies":"Cultist and Chosen","floor":21.0,"turns":8.0},{"damage":21.0,"enemies":"Snecko","floor":22.0,"turns":5.0},{"damage":18.0,"enemies":"Book of Stabbing","floor":24.0,"turns":6.0},{"damage":41.0,"enemies":"Gremlin Leader","floor":27.0,"turns":6.0},{"damage":0.0,"enemies":"Centurion and Healer","floor":28.0,"turns":4.0},{"damage":66.0,"enemies":"Collector","floor":33.0,"turns":10.0},{"damage":14.0,"enemies":"3 Darklings","floor":35.0,"turns":4.0},{"damage":9.0,"enemies":"3 Shapes","floor":36.0,"turns":4.0},{"damage":33.0,"enemies":"Mysterious Sphere","floor":39.0,"turns":4.0},{"damage":20.0,"enemies":"3 Darklings","floor":40.0,"turns":3.0},{"damage":40,"enemies":"2 Orb Walkers","floor":41,"turns":2}],"event_choices":[{"event_name":"Living Wall","player_choice":"Change","floor":2.0,"damage_taken":0.0},{"event_name":"Shining Light","player_choice":"Entered Light","floor":10.0,"damage_taken":0.0},{"event_name":"Purifier","player_choice":"One Purge","floor":11.0,"damage_taken":0.0},{"event_name":"Mushrooms","player_choice":"Fought Mushrooms","floor":13.0,"damage_taken":0.0},{"event_name":"Ghosts","player_choice":"Ignored","floor":30.0,"damage_taken":0.0},{"event_name":"Drug Dealer","player_choice":"Got JAXXED","floor":31.0,"damage_taken":0.0},{"event_name":"Purifier","player_choice":"One Purge","floor":37.0,"damage_taken":0.0},{"event_name":"Mysterious Sphere","player_choice":"Fight","floor":39.0,"damage_taken":0.0}],"boss_relics":[],"potions_floor_spawned":[4,13,14,18,19,21,24,35,36,39,40],"seed_played":"-4155972284193583749","killed_by":"2 Orb Walkers","ascension_level":2,"is_trial":false}