{"gold_per_floor":[117,127,77,90,104,132,149,149],"floor_reached":8,"playtime":389,"items_purged":[],"score":93,"play_id":"1080b38b-7412-425f-beb3-665e282e60ed","local_time":"20181025192745","is_ascension_mode":true,"campfire_choices":[],"neow_cost":"NONE","seed_source_timestamp":0,"circlet_count":0,"master_deck":["Strike_R","Strike_R","Strike_R","Strike_R","Defend_R","Defend_R","Defend_R","Defend_R","Bash+1","AscendersBane","Pommel Strike","Spot Weakness","Dropkick","Pommel Strike","Whirlwind","Warcry"],"special_seed":0,"relics":["Burning Blood","Ancient Tea Set"],"potions_floor_usage":[8,8],"damage_taken":[{"damage":1.0,"enemies":"Cultist","floor":1.0,"turns":3.0},{"damage":0.0,"enemies":"Small Slimes","floor":2.0,"turns":3.0},{"damage":6.0,"enemies":"2 Louse","floor":4.0,"turns":3.0},{"damage":21.0,"enemies":"Red Slaver","floor":5.0,"turns":4.0},{"damage":30,"enemies":"Lagavulin","floor":6,"turns":6},{"damage":22,"enemies":"Exordium Thugs","floor":7,"turns":6},{"damage":25,"enemies":"3 Sentries","floor":8,"turns":4}],"seed_played":"7245009598200021670","potions_obtained":[{"floor":5.0,"key":"LiquidBronze"},{"floor":6,"key":"Poison Potion"}],"is_trial":false,"path_per_floor":["M","M","?","M","M","E","M"],"character_chosen":"IRONCLAD","items_purchased":[],"campfire_rested":0,"item_purchase_floors":[],"current_hp_per_floor":[77,80,80,80,65,41,25,0],"gold":149,"neow_bonus":"UPGRADE_CARD","is_prod":false,"is_daily":false,"chose_seed":false,"campfire_upgraded":0,"win_rate":0,"timestamp":1540488465,"path_taken":["M","M","?","M","M","E","?","E"],"build_version":"2018-10-18","purchased_purges":0,"victory":false,"max_hp_per_floor":[80,80,80,80,80,80,80,80],"card_choices":[{"not_picked":["Body Slam","Clash"],"picked":"Pommel Strike","floor":1.0},{"not_picked":["Wild Strike","Perfected Strike"],"picked":"Spot Weakness","floor":2.0},{"not_picked":["Armaments","Headbutt"],"picked":"Dropkick","floor":4.0},{"not_picked":["Thunderclap","Clash"],"picked":"Pommel Strike","floor":5.0},{"not_picked":["Entrench","Bludgeon"],"picked":"Whirlwind","floor":6},{"not_picked":["Blood for Blood","Thunderclap"],"picked":"Warcry","floor":7}],"player_experience":1106186,"relics_obtained":[{"floor":6,"key":"Ancient Tea Set"}],"event_choices":[{"cards_removed":["Strike_R"],"damage_healed":0.0,"max_hp_gain":0.0,"max_hp_loss":0.0,"gold_gain":0.0,"event_name":"The Cleric","player_choice":"Card Removal","floor":3.0,"gold_loss":50.0,"damage_taken":0.0}],"is_beta":false,"boss_relics":[],"items_purged_floors":[],"is_endless":false,"potions_floor_spawned":[5,6],"killed_by":"3 Sentries","ascension_level":11}