{"gold_per_floor":[114,125,144,69,87,87,38,38,112,131,150,164,190,214,214,310,360,373,473,485,385,419,419,431,431,455,455,475,575,595,595,595,595],"floor_reached":33,"playtime":4608,"items_purged":["Strike_R","Strike_R"],"score":249,"play_id":"20841fe9-4977-4795-9496-968ccbdeff7d","local_time":"20190127202713","is_ascension_mode":false,"campfire_choices":[{"data":"Anger","floor":6,"key":"SMITH"},{"data":"Power Through","floor":8,"key":"SMITH"},{"data":"Brutality","floor":15,"key":"SMITH"},{"floor":23,"key":"REST"},{"floor":25,"key":"REST"},{"floor":27,"key":"REST"},{"floor":32,"key":"REST"}],"neow_cost":"TEN_PERCENT_HP_LOSS","seed_source_timestamp":89788860770900,"circlet_count":0,"master_deck":["Strike_R","Strike_R","Strike_R","Defend_R","Defend_R","Defend_R","Defend_R+1","Bash","Anger+1","Reckless Charge","Power Through+1","Shrug It Off","Brutality+1","Cleave","Fiend Fire","Second Wind"],"relics":["Burning Blood","Unceasing Top","Darkstone Periapt","Centennial Puzzle","Odd Mushroom","Tiny House","Red Mask","Happy Flower","Calipers","Sundial","Red Skull"],"potions_floor_usage":[10,12,13,16,18,18,20,29],"damage_taken":[{"damage":7,"enemies":"Cultist","floor":1,"turns":5},{"damage":0,"enemies":"Small Slimes","floor":2,"turns":3},{"damage":6,"enemies":"Jaw Worm","floor":3,"turns":2},{"damage":6,"enemies":"Large Slime","floor":5,"turns":7},{"damage":5,"enemies":"Exordium Wildlife","floor":10,"turns":7},{"damage":1,"enemies":"3 Louse","floor":11,"turns":4},{"damage":4,"enemies":"Exordium Thugs","floor":12,"turns":5},{"damage":7,"enemies":"Lagavulin","floor":13,"turns":5},{"damage":14,"enemies":"The Mushroom Lair","floor":14,"turns":5},{"damage":50,"enemies":"The Guardian","floor":16,"turns":12},{"damage":11,"enemies":"Chosen","floor":18,"turns":2},{"damage":16,"enemies":"3 Byrds","floor":20,"turns":7},{"damage":59,"enemies":"Masked Bandits","floor":22,"turns":8},{"damage":18,"enemies":"Centurion and Healer","floor":24,"turns":5},{"damage":24,"enemies":"3 Cultists","floor":28,"turns":6},{"damage":3,"enemies":"Colosseum Slavers","floor":29,"turns":4},{"damage":21,"enemies":"Colosseum Nobs","floor":29,"turns":4},{"damage":32,"enemies":"Sentry and Sphere","floor":30,"turns":7},{"damage":53,"enemies":"Collector","floor":33,"turns":5}],"seed_played":"6160293539367936710","potions_obtained":[{"floor":2,"key":"EssenceOfSteel"},{"floor":5,"key":"Swift Potion"},{"floor":11,"key":"SteroidPotion"},{"floor":14,"key":"Poison Potion"},{"floor":16,"key":"Fire Potion"},{"floor":17,"key":"Fire Potion"},{"floor":18,"key":"PowerPotion"},{"floor":28,"key":"Poison Potion"}],"is_trial":false,"path_per_floor":["M","M","M","$","M","R","$","R","T","M","M","M","E","?","R","B",null,"M","?","M","$","?","R","M","R","T","R","M","?","M","T","R","B"],"character_chosen":"IRONCLAD","items_purchased":["Shrug It Off"],"campfire_rested":4,"item_purchase_floors":[7],"current_hp_per_floor":[71,72,72,72,72,72,72,72,72,72,72,72,71,63,63,19,77,72,72,62,62,9,32,20,43,43,66,48,36,10,10,33,0],"gold":595,"neow_bonus":"ONE_RARE_RELIC","is_prod":false,"is_daily":false,"chose_seed":false,"campfire_upgraded":3,"win_rate":0,"timestamp":1548638833,"path_taken":["M","M","M","$","?","R","$","R","T","M","M","M","E","?","R","BOSS","M","?","?","$","?","R","M","R","T","R","M","?","M","?","R","BOSS"],"build_version":"2019-01-23","purchased_purges":2,"victory":false,"max_hp_per_floor":[72,72,72,72,72,72,72,72,72,72,72,72,72,72,72,72,77,77,77,77,77,77,77,77,77,77,77,77,77,77,77,77,77],"card_choices":[{"not_picked":["Twin Strike","Havoc"],"picked":"Anger","floor":1},{"not_picked":["Havoc","Thunderclap"],"picked":"Reckless Charge","floor":2},{"not_picked":["Clothesline","Warcry"],"picked":"Power Through","floor":3},{"not_picked":["Havoc","Corruption","Warcry"],"picked":"SKIP","floor":5},{"not_picked":["Flex","Cleave"],"picked":"Brutality","floor":10},{"not_picked":["Fire Breathing","Iron Wave"],"picked":"Cleave","floor":11},{"not_picked":["Pummel","Havoc","Iron Wave"],"picked":"SKIP","floor":12},{"not_picked":["Immolate","Carnage","Berserk"],"picked":"SKIP","floor":13},{"not_picked":["Double Tap","Juggernaut"],"picked":"Fiend Fire","floor":16},{"not_picked":["Sword Boomerang","Heavy Blade","Pummel"],"picked":"SKIP","floor":18},{"not_picked":["Reckless Charge","Battle Trance+1"],"picked":"Second Wind","floor":20},{"not_picked":["Limit Break","Perfected Strike","Iron Wave"],"picked":"SKIP","floor":24},{"not_picked":["True Grit","Wild Strike","Cleave"],"picked":"SKIP","floor":28},{"not_picked":["Armaments","Reckless Charge","Spot Weakness+1"],"picked":"SKIP","floor":30}],"player_experience":112627,"relics_obtained":[{"floor":9,"key":"Darkstone Periapt"},{"floor":13,"key":"Centennial Puzzle"},{"floor":14,"key":"Odd Mushroom"},{"floor":22,"key":"Red Mask"},{"floor":26,"key":"Happy Flower"},{"floor":29,"key":"Calipers"},{"floor":29,"key":"Sundial"},{"floor":31,"key":"Red Skull"}],"event_choices":[{"damage_healed":0,"gold_gain":0,"player_choice":"Fought Mushrooms","damage_taken":0,"max_hp_gain":0,"max_hp_loss":0,"event_name":"Mushrooms","floor":14,"gold_loss":0},{"damage_healed":0,"gold_gain":100,"player_choice":"Pray","damage_taken":0,"max_hp_gain":0,"max_hp_loss":0,"event_name":"Golden Shrine","floor":19,"gold_loss":0},{"damage_healed":0,"gold_gain":0,"player_choice":"Fought Bandits","damage_taken":0,"max_hp_gain":0,"max_hp_loss":0,"event_name":"Masked Bandits","floor":22,"gold_loss":0},{"damage_healed":0,"gold_gain":0,"player_choice":"Fight","damage_taken":0,"max_hp_gain":0,"max_hp_loss":0,"event_name":"Colosseum","floor":29,"gold_loss":0},{"damage_healed":0,"gold_gain":0,"player_choice":"Fought Nobs","damage_taken":0,"max_hp_gain":0,"max_hp_loss":0,"event_name":"Colosseum","floor":29,"gold_loss":0}],"is_beta":false,"boss_relics":[{"not_picked":["Philosopher\u0027s Stone","Black Star"],"picked":"Tiny House"}],"items_purged_floors":[4,21],"is_endless":false,"potions_floor_spawned":[2,5,11,14,16,18,28],"killed_by":"Collector","ascension_level":0}