{"gold_per_floor":[367,367,35,35,35,68,68,96,120,120,133,153,163,175,175,175],"floor_reached":16,"playtime":455,"items_purged":["Regret"],"score":220,"play_id":"f2031e20-00ec-4d56-a580-07dc92bc28ba","local_time":"20190205001515","is_ascension_mode":true,"campfire_choices":[{"floor":7.0,"key":"REST"},{"floor":10.0,"key":"REST"},{"data":"Flame Barrier","floor":15.0,"key":"SMITH"}],"neow_cost":"CURSE","seed_source_timestamp":154387864335100,"circlet_count":0,"master_deck":["AscendersBane","Strike_R","Strike_R","Strike_R+1","Strike_R","Strike_R","Defend_R","Defend_R","Defend_R","Bash+1","Thunderclap","Rampage","Combust","Havoc","Feed","Flame Barrier+1","Pommel Strike","Juggernaut"],"special_seed":0,"relics":["Burning Blood","Dream Catcher","Medical Kit","Boot","Bag of Preparation","Lantern"],"potions_floor_usage":[16,16],"damage_taken":[{"damage":12.0,"enemies":"2 Louse","floor":1.0,"turns":3.0},{"damage":8.0,"enemies":"Gremlin Nob","floor":6.0,"turns":3.0},{"damage":30.0,"enemies":"Lagavulin","floor":8.0,"turns":7.0},{"damage":3.0,"enemies":"Small Slimes","floor":11.0,"turns":3.0},{"damage":7.0,"enemies":"Jaw Worm","floor":12.0,"turns":2.0},{"damage":8.0,"enemies":"Blue Slaver","floor":13.0,"turns":3.0},{"damage":4.0,"enemies":"2 Fungi Beasts","floor":14.0,"turns":2.0},{"damage":60,"enemies":"Hexaghost","floor":16,"turns":9}],"seed_played":"3123243071400495676","potions_obtained":[{"floor":1.0,"key":"Explosive Potion"},{"floor":8.0,"key":"FearPotion"}],"is_trial":false,"path_per_floor":["M","?","$","?","?","E","R","E","T","R","M","M","M","M","R","B"],"character_chosen":"IRONCLAD","items_purchased":["Medical Kit","Rampage"],"campfire_rested":2,"item_purchase_floors":[3,3],"current_hp_per_floor":[62,57,57,50,27,25,47,23,23,45,51,50,51,56,56,0],"gold":175,"neow_bonus":"TWO_FIFTY_GOLD","is_prod":false,"is_daily":false,"chose_seed":false,"campfire_upgraded":1,"win_rate":0,"timestamp":1549343715,"path_taken":["M","?","$","?","?","E","R","E","T","R","M","M","M","M","R","BOSS"],"build_version":"2019-01-23","purchased_purges":1,"victory":false,"max_hp_per_floor":[75,75,75,75,75,75,75,75,75,75,78,78,81,84,84,84],"card_choices":[{"not_picked":["Warcry","Burning Pact"],"picked":"Thunderclap","floor":1.0},{"not_picked":["Sever Soul","Clothesline"],"picked":"Combust","floor":6.0},{"not_picked":["Twin Strike","Sword Boomerang"],"picked":"Havoc","floor":7.0},{"not_picked":["Sword Boomerang","Intimidate"],"picked":"Feed","floor":8.0},{"not_picked":["Body Slam","Wild Strike","Pummel"],"picked":"SKIP","floor":11.0},{"not_picked":["Metallicize","Warcry"],"picked":"Flame Barrier","floor":12.0},{"not_picked":["Anger","Seeing Red"],"picked":"Pommel Strike","floor":13.0},{"not_picked":["Armaments","Headbutt"],"picked":"Juggernaut","floor":14.0}],"player_experience":1129195,"relics_obtained":[{"floor":6.0,"key":"Boot"},{"floor":8.0,"key":"Bag of Preparation"},{"floor":9.0,"key":"Lantern"}],"event_choices":[{"damage_healed":0.0,"max_hp_gain":0.0,"max_hp_loss":0.0,"gold_gain":0.0,"event_name":"Scrap Ooze","player_choice":"Success","floor":2.0,"gold_loss":0.0,"damage_taken":5.0,"relics_obtained":["Dream Catcher"]},{"cards_removed":["Defend_R"],"damage_healed":0.0,"max_hp_gain":0.0,"max_hp_loss":0.0,"gold_gain":0.0,"event_name":"Golden Wing","player_choice":"Card Removal","floor":4.0,"gold_loss":0.0,"damage_taken":7.0},{"damage_healed":0.0,"max_hp_gain":0.0,"max_hp_loss":0.0,"gold_gain":0.0,"event_name":"Shining Light","player_choice":"Entered Light","floor":5.0,"gold_loss":0.0,"damage_taken":23.0,"cards_upgraded":["Strike_R","Bash"]}],"is_beta":false,"boss_relics":[],"items_purged_floors":[3],"is_endless":false,"potions_floor_spawned":[1,8,13,14],"killed_by":"Hexaghost","ascension_level":20}