{"gold_per_floor":[119,119,135,235,235,279,279,304,304,43,56,91,104,119,119,119],"floor_reached":16,"playtime":580,"items_purged":[],"score":171,"play_id":"84010d3a-dc6e-4204-8038-70e17b38aabe","local_time":"20180625160421","is_ascension_mode":true,"campfire_choices":[{"floor":7,"key":"DIG"},{"floor":15,"key":"DIG"}],"neow_cost":"NONE","seed_source_timestamp":1030648723930263,"circlet_count":0,"master_deck":["Strike_B","Strike_B","Strike_B","Strike_B","Defend_B","Defend_B","Defend_B","Defend_B","Zap","Dualcast","Tempest+1","White Noise","Injury","Beam Cell","FTL","Steam","Defragment","Leap","Double Energy"],"relics":["Cracked Core","NeowsBlessing","Golden Idol","Shovel","Regal Pillow","Sundial","Shuriken","Centennial Puzzle","Frozen Egg 2"],"potions_floor_usage":[12,12],"damage_taken":[{"damage":0,"enemies":"2 Louse","floor":1,"turns":1},{"damage":0,"enemies":"Jaw Worm","floor":3,"turns":1},{"damage":0,"enemies":"Lagavulin","floor":6,"turns":2},{"damage":0,"enemies":"Cultist","floor":8,"turns":2},{"damage":0,"enemies":"2 Fungi Beasts","floor":11,"turns":2},{"damage":16,"enemies":"Gremlin Nob","floor":12,"turns":3},{"damage":14,"enemies":"Red Slaver","floor":13,"turns":2},{"damage":5,"enemies":"Gremlin Gang","floor":14,"turns":3},{"damage":42,"enemies":"Hexaghost","floor":16,"turns":9}],"seed_played":"4731151859459643499","potions_obtained":[{"floor":3,"key":"Strength Potion"},{"floor":8,"key":"Regen Potion"},{"floor":11,"key":"Poison Potion"}],"is_trial":false,"path_per_floor":["M","?","M","?","?","E","R","M","T","$","M","E","M","M","R"],"character_chosen":"DEFECT","items_purchased":["Shuriken"],"campfire_rested":0,"item_purchase_floors":[10],"current_hp_per_floor":[75,75,75,75,75,75,75,75,75,75,75,59,45,40,40,0],"gold":119,"neow_bonus":"THREE_ENEMY_KILL","is_prod":false,"is_daily":false,"chose_seed":false,"campfire_upgraded":0,"win_rate":0,"timestamp":1529935461,"path_taken":["M","?","?","?","?","E","R","M","T","?","M","E","?","?","R","BOSS"],"build_version":"2018-06-21v2","purchased_purges":0,"victory":false,"max_hp_per_floor":[75,75,75,75,75,75,75,75,75,75,75,75,75,75,75,75],"card_choices":[{"not_picked":["Gash","Leap"],"picked":"Tempest","floor":1},{"not_picked":["Beam Cell","Machine Learning"],"picked":"White Noise","floor":3},{"not_picked":["Lockon","Compile Driver"],"picked":"Beam Cell","floor":6},{"not_picked":["Sweeping Beam","Darkness"],"picked":"FTL","floor":8},{"not_picked":["Lockon","Beam Cell"],"picked":"Steam","floor":11},{"not_picked":["Aggregate","Darkness"],"picked":"Defragment","floor":12},{"not_picked":["Redo","Barrage"],"picked":"Leap","floor":13},{"not_picked":["Beam Cell","Lockon"],"picked":"Double Energy","floor":14}],"player_experience":787642,"relics_obtained":[{"floor":6,"key":"Shovel"},{"floor":7,"key":"Regal Pillow"},{"floor":9,"key":"Sundial"},{"floor":12,"key":"Centennial Puzzle"},{"floor":15,"key":"Frozen Egg 2"}],"event_choices":[{"event_name":"Living Wall","player_choice":"Grow","floor":2,"damage_taken":0},{"event_name":"Wheel of Change","player_choice":"Gold","floor":4,"damage_taken":0},{"event_name":"Golden Idol","player_choice":"Take Wound","floor":5,"damage_taken":0}],"boss_relics":[],"items_purged_floors":[],"is_endless":false,"potions_floor_spawned":[3,8,11],"killed_by":"Hexaghost","ascension_level":5}