{"gold_per_floor":[119,194,194,1,16,41,51,64,88,120,120,120,146,146],"floor_reached":14,"playtime":359,"items_purged":[],"score":226,"play_id":"401bcd5f-1d76-4ea7-afe1-bdcc81dc2608","local_time":"20190216194519","is_ascension_mode":true,"campfire_choices":[{"data":"Shockwave","floor":11.0,"key":"SMITH"}],"neow_cost":"NONE","seed_source_timestamp":0,"circlet_count":0,"master_deck":["AscendersBane","Strike_R","Strike_R+1","Strike_R","Strike_R","Strike_R+1","Defend_R","Defend_R","Defend_R","Defend_R","Bash","Sword Boomerang","Impatience","Shockwave+1","Iron Wave","Ghostly Armor","Iron Wave","Warcry","Carnage","Impervious","Shrug It Off"],"special_seed":0,"relics":["Burning Blood","NeowsBlessing","Dream Catcher","Strawberry","Happy Flower","Ornamental Fan","Letter Opener"],"potions_floor_usage":[],"damage_taken":[{"damage":0.0,"enemies":"2 Louse","floor":1.0,"turns":2.0},{"damage":0.0,"enemies":"Small Slimes","floor":5.0,"turns":1.0},{"damage":0.0,"enemies":"Gremlin Nob","floor":6.0,"turns":1.0},{"damage":9.0,"enemies":"Jaw Worm","floor":7.0,"turns":4.0},{"damage":4.0,"enemies":"3 Louse","floor":8.0,"turns":5.0},{"damage":37.0,"enemies":"Lagavulin","floor":10.0,"turns":9.0},{"damage":12.0,"enemies":"Gremlin Nob","floor":13.0,"turns":4.0},{"damage":0,"enemies":"Lagavulin Event","floor":14,"turns":1}],"seed_played":"4395097304130701448","potions_obtained":[{"floor":6.0,"key":"SkillPotion"},{"floor":8.0,"key":"Explosive Potion"},{"floor":13.0,"key":"Regen Potion"}],"is_trial":false,"path_per_floor":["M","?","?","$","M","E","M","M","T","E","R","?","E","?"],"character_chosen":"IRONCLAD","items_purchased":["Impatience","Shockwave","Iron Wave"],"campfire_rested":0,"item_purchase_floors":[4,4,4],"current_hp_per_floor":[74,63,63,63,69,75,72,74,81,50,50,34,28,28],"gold":146,"neow_bonus":"THREE_ENEMY_KILL","is_prod":false,"is_daily":false,"chose_seed":false,"campfire_upgraded":1,"win_rate":0,"timestamp":1550342719,"path_taken":["M","?","?","$","M","E","M","M","T","E","R","?","E","?"],"build_version":"2019-01-23","purchased_purges":0,"victory":false,"max_hp_per_floor":[75,75,75,75,75,75,75,75,82,82,82,82,82,82],"card_choices":[{"not_picked":["Flex","Perfected Strike"],"picked":"Sword Boomerang","floor":1.0},{"not_picked":["Uppercut","Entrench"],"picked":"Ghostly Armor","floor":5.0},{"not_picked":["Searing Blow","Perfected Strike"],"picked":"Iron Wave","floor":6.0},{"not_picked":["Shockwave","Pommel Strike"],"picked":"Warcry","floor":7.0},{"not_picked":["Rupture","True Grit"],"picked":"Carnage","floor":8.0},{"not_picked":["Corruption","Dual Wield"],"picked":"Impervious","floor":10.0},{"not_picked":["Juggernaut","Searing Blow"],"picked":"Shrug It Off","floor":13.0}],"player_experience":2287914,"relics_obtained":[{"floor":6.0,"key":"Dream Catcher"},{"floor":9.0,"key":"Strawberry"},{"floor":10.0,"key":"Happy Flower"},{"floor":13.0,"key":"Ornamental Fan"}],"event_choices":[{"damage_healed":0.0,"max_hp_gain":0.0,"max_hp_loss":0.0,"gold_gain":75.0,"event_name":"World of Goop","player_choice":"Gather Gold","floor":2.0,"gold_loss":0.0,"damage_taken":11.0},{"damage_healed":0.0,"max_hp_gain":0.0,"max_hp_loss":0.0,"gold_gain":0.0,"event_name":"Golden Wing","player_choice":"Ignored","floor":3.0,"gold_loss":0.0,"damage_taken":0.0},{"damage_healed":0.0,"max_hp_gain":0.0,"max_hp_loss":0.0,"gold_gain":0.0,"event_name":"Shining Light","player_choice":"Entered Light","floor":12.0,"gold_loss":0.0,"damage_taken":16.0,"cards_upgraded":["Strike_R","Strike_R"]},{"damage_healed":0,"gold_gain":0,"player_choice":"Searched \u00273\u0027 times","damage_taken":0,"relics_obtained":["Letter Opener"],"max_hp_gain":0,"max_hp_loss":0,"event_name":"Dead Adventurer","floor":14,"gold_loss":0}],"is_beta":false,"boss_relics":[],"items_purged_floors":[],"is_endless":false,"potions_floor_spawned":[6,8,13],"killed_by":"Lagavulin Event","ascension_level":14}