{"gold_per_floor":[112,112,13,13,13,13,41,61,135,135,148,48,61,74,74,145,145,163,182,196,246,265,265,292,292,318,348,348,32,65,65,65,141,141,153,171,187,187,197,229,246,246,328,428,428,453,471,481,481,481,481],"floor_reached":52,"playtime":4083,"items_purged":["Strike_G","Pain"],"score":2044,"play_id":"ab3711e0-067d-4711-aae0-cacef52f3c07","local_time":"20190206013948","is_ascension_mode":true,"campfire_choices":[{"data":"Die Die Die","floor":6.0,"key":"SMITH"},{"data":"Malaise","floor":10.0,"key":"SMITH"},{"data":"Neutralize","floor":15.0,"key":"SMITH"},{"data":"Leg Sweep","floor":23.0,"key":"SMITH"},{"data":"Cloak And Dagger","floor":25.0,"key":"SMITH"},{"data":"Well Laid Plans","floor":32.0,"key":"SMITH"},{"data":"Wraith Form v2","floor":42,"key":"SMITH"},{"floor":45,"key":"RECALL"},{"data":"Cloak And Dagger","floor":49,"key":"SMITH"}],"neow_cost":"NONE","seed_source_timestamp":203383627250227,"circlet_count":0,"master_deck":["AscendersBane","Defend_G","Defend_G","Defend_G","Defend_G","Defend_G","Strike_G","Survivor","Neutralize+1","Quick Slash","Die Die Die+1","Backflip","Malaise+1","Cloak And Dagger+1","Cloak And Dagger","Backflip","Dagger Spray","After Image","PiercingWail","Leg Sweep+1","Endless Agony","Infinite Blades","Malaise+1","Well Laid Plans+1","Adrenaline","Terror+1","Caltrops+1","Night Terror+1","Backflip+1","Cloak And Dagger+1","Cloak And Dagger","Secret Technique","Cloak And Dagger","Wraith Form v2+1","Catalyst+1","Deflect+1","Infinite Blades"],"special_seed":0,"relics":["Ring of the Snake","NeowsBlessing","Letter Opener","WarpedTongs","Thread and Needle","Gremlin Horn","Runic Dome","Strawberry","Vajra","Pantograph","DollysMirror","Orichalcum","Astrolabe","Bird Faced Urn","Kunai","Turnip","Smiling Mask"],"potions_floor_usage":[50],"damage_taken":[{"damage":0.0,"enemies":"Jaw Worm","floor":1.0,"turns":1.0},{"damage":1.0,"enemies":"3 Sentries","floor":7.0,"turns":1.0},{"damage":0.0,"enemies":"Cultist","floor":8.0,"turns":1.0},{"damage":1.0,"enemies":"2 Louse","floor":11.0,"turns":2.0},{"damage":0.0,"enemies":"Gremlin Gang","floor":13.0,"turns":1.0},{"damage":2.0,"enemies":"Large Slime","floor":14.0,"turns":4.0},{"damage":4.0,"enemies":"The Guardian","floor":16.0,"turns":17.0},{"damage":0.0,"enemies":"3 Byrds","floor":18.0,"turns":4.0},{"damage":0.0,"enemies":"2 Thieves","floor":19.0,"turns":4.0},{"damage":3.0,"enemies":"Sentry and Sphere","floor":20.0,"turns":8.0},{"damage":0.0,"enemies":"Snake Plant","floor":22.0,"turns":7.0},{"damage":9.0,"enemies":"Gremlin Leader","floor":24.0,"turns":8.0},{"damage":2.0,"enemies":"Slavers","floor":27.0,"turns":8.0},{"damage":0.0,"enemies":"Gremlin Leader","floor":30.0,"turns":8.0},{"damage":21.0,"enemies":"Automaton","floor":33.0,"turns":15.0},{"damage":0.0,"enemies":"3 Shapes","floor":35.0,"turns":5.0},{"damage":0.0,"enemies":"Orb Walker","floor":36.0,"turns":3.0},{"damage":11,"enemies":"Spire Growth","floor":37,"turns":6},{"damage":0,"enemies":"4 Shapes","floor":39,"turns":1},{"damage":0,"enemies":"Reptomancer","floor":40,"turns":8},{"damage":7,"enemies":"3 Darklings","floor":41,"turns":5},{"damage":0,"enemies":"Mind Bloom Boss Battle","floor":44,"turns":5},{"damage":11,"enemies":"Nemesis","floor":46,"turns":10},{"damage":0,"enemies":"Maw","floor":47,"turns":10},{"damage":10,"enemies":"Jaw Worm Horde","floor":48,"turns":5},{"damage":5,"enemies":"Awakened One","floor":50,"turns":29},{"damage":69,"enemies":"Donu and Deca","floor":51,"turns":17}],"seed_played":"-800712875395156227","potions_obtained":[{"floor":7.0,"key":"SteroidPotion"},{"floor":11.0,"key":"Block Potion"},{"floor":14.0,"key":"GhostInAJar"},{"floor":19.0,"key":"Strength Potion"},{"floor":22.0,"key":"Regen Potion"},{"floor":24.0,"key":"EntropicBrew"},{"floor":30.0,"key":"Ancient Potion"},{"floor":41,"key":"PowerPotion"},{"floor":48,"key":"Swift Potion"}],"is_trial":false,"path_per_floor":["M","?","$","T","?","R","E","M","T","R","M","$","M","M","R","B",null,"M","M","M","?","M","R","E","R","T","E","?","$","E","$","R","B",null,"M","M","M","?","M","E","M","R","T","?","R","E","M","M","R","B","B",null],"character_chosen":"THE_SILENT","items_purchased":["Backflip","DollysMirror","Well Laid Plans"],"campfire_rested":0,"item_purchase_floors":[3,29,29],"current_hp_per_floor":[59,59,59,59,59,59,58,58,58,58,57,57,57,55,55,51,62,62,62,59,59,59,59,70,70,70,68,68,68,68,68,68,52,68,68,68,57,52,52,52,55,55,55,73,73,66,73,69,69,73,12],"gold":481,"neow_bonus":"THREE_ENEMY_KILL","is_prod":false,"is_daily":false,"chose_seed":false,"campfire_upgraded":8,"win_rate":0,"timestamp":1549435188,"path_taken":["M","?","$","?","?","R","E","M","T","R","?","$","M","M","R","BOSS","M","M","M","?","M","R","E","R","T","E","?","$","E","$","R","BOSS","M","M","M","?","M","E","M","R","T","?","R","E","M","?","R","BOSS","BOSS"],"build_version":"2019-01-23","purchased_purges":2,"victory":true,"max_hp_per_floor":[66,66,66,66,66,66,66,66,66,66,66,66,66,66,66,66,66,66,66,66,66,66,66,73,73,73,73,73,73,73,73,73,73,73,73,73,73,73,73,73,73,73,73,73,73,73,73,73,73,73,73],"card_choices":[{"not_picked":["Blade Dance","Outmaneuver"],"picked":"Quick Slash","floor":1.0},{"not_picked":["Outmaneuver","Crippling Poison"],"picked":"Malaise","floor":7.0},{"not_picked":["Bane","Catalyst"],"picked":"Cloak And Dagger","floor":8.0},{"not_picked":["Quick Slash","Endless Agony"],"picked":"Cloak And Dagger","floor":11.0},{"not_picked":["PiercingWail","Riddle With Holes"],"picked":"Backflip","floor":13.0},{"not_picked":["Calculated Gamble","Poisoned Stab"],"picked":"Dagger Spray","floor":14.0},{"not_picked":["Doppelganger","Night Terror"],"picked":"After Image","floor":16.0},{"not_picked":["Poisoned Stab","Deadly Poison"],"picked":"PiercingWail","floor":18.0},{"not_picked":["Distraction","Bouncing Flask"],"picked":"Leg Sweep","floor":19.0},{"not_picked":["All Out Attack","Underhanded Strike"],"picked":"Endless Agony","floor":20.0},{"not_picked":["Dagger Spray","Sucker Punch","Flying Knee"],"picked":"SKIP","floor":22.0},{"not_picked":["Dodge and Roll","Deflect","Outmaneuver+1"],"picked":"SKIP","floor":24.0},{"not_picked":["Outmaneuver+1","Reflex"],"picked":"Infinite Blades","floor":27.0},{"not_picked":["Setup","Bane","Sucker Punch"],"picked":"SKIP","floor":30.0},{"not_picked":["Venomology","Glass Knife"],"picked":"Adrenaline","floor":33.0},{"not_picked":["Flying Knee","Well Laid Plans"],"picked":"Backflip+1","floor":35.0},{"not_picked":["Slice","Skewer"],"picked":"Cloak And Dagger","floor":36.0},{"not_picked":["Endless Agony+1","Well Laid Plans+1"],"picked":"Cloak And Dagger","floor":37},{"not_picked":["Madness","The Bomb"],"picked":"Secret Technique","floor":38},{"not_picked":["Poisoned Stab","Bane"],"picked":"Cloak And Dagger","floor":39},{"not_picked":["Blade Dance","Expertise"],"picked":"Wraith Form v2","floor":40},{"not_picked":["Blade Dance","Dagger Throw","Deadly Poison"],"picked":"SKIP","floor":41},{"not_picked":["Concentrate+1","Bane+1"],"picked":"Catalyst+1","floor":44},{"not_picked":["Prepared","Choke+1"],"picked":"Deflect+1","floor":46},{"not_picked":["Blade Dance","Prepared","Bouncing Flask"],"picked":"SKIP","floor":47},{"not_picked":["PiercingWail","Dodge and Roll"],"picked":"Infinite Blades","floor":48}],"player_experience":1142622,"relics_obtained":[{"floor":4.0,"key":"Letter Opener"},{"floor":7.0,"key":"Thread and Needle"},{"floor":9.0,"key":"Gremlin Horn"},{"floor":24.0,"key":"Strawberry"},{"floor":26.0,"key":"Vajra"},{"floor":27.0,"key":"Pantograph"},{"floor":30.0,"key":"Orichalcum"},{"floor":40,"key":"Bird Faced Urn"},{"floor":43,"key":"Kunai"},{"floor":44,"key":"Turnip"},{"floor":46,"key":"Smiling Mask"}],"event_choices":[{"damage_healed":0.0,"max_hp_gain":0.0,"max_hp_loss":0.0,"gold_gain":0.0,"event_name":"Match and Keep!","player_choice":"1 cards matched","floor":2.0,"gold_loss":0.0,"damage_taken":0.0,"cards_obtained":["Die Die Die"]},{"damage_healed":0.0,"max_hp_gain":0.0,"max_hp_loss":0.0,"gold_gain":0.0,"event_name":"Accursed Blacksmith","player_choice":"Rummage","floor":5.0,"gold_loss":0.0,"damage_taken":0.0,"relics_obtained":["WarpedTongs"],"cards_obtained":["Pain"]},{"damage_healed":0.0,"max_hp_gain":0.0,"max_hp_loss":0.0,"gold_gain":50.0,"event_name":"Nest","player_choice":"Stole From Cult","floor":21.0,"gold_loss":0.0,"damage_taken":0.0},{"damage_healed":0.0,"max_hp_gain":0.0,"max_hp_loss":0.0,"gold_gain":0.0,"event_name":"The Mausoleum","player_choice":"Ignored","floor":28.0,"gold_loss":0.0,"damage_taken":0.0},{"damage_healed":0,"gold_gain":0,"player_choice":"Memory 2","damage_taken":5,"max_hp_gain":0,"max_hp_loss":0,"event_name":"SensoryStone","floor":38,"gold_loss":0},{"damage_healed":0,"gold_gain":0,"player_choice":"Fight","damage_taken":0,"max_hp_gain":0,"max_hp_loss":0,"event_name":"MindBloom","floor":44,"gold_loss":0}],"is_beta":false,"boss_relics":[{"not_picked":["Eternal Feather","Lizard Tail"],"picked":"Runic Dome"},{"not_picked":["Sozu","White Beast Statue"],"picked":"Astrolabe"}],"items_purged_floors":[3,12],"is_endless":false,"potions_floor_spawned":[7,11,14,19,22,24,30,33,37,40,41,44,48],"ascension_level":20}