{"gold_per_floor":[118,95,370,211,224,255,255,281,281,456,468,468,468,151,151,254,304,304],"floor_reached":18,"playtime":3775,"items_purged":["Regret"],"score":399,"play_id":"45076c7f-b2ac-4c74-8be5-4b4baa6811fb","local_time":"20181025235823","is_ascension_mode":true,"campfire_choices":[{"floor":7,"key":"REST"},{"floor":12,"key":"REST"},{"data":"Defragment","floor":15,"key":"SMITH"}],"neow_cost":"NONE","seed_source_timestamp":0,"circlet_count":0,"master_deck":["Strike_B+1","Strike_B+1","Strike_B","Strike_B","Defend_B","Defend_B","Defend_B","Defend_B","Zap","Dualcast","AscendersBane","Cold Snap","Go for the Eyes","Capacitor","Conserve Battery","Conserve Battery","Sweeping Beam+1","Echo Form","Dark Shackles","Defragment+1","Buffer","Cold Snap"],"special_seed":0,"relics":["Cracked Core","Calipers","Bottled Tornado","Singing Bowl","Whetstone","Tiny House"],"potions_floor_usage":[6,11],"damage_taken":[{"damage":12,"enemies":"Small Slimes","floor":1,"turns":2},{"damage":0,"enemies":"Cultist","floor":5,"turns":3},{"damage":36,"enemies":"Gremlin Nob","floor":6,"turns":5},{"damage":29,"enemies":"Lagavulin","floor":8,"turns":7},{"damage":2,"enemies":"Jaw Worm","floor":11,"turns":4},{"damage":28,"enemies":"Slime Boss","floor":16,"turns":10},{"damage":0,"enemies":"Shell Parasite","floor":18,"turns":2}],"seed_played":"-3445531905125707883","potions_obtained":[{"floor":5,"key":"Explosive Potion"},{"floor":6,"key":"Energy Potion"},{"floor":8,"key":"SpeedPotion"},{"floor":17,"key":"SmokeBomb"}],"is_trial":false,"path_per_floor":["M","$","?","$","M","E","R","E","T","?","M","R","?","$","R","B",null],"character_chosen":"DEFECT","items_purchased":["Go for the Eyes","Capacitor","Conserve Battery","Whetstone","Dark Shackles","Defragment"],"campfire_rested":2,"item_purchase_floors":[2,4,4,14,14,14],"current_hp_per_floor":[63,63,63,63,63,27,51,22,22,22,22,47,47,47,47,19,73,73],"gold":304,"neow_bonus":"TEN_PERCENT_HP_BONUS","is_prod":false,"is_daily":false,"chose_seed":false,"campfire_upgraded":1,"win_rate":0,"timestamp":1540504703,"path_taken":["M","$","?","$","M","E","R","E","T","?","M","R","?","?","R","BOSS","M"],"build_version":"2018-10-18","purchased_purges":1,"victory":false,"max_hp_per_floor":[82,82,82,82,82,82,82,82,82,82,84,84,84,84,84,84,89,89],"card_choices":[{"not_picked":["Steam","Capacitor"],"picked":"Cold Snap","floor":1},{"not_picked":["Undo","Steam"],"picked":"Conserve Battery","floor":5},{"not_picked":["Beam Cell","Redo"],"picked":"Sweeping Beam","floor":6},{"not_picked":["Scrape","Hologram"],"picked":"Echo Form","floor":8},{"not_picked":["Leap","Gash","Chaos"],"picked":"Singing Bowl","floor":11},{"not_picked":["Hyperbeam","Seek"],"picked":"Buffer","floor":16},{"not_picked":["Barrage","Hologram"],"picked":"Cold Snap","floor":17}],"player_experience":1106575,"relics_obtained":[{"floor":6,"key":"Calipers"},{"floor":8,"key":"Bottled Tornado"},{"floor":9,"key":"Singing Bowl"}],"event_choices":[{"damage_healed":0,"gold_gain":275,"player_choice":"Desecrate","damage_taken":0,"max_hp_gain":0,"max_hp_loss":0,"event_name":"Golden Shrine","floor":3,"gold_loss":0,"cards_obtained":["Regret"]},{"damage_healed":0,"gold_gain":175,"player_choice":"AGREE","damage_taken":0,"max_hp_gain":0,"max_hp_loss":0,"event_name":"Liars Game","floor":10,"gold_loss":0,"cards_obtained":["Doubt"]},{"cards_removed":["Doubt"],"damage_healed":0,"gold_gain":0,"player_choice":"Purged","damage_taken":0,"max_hp_gain":0,"max_hp_loss":0,"event_name":"Purifier","floor":13,"gold_loss":0}],"is_beta":false,"boss_relics":[{"not_picked":["Black Star","Cursed Key"],"picked":"Tiny House"}],"items_purged_floors":[4],"is_endless":false,"potions_floor_spawned":[5,6,8],"killed_by":"Shell Parasite","ascension_level":10}