{"gold_per_floor":[117,16,35,50,63,94,94,123,123,149,160,178,196,271,271,374,374,391,409,409,42,55,55,81,8,8,23,23,33,33],"floor_reached":30,"playtime":2432,"items_purged":[],"score":343,"play_id":"c4301fff-6df9-446d-8bd6-3e2674c00874","local_time":"20180630174231","is_ascension_mode":true,"campfire_choices":[{"floor":7.0,"key":"REST"},{"floor":15.0,"key":"REST"},{"data":"Apotheosis","floor":23.0,"key":"SMITH"},{"data":"1","floor":28,"key":"LIFT"}],"neow_cost":"","seed_source_timestamp":0,"circlet_count":0,"master_deck":["Strike_B","Strike_B","Strike_B","Strike_B","Defend_B","Defend_B","Defend_B","Defend_B","Zap+1","Dualcast","Conserve Battery","Swift Strike","Rainbow","Redo","Leap","Lockon","Chill","Defragment","Stack","Sweeping Beam","FTL","Ball Lightning","Rebound","Conserve Battery","Echo Form","Steam","Hologram","Stack+1","Apotheosis+1","Cold Snap","Rebound","Auto Shields","Conserve Battery","FTL+1"],"special_seed":0,"relics":["Cracked Core","Happy Flower","Mercury Hourglass","Shuriken","Prayer Wheel","Busted Crown","Anchor","Blood Vial","Girya"],"potions_floor_usage":[30],"damage_taken":[{"damage":2.0,"enemies":"Jaw Worm","floor":1.0,"turns":3.0},{"damage":0.0,"enemies":"Small Slimes","floor":3.0,"turns":2.0},{"damage":1.0,"enemies":"Cultist","floor":4.0,"turns":3.0},{"damage":14.0,"enemies":"Large Slime","floor":5.0,"turns":5.0},{"damage":36.0,"enemies":"Gremlin Nob","floor":6.0,"turns":4.0},{"damage":18.0,"enemies":"Lagavulin","floor":8.0,"turns":6.0},{"damage":2.0,"enemies":"3 Sentries","floor":10.0,"turns":6.0},{"damage":4.0,"enemies":"Red Slaver","floor":11.0,"turns":3.0},{"damage":1.0,"enemies":"Lots of Slimes","floor":12.0,"turns":3.0},{"damage":0.0,"enemies":"Looter","floor":13.0,"turns":2.0},{"damage":17.0,"enemies":"Hexaghost","floor":16.0,"turns":8.0},{"damage":4.0,"enemies":"Shell Parasite","floor":18.0,"turns":4.0},{"damage":0.0,"enemies":"Chosen","floor":19.0,"turns":4.0},{"damage":4.0,"enemies":"3 Cultists","floor":22.0,"turns":5.0},{"damage":18,"enemies":"Book of Stabbing","floor":24,"turns":5},{"damage":0,"enemies":"Snecko","floor":27,"turns":4},{"damage":9,"enemies":"Snake Plant","floor":29,"turns":5},{"damage":35,"enemies":"Gremlin Leader","floor":30,"turns":4}],"seed_played":"488515989576869173","potions_obtained":[{"floor":3.0,"key":"Ancient Potion"},{"floor":5.0,"key":"Explosive Potion"},{"floor":11.0,"key":"Ancient Potion"},{"floor":13.0,"key":"Explosive Potion"},{"floor":18.0,"key":"Explosive Potion"},{"floor":29,"key":"Ancient Potion"}],"is_trial":false,"path_per_floor":["M","$","M","M","M","E","R","E","T","E","M","M","M","?","R","B",null,"M","M","?","$","M","R","E","$","T","M","R","M"],"character_chosen":"DEFECT","items_purchased":["Swift Strike","Apotheosis","Anchor","Auto Shields"],"campfire_rested":2,"item_purchase_floors":[],"current_hp_per_floor":[73,73,73,72,58,22,44,26,26,24,20,19,19,8,30,13,60,56,56,56,56,52,52,34,34,34,36,36,29,0],"gold":33,"neow_bonus":"","is_prod":false,"is_daily":false,"chose_seed":false,"campfire_upgraded":1,"win_rate":0,"timestamp":1530373351,"path_taken":["M","$","M","M","M","E","R","E","T","E","M","M","M","?","R","BOSS","M","M","?","$","?","R","E","$","T","?","R","M","E"],"build_version":"2018-06-28","purchased_purges":0,"victory":false,"max_hp_per_floor":[75,75,75,75,75,75,75,75,75,75,75,75,75,75,75,75,75,75,75,75,75,75,75,75,75,75,75,75,75,75],"card_choices":[{"not_picked":["Stack","Force Field"],"picked":"Conserve Battery","floor":1.0},{"not_picked":["Coolheaded","Cold Snap"],"picked":"Rainbow","floor":3.0},{"not_picked":["Cold Snap","Gash"],"picked":"Redo","floor":4.0},{"not_picked":["Rip and Tear","Compile Driver"],"picked":"Leap","floor":5.0},{"not_picked":["Melter","Beam Cell"],"picked":"Lockon","floor":6.0},{"not_picked":["Ball Lightning","Scrape"],"picked":"Chill","floor":8.0},{"not_picked":["Echo Form","Steam Power"],"picked":"Defragment","floor":10.0},{"not_picked":["Tempest","White Noise"],"picked":"Stack","floor":11.0},{"not_picked":["Genetic Algorithm","Leap"],"picked":"Sweeping Beam","floor":11.0},{"not_picked":["Barrage","White Noise"],"picked":"FTL","floor":12.0},{"not_picked":["Hello World","Rebound"],"picked":"Ball Lightning","floor":12.0},{"not_picked":["Self Repair","Compile Driver"],"picked":"Rebound","floor":13.0},{"not_picked":["Leap","White Noise"],"picked":"Conserve Battery","floor":13.0},{"not_picked":["Amplify","Biased Cognition"],"picked":"Echo Form","floor":16.0},{"not_picked":[],"picked":"Steam","floor":18.0},{"not_picked":[],"picked":"Hologram","floor":18.0},{"not_picked":[],"picked":"Stack+1","floor":19.0},{"not_picked":["Reprogram"],"picked":"SKIP","floor":19.0},{"not_picked":[],"picked":"Cold Snap","floor":22.0},{"not_picked":["Self Repair"],"picked":"SKIP","floor":22.0},{"not_picked":[],"picked":"Rebound","floor":24},{"not_picked":[],"picked":"Conserve Battery","floor":27},{"not_picked":["Beam Cell"],"picked":"SKIP","floor":27},{"not_picked":[],"picked":"FTL+1","floor":29},{"not_picked":["Beam Cell"],"picked":"SKIP","floor":29}],"player_experience":793653,"relics_obtained":[{"floor":6.0,"key":"Happy Flower"},{"floor":8.0,"key":"Mercury Hourglass"},{"floor":9.0,"key":"Shuriken"},{"floor":10.0,"key":"Prayer Wheel"},{"floor":24,"key":"Blood Vial"},{"floor":26,"key":"Girya"}],"event_choices":[{"event_name":"World of Goop","player_choice":"Gather Gold","floor":14.0,"damage_taken":0.0},{"event_name":"Ghosts","player_choice":"Ignored","floor":20.0,"damage_taken":0.0}],"boss_relics":[{"not_picked":["Pandora\u0027s Box","Orrery"],"picked":"Busted Crown"}],"items_purged_floors":[],"is_endless":false,"potions_floor_spawned":[3,5,11,13,18,29],"killed_by":"Gremlin Leader","ascension_level":5}