{"gold_per_floor":[114,128,203,59,59,59,59,59,59,85,96,115,129,56,56,159,159,173,98,110,110,126,126,146,166,211,229,229,240,265,284,284,388,388,398,411,10,10,23,23,23,39,92,5,5,21,21,21,21,21],"floor_reached":51,"playtime":5833,"items_purged":["Defend_B","Defend_B","Defend_B+1"],"score":646,"play_id":"5546638f-af65-413b-a6af-61f043fb3a0f","local_time":"20190221152155","is_ascension_mode":false,"campfire_choices":[{"floor":6.0,"key":"REST"},{"data":"Chill","floor":8.0,"key":"SMITH"},{"data":"White Noise","floor":15.0,"key":"SMITH"},{"data":"Glacier","floor":23.0,"key":"SMITH"},{"floor":28.0,"key":"REST"},{"floor":32.0,"key":"REST"},{"data":"White Noise","floor":40,"key":"SMITH"},{"data":"Sunder","floor":45,"key":"SMITH"},{"data":"Cold Snap","floor":47,"key":"SMITH"},{"floor":49,"key":"REST"}],"neow_cost":"PERCENT_DAMAGE","seed_source_timestamp":0,"circlet_count":0,"master_deck":["Strike_B+1","Strike_B+1","Zap+1","Dualcast+1","Chill+1","White Noise+1","Coolheaded+1","Sweeping Beam+1","BootSequence+1","Rip and Tear+1","White Noise+1","Core Surge+1","Hello World+1","White Noise+1","Glacier+1","Blizzard+1","Chill+1","Hologram+1","Creative AI+1","Cold Snap+1","Writhe","FTL+1","Sunder+1","Capacitor+1","Cold Snap+1","Biased Cognition+1"],"special_seed":0,"relics":["Cracked Core","Unceasing Top","Anchor","Frozen Egg 2","Sundial","Ice Cream","Velvet Choker","Smiling Mask","Strawberry","Empty Cage","MealTicket","Bag of Preparation","Mark of the Bloom","Dream Catcher"],"potions_floor_usage":[50,50],"damage_taken":[{"damage":4.0,"enemies":"Small Slimes","floor":1.0,"turns":4.0},{"damage":1.0,"enemies":"Cultist","floor":2.0,"turns":3.0},{"damage":10.0,"enemies":"3 Sentries","floor":10.0,"turns":12.0},{"damage":0.0,"enemies":"2 Louse","floor":11.0,"turns":2.0},{"damage":0.0,"enemies":"Large Slime","floor":12.0,"turns":7.0},{"damage":5.0,"enemies":"Looter","floor":13.0,"turns":4.0},{"damage":35.0,"enemies":"Slime Boss","floor":16.0,"turns":13.0},{"damage":15.0,"enemies":"Shell Parasite","floor":18.0,"turns":5.0},{"damage":1.0,"enemies":"3 Byrds","floor":20.0,"turns":5.0},{"damage":10.0,"enemies":"Sentry and Sphere","floor":22.0,"turns":4.0},{"damage":6.0,"enemies":"Shelled Parasite and Fungi","floor":24.0,"turns":6.0},{"damage":7.0,"enemies":"Snecko","floor":25.0,"turns":5.0},{"damage":3.0,"enemies":"Chosen and Byrds","floor":27.0,"turns":5.0},{"damage":5.0,"enemies":"Centurion and Healer","floor":29.0,"turns":6.0},{"damage":0.0,"enemies":"Book of Stabbing","floor":30.0,"turns":7.0},{"damage":5.0,"enemies":"3 Cultists","floor":31.0,"turns":7.0},{"damage":59.0,"enemies":"Automaton","floor":33.0,"turns":12.0},{"damage":9.0,"enemies":"Orb Walker","floor":35.0,"turns":5.0},{"damage":16.0,"enemies":"3 Darklings","floor":36.0,"turns":4.0},{"damage":25.0,"enemies":"Transient","floor":39.0,"turns":5.0},{"damage":25,"enemies":"4 Shapes","floor":42,"turns":5},{"damage":12,"enemies":"Sphere and 2 Shapes","floor":46,"turns":4},{"damage":10,"enemies":"Donu and Deca","floor":50,"turns":10}],"seed_played":"-1582458568901756140","potions_obtained":[{"floor":1.0,"key":"Weak Potion"},{"floor":11.0,"key":"Block Potion"},{"floor":12.0,"key":"SteroidPotion"},{"floor":20.0,"key":"Swift Potion"},{"floor":27.0,"key":"Explosive Potion"},{"floor":29.0,"key":"Strength Potion"},{"floor":35.0,"key":"EssenceOfSteel"}],"is_trial":false,"path_per_floor":["M","M","?","$","?","R","?","R","T","E","M","M","M","$","R","B",null,"M","$","M","?","M","R","M","M","T","M","R","M","E","M","R","B",null,"M","M","$","?","M","R","?","M","T","$","R","M","R","?","R","B",null],"character_chosen":"DEFECT","items_purchased":["Anchor","White Noise","MealTicket","Bag of Preparation","Capacitor+1"],"campfire_rested":4,"item_purchase_floors":[4,14,37,37,44],"current_hp_per_floor":[50,49,38,38,20,42,67,67,67,57,57,57,52,52,52,17,75,60,60,59,59,49,49,43,36,36,33,55,50,57,52,76,17,82,73,57,57,78,53,53,53,28,28,28,28,16,16,16,16,6],"gold":21,"neow_bonus":"ONE_RARE_RELIC","is_prod":false,"is_daily":false,"chose_seed":false,"campfire_upgraded":6,"win_rate":0.0,"timestamp":1550758915,"path_taken":["M","M","?","$","?","R","?","R","T","E","M","M","M","$","R","BOSS","M","$","M","?","M","R","M","M","T","M","R","M","E","?","R","BOSS","M","M","$","?","M","R","?","M","T","$","R","M","R","?","R","BOSS"],"build_version":"2019-01-23","purchased_purges":3,"victory":true,"max_hp_per_floor":[75,75,75,75,75,75,75,75,75,75,75,75,75,75,75,75,75,75,75,75,75,75,75,75,75,75,75,75,75,82,82,82,82,82,82,82,82,82,82,82,82,82,82,82,82,82,82,82,82,82],"card_choices":[{"not_picked":["Beam Cell","Coolheaded"],"picked":"Chill","floor":1.0},{"not_picked":["Ball Lightning","Rebound"],"picked":"White Noise","floor":2.0},{"not_picked":["Lockon","Compile Driver"],"picked":"Coolheaded","floor":10.0},{"not_picked":["Gash","Cold Snap"],"picked":"Sweeping Beam","floor":11.0},{"not_picked":["Steam","Stack"],"picked":"BootSequence","floor":12.0},{"not_picked":["Leap","Steam"],"picked":"Rip and Tear","floor":13.0},{"not_picked":["Buffer+1","Biased Cognition+1"],"picked":"Core Surge","floor":16.0},{"not_picked":["Beam Cell","Streamline+1"],"picked":"Hello World+1","floor":18.0},{"not_picked":["Gash+1","Go for the Eyes+1","Hologram"],"picked":"SKIP","floor":20.0},{"not_picked":["Leap","Sweeping Beam+1"],"picked":"Glacier","floor":22.0},{"not_picked":["Stack","Leap+1","Steam Power"],"picked":"SKIP","floor":24.0},{"not_picked":["Sweeping Beam","Cold Snap"],"picked":"Blizzard","floor":25.0},{"not_picked":["Steam","Electrodynamics+1","Barrage"],"picked":"SKIP","floor":27.0},{"not_picked":["Beam Cell","Chaos+1","Rebound"],"picked":"SKIP","floor":29.0},{"not_picked":["Turbo","Sweeping Beam"],"picked":"Chill","floor":30.0},{"not_picked":["Streamline","Gash+1"],"picked":"Hologram","floor":31.0},{"not_picked":["Rainbow","Thunder Strike"],"picked":"Creative AI+1","floor":33.0},{"not_picked":["Sweeping Beam","Conserve Battery+1"],"picked":"Cold Snap","floor":35.0},{"not_picked":["Sweeping Beam+1","Compile Driver+1","Chaos"],"picked":"SKIP","floor":36.0},{"not_picked":["Turbo+1","White Noise"],"picked":"FTL+1","floor":39.0},{"not_picked":["Lockon+1","Streamline+1"],"picked":"Sunder","floor":42},{"not_picked":["Aggregate","Ball Lightning"],"picked":"Cold Snap","floor":46},{"not_picked":["Streamline+1","Cold Snap"],"picked":"Biased Cognition+1","floor":49}],"player_experience":30822,"relics_obtained":[{"floor":9.0,"key":"Sundial"},{"floor":10.0,"key":"Ice Cream"},{"floor":26.0,"key":"Smiling Mask"},{"floor":30.0,"key":"Strawberry"},{"floor":43,"key":"Dream Catcher"}],"event_choices":[{"damage_healed":0.0,"max_hp_gain":0.0,"max_hp_loss":0.0,"gold_gain":75.0,"event_name":"World of Goop","player_choice":"Gather Gold","floor":3.0,"gold_loss":0.0,"damage_taken":11.0},{"damage_healed":0.0,"max_hp_gain":0.0,"max_hp_loss":0.0,"gold_gain":0.0,"event_name":"Scrap Ooze","player_choice":"Success","floor":5.0,"gold_loss":0.0,"damage_taken":18.0,"relics_obtained":["Frozen Egg 2"]},{"damage_healed":25.0,"max_hp_gain":0.0,"max_hp_loss":0.0,"gold_gain":0.0,"event_name":"Big Fish","player_choice":"Banana","floor":7.0,"gold_loss":0.0,"damage_taken":0.0},{"damage_healed":0.0,"max_hp_gain":0.0,"max_hp_loss":0.0,"gold_gain":0.0,"event_name":"Duplicator","player_choice":"Copied","floor":21.0,"gold_loss":0.0,"damage_taken":0.0,"cards_obtained":["White Noise"]},{"damage_healed":21.0,"max_hp_gain":0.0,"max_hp_loss":0.0,"gold_gain":0.0,"event_name":"Winding Halls","player_choice":"Writhe","floor":38.0,"gold_loss":0.0,"damage_taken":0.0,"cards_obtained":["Writhe"]},{"damage_healed":0,"gold_gain":0,"player_choice":"Upgrade","damage_taken":0,"relics_obtained":["Mark of the Bloom"],"max_hp_gain":0,"max_hp_loss":0,"event_name":"MindBloom","floor":41,"gold_loss":0,"cards_upgraded":["Strike_B","Strike_B","Strike_B","Defend_B","Zap","Dualcast","Coolheaded","Sweeping Beam","BootSequence","Rip and Tear","Core Surge","Blizzard","Chill","Hologram","Cold Snap"]},{"cards_removed":["Strike_B"],"damage_healed":0,"gold_gain":0,"player_choice":"Removed Attack","damage_taken":0,"max_hp_gain":0,"max_hp_loss":0,"event_name":"Falling","floor":48,"gold_loss":0}],"is_beta":false,"boss_relics":[{"not_picked":["Eternal Feather","Orrery"],"picked":"Velvet Choker"},{"not_picked":["Coffee Dripper","Tiny House"],"picked":"Empty Cage"}],"items_purged_floors":[19,37,44],"is_endless":false,"potions_floor_spawned":[1,11,12,20,24,27,29,35],"ascension_level":0}