{"gold_per_floor":[111,111,130,130,107,133,150,150,198,214,214,214,58,58,58,58],"floor_reached":16,"playtime":326,"items_purged":[],"score":147,"play_id":"659a19bf-2f7d-45e7-91e0-d1d8195774c9","local_time":"20181026000401","is_ascension_mode":true,"campfire_choices":[{"floor":8,"key":"REST"},{"floor":15,"key":"REST"}],"neow_cost":"NONE","seed_source_timestamp":1280889798224724,"circlet_count":0,"master_deck":["Strike_B","Strike_B","Strike_B","Defend_B","Defend_B","Defend_B","Defend_B","Zap","Dualcast","AscendersBane","Rebound","Creative AI","Stack","Leap","Reinforced Body","Cold Snap","Barrage","Go for the Eyes"],"relics":["Cracked Core","Lantern","Mercury Hourglass","Regal Pillow","Omamori","Thread and Needle"],"potions_floor_usage":[],"damage_taken":[{"damage":8,"enemies":"Jaw Worm","floor":1,"turns":4},{"damage":6,"enemies":"Cultist","floor":3,"turns":4},{"damage":34,"enemies":"Lagavulin","floor":6,"turns":9},{"damage":0,"enemies":"2 Louse","floor":7,"turns":1},{"damage":4,"enemies":"2 Fungi Beasts","floor":10,"turns":4},{"damage":11,"enemies":"Slime Boss","floor":16,"turns":5}],"seed_played":"-5874740004561614785","potions_obtained":[{"floor":6,"key":"Dexterity Potion"},{"floor":7,"key":"Block Potion"}],"is_trial":false,"path_per_floor":["M","?","M","?","$","E","M","R","T","M","?","?","$","T","R"],"character_chosen":"DEFECT","items_purchased":["Leap","Omamori"],"campfire_rested":2,"item_purchase_floors":[5,13],"current_hp_per_floor":[67,67,61,36,36,2,2,26,26,22,22,15,15,15,54,43],"gold":58,"neow_bonus":"TEN_PERCENT_HP_BONUS","is_prod":false,"is_daily":false,"chose_seed":false,"campfire_upgraded":0,"win_rate":0,"timestamp":1540505041,"path_taken":["M","?","M","?","?","E","?","R","T","M","?","?","$","?","R","BOSS"],"build_version":"2018-10-18","purchased_purges":0,"victory":false,"max_hp_per_floor":[82,82,82,82,82,82,82,82,82,82,82,82,82,82,82,82],"card_choices":[{"not_picked":["Hologram","Beam Cell"],"picked":"Rebound","floor":1},{"not_picked":["Go for the Eyes","Static Discharge"],"picked":"Stack","floor":3},{"not_picked":["Go for the Eyes","Rip and Tear"],"picked":"Reinforced Body","floor":6},{"not_picked":["Go for the Eyes","All For One"],"picked":"Cold Snap","floor":7},{"not_picked":["Gash","Sunder"],"picked":"Barrage","floor":10}],"player_experience":1110350,"relics_obtained":[{"floor":6,"key":"Mercury Hourglass"},{"floor":9,"key":"Regal Pillow"},{"floor":14,"key":"Thread and Needle"}],"event_choices":[{"damage_healed":0,"gold_gain":0,"cards_transformed":["Strike_B"],"player_choice":"Transformed","damage_taken":0,"max_hp_gain":0,"max_hp_loss":0,"event_name":"Transmorgrifier","floor":2,"gold_loss":0,"cards_obtained":["Creative AI"]},{"damage_healed":0,"gold_gain":0,"player_choice":"Success","damage_taken":25,"relics_obtained":["Lantern"],"max_hp_gain":0,"max_hp_loss":0,"event_name":"Scrap Ooze","floor":4,"gold_loss":0},{"damage_healed":0,"gold_gain":0,"player_choice":"2 cards matched","damage_taken":0,"max_hp_gain":0,"max_hp_loss":0,"event_name":"Match and Keep!","floor":11,"gold_loss":0,"cards_obtained":["Go for the Eyes","Blizzard"]},{"cards_removed":["Blizzard"],"damage_healed":0,"gold_gain":0,"player_choice":"Card Removal","damage_taken":7,"max_hp_gain":0,"max_hp_loss":0,"event_name":"Golden Wing","floor":12,"gold_loss":0}],"is_beta":false,"boss_relics":[],"items_purged_floors":[],"is_endless":false,"potions_floor_spawned":[6,7],"killed_by":"Slime Boss","ascension_level":10}