{"gold_per_floor":[111,111,186,199,212,256,256,256,256,256,269,294,330,351,351,476,476],"floor_reached":17,"playtime":473,"items_purged":[],"score":251,"play_id":"4fe74ac5-4454-4b67-93b8-62843575e97e","local_time":"20181120102309","is_ascension_mode":true,"campfire_choices":[{"data":"Zap","floor":8.0,"key":"SMITH"},{"floor":15.0,"key":"REST"}],"neow_cost":"NONE","seed_source_timestamp":0,"circlet_count":0,"master_deck":["AscendersBane","Strike_B","Strike_B","Strike_B","Strike_B","Defend_B","Defend_B","Defend_B","Defend_B","Zap+1","Dualcast","Ball Lightning","Cold Snap","Auto Shields","Barrage","Consume","FTL","Glacier","Thunder Strike"],"special_seed":0,"relics":["Sozu","Golden Idol","Blue Candle","Meat on the Bone","Gambling Chip","Snecko Eye"],"potions_floor_usage":[],"damage_taken":[{"damage":1.0,"enemies":"2 Louse","floor":1.0,"turns":3.0},{"damage":0.0,"enemies":"Small Slimes","floor":4.0,"turns":3.0},{"damage":0.0,"enemies":"Cultist","floor":5.0,"turns":3.0},{"damage":16.0,"enemies":"3 Sentries","floor":6.0,"turns":7.0},{"damage":9.0,"enemies":"Lots of Slimes","floor":11.0,"turns":4.0},{"damage":4.0,"enemies":"2 Fungi Beasts","floor":12.0,"turns":3.0},{"damage":31.0,"enemies":"Gremlin Nob","floor":13.0,"turns":4.0},{"damage":12.0,"enemies":"Exordium Thugs","floor":14.0,"turns":4.0},{"damage":37,"enemies":"Slime Boss","floor":16,"turns":13}],"seed_played":"316262523195953836","potions_obtained":[],"is_trial":false,"path_per_floor":["M","?","?","M","M","E","?","R","T","?","M","M","E","M","R","B",null],"character_chosen":"DEFECT","items_purchased":[],"campfire_rested":1,"item_purchase_floors":[],"current_hp_per_floor":[67,67,56,56,56,40,40,40,40,45,36,44,25,25,45,20,20],"gold":476,"neow_bonus":"BOSS_RELIC","is_prod":false,"is_daily":false,"chose_seed":false,"campfire_upgraded":1,"win_rate":0,"timestamp":1542705789,"path_taken":["M","?","?","M","M","E","?","R","T","?","?","M","E","M","R","BOSS"],"build_version":"2018-11-15","purchased_purges":0,"victory":false,"max_hp_per_floor":[75,69,69,69,69,69,69,69,69,69,69,69,69,69,69,69,69],"card_choices":[{"not_picked":["Hello World","Hologram"],"picked":"Ball Lightning","floor":1.0},{"not_picked":["Turbo","Barrage"],"picked":"Cold Snap","floor":4.0},{"not_picked":["Amplify","White Noise"],"picked":"Ball Lightning","floor":5.0},{"not_picked":["Machine Learning","Steam"],"picked":"Auto Shields","floor":6.0},{"not_picked":["Sweeping Beam","Compile Driver"],"picked":"Barrage","floor":11.0},{"not_picked":["Scrape","Chaos"],"picked":"Consume","floor":12.0},{"not_picked":["Go for the Eyes","Fusion"],"picked":"FTL","floor":13.0},{"not_picked":["Consume","Sweeping Beam"],"picked":"Glacier","floor":14.0},{"not_picked":["Buffer","Creative AI"],"picked":"Thunder Strike","floor":16}],"player_experience":1209712,"relics_obtained":[{"floor":6.0,"key":"Blue Candle"},{"floor":9.0,"key":"Meat on the Bone"},{"floor":13.0,"key":"Gambling Chip"}],"event_choices":[{"damage_healed":0.0,"max_hp_gain":0.0,"max_hp_loss":6.0,"gold_gain":0.0,"event_name":"Golden Idol","player_choice":"Lose Max HP","floor":2.0,"gold_loss":0.0,"damage_taken":0.0,"relics_obtained":["Golden Idol"]},{"damage_healed":0.0,"max_hp_gain":0.0,"max_hp_loss":0.0,"gold_gain":75.0,"event_name":"World of Goop","player_choice":"Gather Gold","floor":3.0,"gold_loss":0.0,"damage_taken":11.0},{"damage_healed":0.0,"max_hp_gain":0.0,"max_hp_loss":0.0,"gold_gain":0.0,"event_name":"Golden Wing","player_choice":"Ignored","floor":7.0,"gold_loss":0.0,"damage_taken":0.0},{"cards_removed":["Ball Lightning"],"damage_healed":5.0,"max_hp_gain":0.0,"max_hp_loss":0.0,"gold_gain":0.0,"event_name":"Bonfire Elementals","player_choice":"Offered Common","floor":10.0,"gold_loss":0.0,"damage_taken":0.0},{"cards_removed":["Ball Lightning"],"damage_healed":5.0,"max_hp_gain":0.0,"max_hp_loss":0.0,"gold_gain":0.0,"event_name":"Bonfire Elementals","player_choice":"Offered Special","floor":10.0,"gold_loss":0.0,"damage_taken":0.0}],"is_beta":false,"boss_relics":[{"not_picked":["Velvet Choker","Fusion Hammer"],"picked":"Snecko Eye"}],"items_purged_floors":[],"is_endless":false,"potions_floor_spawned":[4,12,14,16],"ascension_level":10}