{"gold_per_floor":[110,73,73,87,87,117,135,135,162,128,155,155,182,182],"floor_reached":14,"playtime":2413,"items_purged":[],"score":203,"play_id":"12ac3853-675b-4138-84c0-92c34deb5c89","local_time":"20181203025508","is_ascension_mode":true,"campfire_choices":[{"data":"Blade Dance","floor":8,"key":"SMITH"},{"floor":12,"key":"REST"}],"neow_cost":"NONE","seed_source_timestamp":1313854638506795,"circlet_count":0,"master_deck":["AscendersBane","Defend_G","Defend_G","Defend_G","Defend_G","Defend_G","Strike_G","Strike_G","Strike_G","Strike_G","Strike_G","Survivor","Neutralize","Infinite Blades","Accuracy","Footwork","PiercingWail","Blade Dance+1","Terror","Setup","Deflect","Backflip"],"relics":["Ring of the Snake","NeowsBlessing","Vajra","Lantern","Omamori","Dream Catcher","PreservedInsect"],"potions_floor_usage":[11],"damage_taken":[{"damage":0,"enemies":"Cultist","floor":1,"turns":1},{"damage":0,"enemies":"2 Louse","floor":4,"turns":1},{"damage":0,"enemies":"3 Sentries","floor":6,"turns":1},{"damage":0,"enemies":"Jaw Worm","floor":7,"turns":5},{"damage":19,"enemies":"Lagavulin","floor":11,"turns":6},{"damage":29,"enemies":"Gremlin Nob","floor":13,"turns":4},{"damage":0,"enemies":"2 Fungi Beasts","floor":14,"turns":2}],"seed_played":"2809358218774482427","potions_obtained":[{"floor":7,"key":"Poison Potion"},{"floor":13,"key":"Block Potion"}],"is_trial":false,"path_per_floor":["M","$","T","M","$","E","M","R","T","$","E","R","E","M"],"character_chosen":"THE_SILENT","items_purchased":["Accuracy","Terror"],"campfire_rested":1,"item_purchase_floors":[2,10],"current_hp_per_floor":[63,63,63,63,63,63,63,63,63,63,44,65,36,36],"gold":182,"neow_bonus":"THREE_ENEMY_KILL","is_prod":false,"is_daily":false,"chose_seed":false,"campfire_upgraded":1,"win_rate":0,"timestamp":1543802108,"path_taken":["M","$","?","M","$","E","?","R","T","?","E","R","E","M"],"build_version":"2018-11-15","purchased_purges":0,"victory":false,"max_hp_per_floor":[70,70,70,70,70,70,70,70,70,70,70,70,70,70],"card_choices":[{"not_picked":["Prepared","Quick Slash"],"picked":"Infinite Blades","floor":1},{"not_picked":["Flying Knee","Deadly Poison"],"picked":"Footwork","floor":4},{"not_picked":["All Out Attack","Prepared"],"picked":"PiercingWail","floor":6},{"not_picked":["Dagger Spray","Acrobatics"],"picked":"Blade Dance","floor":7},{"not_picked":["Unload","Caltrops"],"picked":"Setup","floor":11},{"not_picked":["Blur","Prepared"],"picked":"Deflect","floor":12},{"not_picked":["Bane","Prepared"],"picked":"Backflip","floor":13}],"player_experience":1559607,"relics_obtained":[{"floor":3,"key":"Vajra"},{"floor":6,"key":"Lantern"},{"floor":9,"key":"Omamori"},{"floor":11,"key":"Dream Catcher"},{"floor":13,"key":"PreservedInsect"}],"event_choices":[],"is_beta":false,"boss_relics":[],"items_purged_floors":[],"is_endless":false,"potions_floor_spawned":[7,13],"killed_by":"2 Fungi Beasts","ascension_level":11}