{"path_per_floor":["M","M","M","M","M","R","E","?","T","M","?","$","R","M","R","B",null,"M","?","M","$","?","R","M","M","T","E","M","E","M","M","R"],"character_chosen":"THE_SILENT","items_purchased":["Bronze Scales","Dodge and Roll","War Paint"],"gold_per_floor":[118,138,152,169,187,187,212,212,237,256,256,86,86,103,103,198,228,240,240,254,109,34,34,52,71,71,106,121,154,170,189,189,189],"floor_reached":33,"campfire_rested":2,"playtime":2508,"current_hp_per_floor":[70,70,70,56,52,52,48,41,41,41,23,23,44,59,59,10,75,75,61,64,64,64,64,64,53,53,46,32,14,14,10,49,0],"items_purged":[],"gold":189,"score":322,"play_id":"804868bd-f19b-4ad9-85fc-5709af050e82","local_time":"20180505235451","is_prod":false,"is_daily":false,"chose_seed":false,"is_ascension_mode":true,"campfire_upgraded":3,"timestamp":1525557291,"path_taken":["M","M","M","M","M","R","E","?","T","M","?","$","R","M","R","BOSS","M","?","M","?","?","R","M","?","T","E","M","E","M","?","R","BOSS"],"build_version":"2018-05-03","seed_source_timestamp":0,"purchased_purges":0,"victory":false,"master_deck":["Defend_G","Defend_G+1","Defend_G+1","Defend_G+1","Strike_G","Strike_G","Strike_G","Strike_G","Survivor","Neutralize+1","Dodge and Roll","Slice","Slice","After Image+1","Heel Hook","Adrenaline","Dash+1","Dodge and Roll","Backflip","Tools of the Trade","Skewer+1","Flying Knee","Quick Slash+1","Sucker Punch","Phantasmal Killer+1","Sucker Punch+1","Backflip+1"],"max_hp_per_floor":[70,70,70,70,70,70,70,70,70,70,70,70,70,70,70,70,75,75,80,80,80,80,80,80,80,80,80,80,80,80,80,80,80],"relics":["Ring of the Snake","Prayer Wheel","Bag of Marbles","Happy Flower","Bronze Scales","Tiny House","War Paint","Toxic Egg 2","Regal Pillow","Molten Egg 2"],"card_choices":[{"not_picked":["Bouncing Flask","Deadly Poison"],"picked":"Dodge and Roll","floor":1.0},{"not_picked":["Expertise","Deadly Poison"],"picked":"Slice","floor":2.0},{"not_picked":["Noxious Fumes","Deflect"],"picked":"Slice","floor":3.0},{"not_picked":["Cloak And Dagger","Underhanded Strike"],"picked":"After Image","floor":4.0},{"not_picked":["Outmaneuver","Poisoned Stab"],"picked":"Heel Hook","floor":5.0},{"not_picked":["Bane","Acrobatics"],"picked":"Adrenaline","floor":7.0},{"not_picked":["Deflect","Footwork"],"picked":"Dash","floor":10.0},{"not_picked":["Quick Slash","Poisoned Stab"],"picked":"Backflip","floor":14},{"not_picked":["Envenom","Burst"],"picked":"Tools of the Trade","floor":16},{"not_picked":["Quick Slash","Poisoned Stab"],"picked":"Skewer","floor":17},{"not_picked":["Cloak And Dagger","Distraction"],"picked":"Flying Knee","floor":18},{"not_picked":["Dagger Spray","Deflect"],"picked":"Quick Slash","floor":20},{"not_picked":["Underhanded Strike","Poisoned Stab"],"picked":"Sucker Punch","floor":26},{"not_picked":["PiercingWail","Outmaneuver"],"picked":"Phantasmal Killer","floor":27},{"not_picked":["Storm of Steel","Backstab"],"picked":"Sucker Punch","floor":30},{"not_picked":["Acrobatics","Endless Agony"],"picked":"Backflip","floor":31}],"player_experience":401310,"potions_floor_usage":[16,20,20,24,27,29,31],"damage_taken":[{"damage":0.0,"enemies":"Jaw Worm","floor":1.0,"turns":8.0},{"damage":0.0,"enemies":"Small Slimes","floor":2.0,"turns":4.0},{"damage":0.0,"enemies":"Cultist","floor":3.0,"turns":3.0},{"damage":14.0,"enemies":"Looter","floor":4.0,"turns":4.0},{"damage":4.0,"enemies":"2 Fungi Beasts","floor":5.0,"turns":5.0},{"damage":4.0,"enemies":"Lagavulin","floor":7.0,"turns":10.0},{"damage":0.0,"enemies":"3 Louse","floor":10.0,"turns":3.0},{"damage":0.0,"enemies":"Large Slime","floor":14.0,"turns":7.0},{"damage":49,"enemies":"Slime Boss","floor":16,"turns":20},{"damage":0,"enemies":"Chosen","floor":18,"turns":5},{"damage":9,"enemies":"Spheric Guardian","floor":20,"turns":5},{"damage":0,"enemies":"3 Cultists","floor":24,"turns":6},{"damage":11,"enemies":"Snake Plant","floor":25,"turns":5},{"damage":7,"enemies":"Book of Stabbing","floor":27,"turns":6},{"damage":14,"enemies":"Centurion and Healer","floor":28,"turns":7},{"damage":18,"enemies":"Slavers","floor":29,"turns":5},{"damage":0,"enemies":"3 Cultists","floor":30,"turns":6},{"damage":16,"enemies":"Cultist and Chosen","floor":31,"turns":6},{"damage":51,"enemies":"Collector","floor":33,"turns":5}],"event_choices":[{"event_name":"Golden Wing","player_choice":"Card Removal","floor":8.0,"damage_taken":0.0},{"event_name":"Scrap Ooze","player_choice":"success","floor":11.0,"damage_taken":18.0},{"event_name":"Forgotten Altar","player_choice":"Shed Blood","floor":19,"damage_taken":0},{"event_name":"Beggar","player_choice":"Gave Gold","floor":22,"damage_taken":0}],"boss_relics":[{"not_picked":["Eternal Feather","Philosopher\u0027s Stone"],"picked":"Tiny House"}],"potions_floor_spawned":[1,5,7,10,18,20,27,30],"seed_played":"-8874729820199745963","killed_by":"Collector","ascension_level":2,"is_trial":false}