{"gold_per_floor":[115,134,134,309,309,309,309,348,348,81,108,147,180,212,224,236],"floor_reached":16,"playtime":6859,"items_purged":["Regret"],"score":200,"play_id":"1cfff43b-e096-45ff-8c30-5e90313f28ac","local_time":"20181113224123","is_ascension_mode":true,"campfire_choices":[{"data":"Genetic Algorithm","floor":6,"key":"SMITH"},{"floor":15,"key":"REST"}],"neow_cost":"NONE","seed_source_timestamp":529764661566882,"circlet_count":0,"master_deck":["AscendersBane","Strike_B","Strike_B","Strike_B","Strike_B","Defend_B","Defend_B","Defend_B","Defend_B","Zap","Dualcast","Genetic Algorithm+1","Static Discharge","Doubt","Ball Lightning","Reinforced Body","Reinforced Body","Glacier","Buffer","Coolheaded"],"relics":["Cracked Core","NeowsBlessing","Art of War","Golden Idol","Boot","Blood Vial","Prayer Wheel","Medical Kit","Anchor","MawBank"],"potions_floor_usage":[16],"damage_taken":[{"damage":0,"enemies":"Cultist","floor":1,"turns":1},{"damage":0,"enemies":"2 Louse","floor":2,"turns":1},{"damage":0,"enemies":"Gremlin Nob","floor":8,"turns":1},{"damage":30,"enemies":"Lagavulin","floor":12,"turns":7},{"damage":0,"enemies":"Small Slimes","floor":13,"turns":3},{"damage":12,"enemies":"3 Louse","floor":14,"turns":5},{"damage":36,"enemies":"Slime Boss","floor":16,"turns":5}],"seed_played":"-3631278146887470657","potions_obtained":[{"floor":1,"key":"LiquidBronze"},{"floor":12,"key":"Energy Potion"},{"floor":14,"key":"GamblersBrew"}],"is_trial":false,"path_per_floor":["M","M","?","?","?","R","?","E","T","$","T","E","M","M","R","B"],"character_chosen":"DEFECT","items_purchased":["Medical Kit"],"campfire_rested":1,"item_purchase_floors":[10],"current_hp_per_floor":[68,68,56,56,56,56,56,56,56,56,56,28,30,20,40,6],"gold":236,"neow_bonus":"THREE_ENEMY_KILL","is_prod":false,"is_daily":false,"chose_seed":false,"campfire_upgraded":1,"win_rate":0,"timestamp":1542145283,"path_taken":["M","M","?","?","?","R","?","E","T","$","?","E","M","M","R","BOSS"],"build_version":"2018-11-08","purchased_purges":1,"victory":false,"max_hp_per_floor":[75,75,75,75,69,69,69,69,69,69,69,69,69,69,69,69],"card_choices":[{"not_picked":["Steam","Compile Driver"],"picked":"Genetic Algorithm","floor":1},{"not_picked":["Streamline","Compile Driver"],"picked":"Static Discharge","floor":2},{"not_picked":["Hologram","Undo"],"picked":"Ball Lightning","floor":8},{"not_picked":["Beam Cell","Redo"],"picked":"Reinforced Body","floor":12},{"not_picked":["Streamline","Rebound"],"picked":"Reinforced Body","floor":13},{"not_picked":["Compile Driver","Go for the Eyes"],"picked":"Glacier","floor":13},{"not_picked":["Fusion","Undo"],"picked":"Buffer","floor":14},{"not_picked":["Go for the Eyes","Barrage"],"picked":"Coolheaded","floor":14}],"player_experience":1195496,"relics_obtained":[{"floor":8,"key":"Blood Vial"},{"floor":9,"key":"Prayer Wheel"},{"floor":11,"key":"Anchor"},{"floor":12,"key":"MawBank"}],"event_choices":[{"damage_healed":0,"gold_gain":0,"player_choice":"Success","damage_taken":12,"relics_obtained":["Art of War"],"max_hp_gain":0,"max_hp_loss":0,"event_name":"Scrap Ooze","floor":3,"gold_loss":0},{"damage_healed":0,"gold_gain":175,"player_choice":"AGREE","damage_taken":0,"max_hp_gain":0,"max_hp_loss":0,"event_name":"Liars Game","floor":4,"gold_loss":0,"cards_obtained":["Doubt"]},{"damage_healed":0,"gold_gain":0,"player_choice":"Lose Max HP","damage_taken":0,"relics_obtained":["Golden Idol"],"max_hp_gain":0,"max_hp_loss":6,"event_name":"Golden Idol","floor":5,"gold_loss":0},{"damage_healed":0,"gold_gain":0,"player_choice":"Box","damage_taken":0,"relics_obtained":["Boot"],"max_hp_gain":0,"max_hp_loss":0,"event_name":"Big Fish","floor":7,"gold_loss":0,"cards_obtained":["Regret"]}],"is_beta":false,"boss_relics":[],"items_purged_floors":[10],"is_endless":false,"potions_floor_spawned":[1,12,14],"killed_by":"Slime Boss","ascension_level":10}