{"path_per_floor":["M","?","?","M","$","E","M","R","T","?","M","R","M","M","R","B",null,"M","?","?","$","?","R","E","R","T","?","?","M","M","M","R","B",null,"M","?","$","M","M"],"character_chosen":"DEFECT","items_purchased":["Self Repair","Glacier","Vajra","FTL","Defragment","Thinking Ahead"],"gold_per_floor":[116,116,116,132,19,53,65,65,92,154,167,167,179,199,199,302,302,313,313,313,130,130,130,165,165,165,165,165,180,193,210,210,308,308,322,322,72,83,96,96],"floor_reached":40,"campfire_rested":1,"playtime":2834,"item_purchase_floors":[],"current_hp_per_floor":[75,75,68,68,68,75,75,75,75,56,51,51,51,53,53,41,67,44,44,44,44,44,44,72,72,72,72,65,66,46,35,72,58,71,52,52,52,43,45,9],"items_purged":[],"gold":96,"score":539,"play_id":"f18b0c4e-70d6-4408-8e8c-a2fd3d4d6e14","local_time":"20180621180101","is_prod":false,"is_daily":false,"chose_seed":false,"is_ascension_mode":true,"campfire_upgraded":5,"win_rate":0,"timestamp":1529596861,"campfire_choices":[{"data":"Consume","floor":8.0,"key":"SMITH"},{"data":"Redo","floor":12.0,"key":"SMITH"},{"data":"Zap","floor":15.0,"key":"SMITH"},{"data":"Dualcast","floor":23.0,"key":"SMITH"},{"data":"Glacier","floor":25.0,"key":"SMITH"},{"floor":32,"key":"REST"}],"path_taken":["M","?","?","M","$","E","M","R","T","?","?","R","M","M","R","BOSS","M","?","?","$","?","R","E","R","T","?","?","M","M","M","R","BOSS","M","?","$","M","?","E"],"build_version":"2018-06-14v2","seed_source_timestamp":689672632615706,"purchased_purges":0,"victory":false,"master_deck":["Strike_B","Strike_B","Strike_B","Defend_B","Defend_B","Defend_B","Zap+1","Dualcast+1","Sunder","Hologram","Self Repair","Glacier+1","Consume+1","Redo+1","Stack","Rebound","Go for the Eyes","Melter","All For One+1","Rebound","FTL","Go for the Eyes+1","Auto Shields","Redo","Rebound","Steam","Stack+1","Defragment","Thinking Ahead","Glacier+1","Redo+1"],"max_hp_per_floor":[75,75,75,75,75,75,75,75,75,75,75,75,75,75,75,75,75,75,75,75,75,75,75,75,75,75,75,75,75,75,75,75,75,75,75,75,75,75,75,75],"special_seed":0,"relics":["Cracked Core","NeowsBlessing","Lantern","Regal Pillow","Potion Belt","Inserter","Vajra","Anchor","Oddly Smooth Stone","White Beast Statue"],"card_choices":[{"not_picked":["Coolheaded","Sweeping Beam"],"picked":"Sunder","floor":1.0},{"not_picked":["Compile Driver","Go for the Eyes"],"picked":"Hologram","floor":4.0},{"not_picked":["Beam Cell","Heatsinks"],"picked":"Consume","floor":6.0},{"not_picked":["Heatsinks","Compile Driver"],"picked":"Redo","floor":7.0},{"not_picked":["Barrage","Gash"],"picked":"Stack","floor":10.0},{"not_picked":["Stack","Darkness"],"picked":"Rebound","floor":11.0},{"not_picked":["Coolheaded","Sweeping Beam"],"picked":"Go for the Eyes","floor":13.0},{"not_picked":["Static Discharge","Hologram"],"picked":"Melter","floor":14.0},{"not_picked":["Rainbow","Seek"],"picked":"All For One","floor":16.0},{"not_picked":["Tempest","Sweeping Beam"],"picked":"Rebound","floor":18.0},{"not_picked":["Chill","Tempest+1"],"picked":"Go for the Eyes+1","floor":24.0},{"not_picked":["Stack","Sweeping Beam"],"picked":"Redo","floor":29},{"not_picked":["Core Surge","Force Field+1"],"picked":"Rebound","floor":30},{"not_picked":["Coolheaded","Capacitor"],"picked":"Steam","floor":31},{"not_picked":["Streamline+1","Compile Driver+1"],"picked":"Stack+1","floor":35},{"not_picked":["Recycle","Hello World+1"],"picked":"Glacier+1","floor":38},{"not_picked":["Compile Driver+1","Streamline"],"picked":"Redo+1","floor":39}],"player_experience":781063,"potions_floor_usage":[33,33,39,39,40,40],"damage_taken":[{"damage":0.0,"enemies":"Jaw Worm","floor":1.0,"turns":1.0},{"damage":0.0,"enemies":"Cultist","floor":4.0,"turns":1.0},{"damage":0.0,"enemies":"3 Sentries","floor":6.0,"turns":2.0},{"damage":4.0,"enemies":"Small Slimes","floor":7.0,"turns":3.0},{"damage":26.0,"enemies":"Lagavulin Event","floor":10.0,"turns":7.0},{"damage":5.0,"enemies":"Exordium Wildlife","floor":11.0,"turns":4.0},{"damage":0.0,"enemies":"Red Slaver","floor":13.0,"turns":3.0},{"damage":5.0,"enemies":"3 Louse","floor":14.0,"turns":2.0},{"damage":19.0,"enemies":"Hexaghost","floor":16.0,"turns":12.0},{"damage":30.0,"enemies":"3 Byrds","floor":18.0,"turns":6.0},{"damage":1.0,"enemies":"Slavers","floor":24.0,"turns":7.0},{"damage":6,"enemies":"Shell Parasite","floor":29,"turns":6},{"damage":20,"enemies":"Snake Plant","floor":30,"turns":3},{"damage":18,"enemies":"Sentry and Sphere","floor":31,"turns":4},{"damage":21,"enemies":"Automaton","floor":33,"turns":13},{"damage":26,"enemies":"3 Shapes","floor":35,"turns":4},{"damage":9,"enemies":"Orb Walker","floor":38,"turns":5},{"damage":20,"enemies":"Maw","floor":39,"turns":11},{"damage":36,"enemies":"2 Orb Walkers","floor":40,"turns":4}],"relics_obtained":[{"floor":6.0,"key":"Lantern"},{"floor":9.0,"key":"Regal Pillow"},{"floor":24.0,"key":"Anchor"},{"floor":26.0,"key":"Oddly Smooth Stone"}],"event_choices":[{"event_name":"Transmorgrifier","player_choice":"Transform","floor":2.0,"damage_taken":0.0},{"event_name":"Wheel of Change","player_choice":"Damage","floor":3.0,"damage_taken":0.0},{"event_name":"Dead Adventurer","player_choice":"Searched \u00272\u0027 times","floor":10.0,"damage_taken":0.0},{"event_name":"The Lab","player_choice":"Got Potions","floor":19.0,"damage_taken":0.0},{"event_name":"Accursed Blacksmith","player_choice":"Forge","floor":20.0,"damage_taken":0.0},{"event_name":"Purifier","player_choice":"One Purge","floor":22.0,"damage_taken":0.0},{"event_name":"The Library","player_choice":"Read","floor":27.0,"damage_taken":0.0},{"event_name":"Wheel of Change","player_choice":"Damage","floor":28.0,"damage_taken":0.0},{"event_name":"Falling","player_choice":"Removed Attack","floor":36,"damage_taken":0}],"boss_relics":[{"not_picked":["Fusion Hammer","Tiny House"],"picked":"Inserter"},{"not_picked":["Busted Crown","Philosopher\u0027s Stone"],"picked":"White Beast Statue"}],"items_purged_floors":[],"is_endless":false,"potions_floor_spawned":[4,7,10,11,18,31,35,38,39],"seed_played":"4071437434830407671","killed_by":"2 Orb Walkers","ascension_level":5,"potions_obtained":[{"floor":4.0,"key":"Ancient Potion"},{"floor":7.0,"key":"Dexterity Potion"},{"floor":10.0,"key":"Poison Potion"},{"floor":11.0,"key":"Block Potion"},{"floor":18.0,"key":"EssenceOfSteel"},{"floor":19.0,"key":"EntropicBrew"},{"floor":19.0,"key":"SpeedPotion"},{"floor":19.0,"key":"Ancient Potion"},{"floor":31,"key":"Regen Potion"},{"floor":35,"key":"SpeedPotion"},{"floor":38,"key":"Dexterity Potion"},{"floor":39,"key":"SteroidPotion"}],"is_trial":false}