{"gold_per_floor":[119,130,130,43,193,220,220,2,81,81,81,81,145,156,156,156],"floor_reached":16,"playtime":313,"items_purged":["Doubt"],"score":262,"play_id":"6b1262e5-e451-4998-a65a-2663ed9ff9b1","local_time":"20181211230417","is_ascension_mode":true,"campfire_choices":[{"data":"Neutralize","floor":7,"key":"SMITH"},{"data":"Infinite Blades","floor":11,"key":"SMITH"},{"data":"Well Laid Plans","floor":15,"key":"SMITH"}],"neow_cost":"NONE","seed_source_timestamp":355913788127011,"circlet_count":0,"master_deck":["AscendersBane","Defend_G","Defend_G","Defend_G","Defend_G","Defend_G","Strike_G","Strike_G","Strike_G","Strike_G","Strike_G","Survivor","Neutralize+1","Infinite Blades+1","Flying Knee","Backstab+1","Dodge and Roll+1","Cloak And Dagger+1","Well Laid Plans+1","Phantasmal Killer+1","PiercingWail+1"],"relics":["Ring of the Snake","NeowsBlessing","Toxic Egg 2","Bag of Preparation","Tiny Chest"],"potions_floor_usage":[16],"damage_taken":[{"damage":0,"enemies":"Small Slimes","floor":1,"turns":1},{"damage":0,"enemies":"2 Louse","floor":2,"turns":1},{"damage":0,"enemies":"Lagavulin","floor":6,"turns":1},{"damage":18,"enemies":"Gremlin Nob","floor":13,"turns":4},{"damage":0,"enemies":"Cultist","floor":14,"turns":3},{"damage":41,"enemies":"Hexaghost","floor":16,"turns":11}],"seed_played":"6311585136885215232","potions_obtained":[{"floor":14,"key":"SteroidPotion"}],"is_trial":false,"path_per_floor":["M","M","?","$","?","E","R","$","T","?","R","T","E","M","R","B"],"character_chosen":"THE_SILENT","items_purchased":["Backstab","Cloak And Dagger+1","Well Laid Plans"],"campfire_rested":0,"item_purchase_floors":[4,8,8],"current_hp_per_floor":[59,59,59,59,59,59,59,59,59,59,59,59,41,41,41,0],"gold":156,"neow_bonus":"THREE_ENEMY_KILL","is_prod":false,"is_daily":false,"chose_seed":false,"campfire_upgraded":3,"win_rate":0,"timestamp":1544587457,"path_taken":["M","M","?","$","?","E","R","$","T","?","R","?","E","M","R","BOSS"],"build_version":"2018-12-10","purchased_purges":1,"victory":false,"max_hp_per_floor":[66,66,66,66,66,66,66,66,66,66,66,66,66,66,66,66],"card_choices":[{"not_picked":["Prepared","Cloak And Dagger"],"picked":"Infinite Blades","floor":1},{"not_picked":["Prepared","PiercingWail"],"picked":"Flying Knee","floor":2},{"not_picked":["Poisoned Stab","Bane"],"picked":"Dodge and Roll","floor":6},{"not_picked":["Prepared+1","Finisher"],"picked":"Phantasmal Killer+1","floor":13},{"not_picked":["Heel Hook","Finisher"],"picked":"PiercingWail+1","floor":14}],"player_experience":1214493,"relics_obtained":[{"floor":6,"key":"Toxic Egg 2"},{"floor":12,"key":"Bag of Preparation"},{"floor":13,"key":"Tiny Chest"}],"event_choices":[{"damage_healed":0,"gold_gain":0,"player_choice":"Leave","damage_taken":0,"max_hp_gain":0,"max_hp_loss":0,"event_name":"The Cleric","floor":3,"gold_loss":0},{"damage_healed":0,"gold_gain":150,"player_choice":"AGREE","damage_taken":0,"max_hp_gain":0,"max_hp_loss":0,"event_name":"Liars Game","floor":5,"gold_loss":0,"cards_obtained":["Doubt"]},{"damage_healed":0,"gold_gain":0,"player_choice":"Grow","damage_taken":0,"max_hp_gain":0,"max_hp_loss":0,"event_name":"Living Wall","floor":10,"gold_loss":0,"cards_upgraded":["Backstab"]}],"is_beta":true,"boss_relics":[],"items_purged_floors":[8],"is_endless":false,"potions_floor_spawned":[14],"killed_by":"Hexaghost","ascension_level":20}