{"gold_per_floor":[110,110,124,193,211,211,237,237,237,265,265,285,315,124,124,199,199,210,229,179,179,199,229,229,258,282,314,314,14,46,46,46,117,117,136,152,152,76,91,91,116,130,130,159,159,159,159,159,159,159,159],"floor_reached":51,"playtime":2287,"items_purged":["Decay"],"score":1754,"play_id":"2e3fee94-e60c-4009-bb26-8d8f185b38de","local_time":"20181029013227","is_ascension_mode":true,"campfire_choices":[{"data":"Predator","floor":6.0,"key":"SMITH"},{"data":"Neutralize","floor":8.0,"key":"SMITH"},{"data":"Dash","floor":11.0,"key":"SMITH"},{"data":"Cloak And Dagger","floor":15.0,"key":"SMITH"},{"floor":24.0,"key":"REST"},{"floor":32.0,"key":"REST"},{"floor":40.0,"key":"REST"},{"floor":45,"key":"REST"},{"floor":47,"key":"REST"},{"floor":49,"key":"REST"}],"neow_cost":"NONE","seed_source_timestamp":660637535769499,"circlet_count":0,"master_deck":["Defend_G","Defend_G","Defend_G","Defend_G","Defend_G","Strike_G","Strike_G","Strike_G","Strike_G","Strike_G","Survivor","Neutralize+1","AscendersBane","Backstab+1","Dodge and Roll","Predator+1","Dash+1","Slice","Cloak And Dagger+1","Escape Plan","Noxious Fumes+1","Dagger Spray","Malaise+1","Backstab","Blur","Dagger Spray+1","Leg Sweep","Finisher+1","Neutralize+1","Cloak And Dagger","Backstab+1","Infinite Blades","Flash of Steel+1","Accuracy+1","Die Die Die+1","Endless Agony+1","Backstab+1","Envenom+1","Cloak And Dagger+1","Panache+1","Trip"],"special_seed":0,"relics":["Ring of the Snake","NeowsBlessing","Pear","Gremlin Horn","Kunai","Thread and Needle","Fusion Hammer","Boot","Molten Egg 2","Ancient Tea Set","Red Mask","Juzu Bracelet","WristBlade","Frozen Egg 2","The Courier","Darkstone Periapt"],"potions_floor_usage":[41,51],"damage_taken":[{"damage":0.0,"enemies":"Cultist","floor":1.0,"turns":1.0},{"damage":0.0,"enemies":"Small Slimes","floor":3.0,"turns":1.0},{"damage":0.0,"enemies":"2 Louse","floor":5.0,"turns":1.0},{"damage":8.0,"enemies":"Gremlin Nob","floor":7.0,"turns":3.0},{"damage":27.0,"enemies":"Lagavulin","floor":10.0,"turns":6.0},{"damage":7.0,"enemies":"Large Slime","floor":12.0,"turns":4.0},{"damage":9.0,"enemies":"Gremlin Nob","floor":13.0,"turns":4.0},{"damage":0.0,"enemies":"Hexaghost","floor":16.0,"turns":11.0},{"damage":3.0,"enemies":"Shell Parasite","floor":18.0,"turns":5.0},{"damage":3.0,"enemies":"Chosen","floor":19.0,"turns":6.0},{"damage":0.0,"enemies":"3 Cultists","floor":22.0,"turns":6.0},{"damage":5.0,"enemies":"Book of Stabbing","floor":23.0,"turns":7.0},{"damage":23.0,"enemies":"Gremlin Leader","floor":25.0,"turns":10.0},{"damage":1.0,"enemies":"Masked Bandits","floor":27.0,"turns":4.0},{"damage":15.0,"enemies":"Book of Stabbing","floor":30.0,"turns":4.0},{"damage":0.0,"enemies":"Automaton","floor":33.0,"turns":10.0},{"damage":1.0,"enemies":"3 Shapes","floor":35.0,"turns":7.0},{"damage":0.0,"enemies":"Orb Walker","floor":36.0,"turns":2.0},{"damage":5.0,"enemies":"3 Darklings","floor":39.0,"turns":3.0},{"damage":49,"enemies":"Giant Head","floor":41,"turns":10},{"damage":0,"enemies":"Jaw Worm Horde","floor":42,"turns":1},{"damage":0,"enemies":"Reptomancer","floor":44,"turns":4},{"damage":46,"enemies":"Awakened One","floor":50,"turns":17},{"damage":28,"enemies":"Time Eater","floor":51,"turns":4}],"seed_played":"1019649288330530636","potions_obtained":[{"floor":1.0,"key":"Explosive Potion"},{"floor":16.0,"key":"Fire Potion"},{"floor":19.0,"key":"Swift Potion"},{"floor":27.0,"key":"Block Potion"},{"floor":30.0,"key":"Energy Potion"},{"floor":33.0,"key":"SteroidPotion"},{"floor":41,"key":"Ancient Potion"}],"is_trial":false,"path_per_floor":["M","?","M","?","M","R","E","R","T","E","R","M","E","$","R","B",null,"M","M","?","?","M","E","R","E","T","?","?","$","E","$","R","B",null,"M","M","?","$","M","R","E","M","T","E","R","?","R","?","R","B"],"character_chosen":"THE_SILENT","items_purchased":["SpeedPotion","Noxious Fumes","Dagger Spray","Backstab+1","Infinite Blades","Flash of Steel+1","Backstab+1"],"campfire_rested":6,"item_purchase_floors":[14,14,14,29,29,29,38],"current_hp_per_floor":[59,59,59,59,59,59,61,61,61,34,34,27,18,18,18,18,62,59,56,56,56,56,51,73,50,50,49,49,49,34,34,56,56,71,70,70,70,70,65,76,27,27,27,27,49,39,61,61,72,26,0],"gold":159,"neow_bonus":"THREE_ENEMY_KILL","is_prod":false,"is_daily":false,"chose_seed":false,"campfire_upgraded":4,"win_rate":0,"timestamp":1540791147,"path_taken":["M","?","M","?","M","R","E","R","T","E","R","M","E","$","R","BOSS","M","M","?","?","?","E","R","E","T","?","?","$","E","?","R","BOSS","M","M","?","$","M","R","E","M","T","E","R","?","R","?","R","BOSS","BOSS"],"build_version":"2018-10-25v2","purchased_purges":1,"victory":false,"max_hp_per_floor":[66,66,66,66,66,66,76,76,76,76,76,76,76,76,76,76,76,76,76,76,76,76,76,76,76,76,76,76,76,76,76,76,76,76,76,76,76,76,76,76,76,76,76,76,76,76,76,72,72,72,72],"card_choices":[{"not_picked":["Flechettes","Poisoned Stab"],"picked":"Backstab","floor":1.0},{"not_picked":["Deflect","Tactician"],"picked":"Dodge and Roll","floor":3.0},{"not_picked":["Bane","Crippling Poison"],"picked":"Predator","floor":5.0},{"not_picked":["Masterful Stab","Venomology"],"picked":"Dash","floor":7.0},{"not_picked":["Acrobatics","Distraction"],"picked":"Slice","floor":10.0},{"not_picked":["Acrobatics","Poisoned Stab"],"picked":"Cloak And Dagger","floor":12.0},{"not_picked":["Prepared","Bane"],"picked":"Escape Plan","floor":13.0},{"not_picked":["Unload","Burst"],"picked":"Malaise","floor":16.0},{"not_picked":["Calculated Gamble","Masterful Stab"],"picked":"Backstab","floor":18.0},{"not_picked":["Dagger Spray","Expertise","Slice"],"picked":"SKIP","floor":19.0},{"not_picked":["Deflect","Underhanded Strike","Dagger Throw"],"picked":"SKIP","floor":22.0},{"not_picked":["Reflex","Terror"],"picked":"Blur","floor":23.0},{"not_picked":["Crippling Poison","Flying Knee"],"picked":"Dagger Spray+1","floor":25.0},{"not_picked":["Well Laid Plans","Dodge and Roll"],"picked":"Leg Sweep","floor":27.0},{"not_picked":["Quick Slash+1","Slice+1"],"picked":"Accuracy+1","floor":30.0},{"not_picked":["Doppelganger","Storm of Steel"],"picked":"Die Die Die+1","floor":33.0},{"not_picked":["Caltrops","Noxious Fumes"],"picked":"Endless Agony+1","floor":35.0},{"not_picked":["Quick Slash+1","Deflect","Expertise"],"picked":"SKIP","floor":36.0},{"not_picked":["Outmaneuver","Poisoned Stab+1","Setup+1"],"picked":"SKIP","floor":39.0},{"not_picked":["Terror","Expertise"],"picked":"Envenom","floor":41},{"not_picked":["Reflex","Predator+1"],"picked":"Cloak And Dagger+1","floor":42},{"not_picked":["Deadly Poison","Prepared","Dagger Spray+1"],"picked":"SKIP","floor":44},{"not_picked":["Mind Blast+1","Blind"],"picked":"Panache+1","floor":46},{"not_picked":["Secret Weapon","Panacea"],"picked":"Trip","floor":46}],"player_experience":1100789,"relics_obtained":[{"floor":7.0,"key":"Pear"},{"floor":9.0,"key":"Gremlin Horn"},{"floor":10.0,"key":"Kunai"},{"floor":13.0,"key":"Thread and Needle"},{"floor":23.0,"key":"Boot"},{"floor":25.0,"key":"Molten Egg 2"},{"floor":26.0,"key":"Ancient Tea Set"},{"floor":27.0,"key":"Red Mask"},{"floor":30.0,"key":"Juzu Bracelet"},{"floor":41,"key":"Frozen Egg 2"},{"floor":43,"key":"The Courier"},{"floor":44,"key":"Darkstone Periapt"}],"event_choices":[{"damage_healed":0.0,"max_hp_gain":0.0,"max_hp_loss":0.0,"gold_gain":0.0,"event_name":"Upgrade Shrine","player_choice":"Upgraded","floor":2.0,"gold_loss":0.0,"damage_taken":0.0,"cards_upgraded":["Backstab"]},{"damage_healed":0.0,"max_hp_gain":0.0,"max_hp_loss":0.0,"gold_gain":69.0,"event_name":"Golden Wing","player_choice":"Gained Gold","floor":4.0,"gold_loss":0.0,"damage_taken":0.0},{"damage_healed":0.0,"max_hp_gain":0.0,"max_hp_loss":0.0,"gold_gain":0.0,"event_name":"Designer","player_choice":"Upgrade","floor":20.0,"gold_loss":50.0,"damage_taken":0.0,"cards_upgraded":["Malaise"]},{"damage_healed":0.0,"max_hp_gain":0.0,"max_hp_loss":0.0,"gold_gain":0.0,"event_name":"Wheel of Change","player_choice":"Cursed","floor":21.0,"gold_loss":0.0,"damage_taken":0.0,"cards_obtained":["Decay"]},{"damage_healed":0.0,"max_hp_gain":0.0,"max_hp_loss":0.0,"gold_gain":0.0,"event_name":"Masked Bandits","player_choice":"Fought Bandits","floor":27.0,"gold_loss":0.0,"damage_taken":0.0},{"damage_healed":0.0,"max_hp_gain":0.0,"max_hp_loss":0.0,"gold_gain":0.0,"event_name":"Match and Keep!","player_choice":"3 cards matched","floor":28.0,"gold_loss":0.0,"damage_taken":0.0,"cards_obtained":["Finisher","Neutralize","Cloak And Dagger"]},{"damage_healed":0.0,"max_hp_gain":0.0,"max_hp_loss":0.0,"gold_gain":0.0,"event_name":"Upgrade Shrine","player_choice":"Upgraded","floor":37.0,"gold_loss":0.0,"damage_taken":0.0,"cards_upgraded":["Noxious Fumes"]},{"damage_healed":0,"gold_gain":0,"player_choice":"Memory 3","damage_taken":10,"max_hp_gain":0,"max_hp_loss":0,"event_name":"SensoryStone","floor":46,"gold_loss":0},{"damage_healed":0,"gold_gain":0,"player_choice":"Max HP","damage_taken":0,"max_hp_gain":0,"max_hp_loss":4,"event_name":"Winding Halls","floor":48,"gold_loss":0}],"is_beta":false,"boss_relics":[{"not_picked":["Philosopher\u0027s Stone","Velvet Choker"],"picked":"Fusion Hammer"},{"not_picked":["Cursed Key","Lizard Tail"],"picked":"WristBlade"}],"items_purged_floors":[29],"is_endless":false,"potions_floor_spawned":[1,16,19,27,30,33,39,41],"killed_by":"Time Eater","ascension_level":20}