{"gold_per_floor":[409,409,254,274,274,304,317,333,333,333,361,611,786,184,184,284,284,299,31,43,56,56,56],"floor_reached":23,"playtime":919,"items_purged":["Regret","Doubt"],"score":274,"play_id":"6eb38724-3652-497e-b006-db444281e860","local_time":"20180625153632","is_ascension_mode":true,"campfire_choices":[{"floor":10.0,"key":"REST"},{"floor":15.0,"key":"REST"}],"neow_cost":"","seed_source_timestamp":0,"circlet_count":0,"master_deck":["Strike_B","Strike_B","Strike_B","Strike_B","Defend_B+1","Defend_B","Defend_B+1","Zap+1","Dualcast","Auto Shields","Defragment","Rebound","Ball Lightning","Doom and Gloom","Seek","Lockon","Hologram","Fission","Static Discharge+1","Rebound","Defragment","Stack","Decay"],"special_seed":0,"relics":["Cracked Core","Old Coin","Oddly Smooth Stone","Potion Belt","Letter Opener","Bottled Lightning","Bag of Preparation","Cables","Black Star","War Paint"],"potions_floor_usage":[23,23],"damage_taken":[{"damage":2.0,"enemies":"2 Louse","floor":1.0,"turns":2.0},{"damage":6.0,"enemies":"Small Slimes","floor":4.0,"turns":4.0},{"damage":15.0,"enemies":"3 Sentries","floor":6.0,"turns":6.0},{"damage":1.0,"enemies":"Jaw Worm","floor":7.0,"turns":4.0},{"damage":6.0,"enemies":"3 Louse","floor":8.0,"turns":2.0},{"damage":26.0,"enemies":"Gremlin Nob","floor":11.0,"turns":4.0},{"damage":32,"enemies":"The Guardian","floor":16,"turns":7},{"damage":15,"enemies":"2 Thieves","floor":18,"turns":3},{"damage":7,"enemies":"Spheric Guardian","floor":20,"turns":3},{"damage":14,"enemies":"Snake Plant","floor":21,"turns":4},{"damage":0,"enemies":"Slavers","floor":23,"turns":1}],"seed_played":"2744040026365944099","potions_obtained":[{"floor":1.0,"key":"LiquidBronze"},{"floor":6.0,"key":"SteroidPotion"},{"floor":7.0,"key":"GamblersBrew"},{"floor":8.0,"key":"Dexterity Potion"},{"floor":16,"key":"Dexterity Potion"},{"floor":20,"key":"SkillPotion"}],"is_trial":false,"path_per_floor":["M","?","$","M","?","E","M","M","T","R","E","?","?","$","R","B",null,"M","$","M","M","?"],"character_chosen":"DEFECT","items_purchased":["Oddly Smooth Stone","Bag of Preparation","Cables","Lockon","Hologram","Rebound","War Paint"],"campfire_rested":2,"item_purchase_floors":[],"current_hp_per_floor":[66,66,66,60,53,38,37,31,31,51,25,25,25,25,45,13,54,39,39,32,18,18,18],"gold":56,"neow_bonus":"","is_prod":false,"is_daily":false,"chose_seed":false,"campfire_upgraded":0,"win_rate":0,"timestamp":1529933792,"path_taken":["M","?","$","M","?","E","M","?","T","R","E","?","?","$","R","BOSS","M","$","M","M","?","E"],"build_version":"2018-06-21v2","purchased_purges":2,"victory":false,"max_hp_per_floor":[68,68,68,68,68,68,68,68,68,68,68,68,68,68,68,68,68,68,68,68,68,68,68],"card_choices":[{"not_picked":["Conserve Battery","Ball Lightning"],"picked":"Auto Shields","floor":1.0},{"not_picked":["Self Repair","Turbo"],"picked":"Defragment","floor":4.0},{"not_picked":["Barrage","Aggregate"],"picked":"Rebound","floor":6.0},{"not_picked":["Beam Cell","Sunder"],"picked":"Ball Lightning","floor":7.0},{"not_picked":["Undo","Leap"],"picked":"Doom and Gloom","floor":8.0},{"not_picked":["Force Field","Meteor Strike"],"picked":"Seek","floor":11.0},{"not_picked":["Amplify","Buffer"],"picked":"Fission","floor":16},{"not_picked":["Cold Snap","Storm"],"picked":"Static Discharge+1","floor":18},{"not_picked":["Gash+1","Rebound"],"picked":"Defragment","floor":20},{"not_picked":["Genetic Algorithm","Gash"],"picked":"Stack","floor":21}],"player_experience":785710,"relics_obtained":[{"floor":6.0,"key":"Potion Belt"},{"floor":9.0,"key":"Letter Opener"},{"floor":11.0,"key":"Bottled Lightning"}],"event_choices":[{"event_name":"Living Wall","player_choice":"Grow","floor":2.0,"damage_taken":0.0},{"event_name":"Golden Wing","player_choice":"Card Removal","floor":5.0,"damage_taken":0.0},{"event_name":"Golden Shrine","player_choice":"Desecrate","floor":12.0,"damage_taken":0.0},{"event_name":"Liars Game","player_choice":"agreed","floor":13.0,"damage_taken":0.0},{"event_name":"Forgotten Altar","player_choice":"Smashed Altar","floor":22,"damage_taken":0}],"boss_relics":[{"not_picked":["Snecko Eye","Ectoplasm"],"picked":"Black Star"}],"items_purged_floors":[],"is_endless":false,"potions_floor_spawned":[1,6,7,8,16,20],"killed_by":"Slavers","ascension_level":5}