{"gold_per_floor":[119,132,34,34,46,71,71,98,125,125,136,136],"floor_reached":12,"playtime":399,"items_purged":["Shame"],"score":164,"play_id":"d4b3ee98-d384-460f-964c-77ac9edeecbb","local_time":"20180831143353","is_ascension_mode":true,"campfire_choices":[{"data":"Cloak And Dagger","floor":7,"key":"SMITH"},{"floor":10,"key":"REST"}],"neow_cost":"CURSE","seed_source_timestamp":852476485028322,"circlet_count":0,"master_deck":["Defend_G","Defend_G","Defend_G","Defend_G","Strike_G","Strike_G","Strike_G","Survivor","Neutralize","Accuracy","Underhanded Strike","Reflex","Deflect","Underhanded Strike","Corpse Explosion","Cloak And Dagger+1","Caltrops","Infinite Blades","Dodge and Roll"],"special_seed":0,"relics":["Ring of the Snake","Lantern","Strawberry","Juzu Bracelet"],"potions_floor_usage":[6,6],"damage_taken":[{"damage":1.0,"enemies":"2 Louse","floor":1.0,"turns":3.0},{"damage":6.0,"enemies":"Cultist","floor":2.0,"turns":6.0},{"damage":0.0,"enemies":"Jaw Worm","floor":5.0,"turns":3.0},{"damage":0,"enemies":"3 Sentries","floor":6,"turns":3},{"damage":46,"enemies":"Lagavulin","floor":8,"turns":7},{"damage":3,"enemies":"Lots of Slimes","floor":11,"turns":2},{"damage":35,"enemies":"Gremlin Nob","floor":12,"turns":5}],"seed_played":"1288583976833096740","potions_obtained":[{"floor":2.0,"key":"Swift Potion"},{"floor":5.0,"key":"SkillPotion"},{"floor":8,"key":"Ancient Potion"}],"is_trial":false,"path_per_floor":["M","M","$","?","M","E","R","E","T","R","M"],"character_chosen":"THE_SILENT","items_purchased":["Underhanded Strike"],"campfire_rested":1,"item_purchase_floors":[3],"current_hp_per_floor":[62,56,56,56,56,56,56,17,17,40,37,2],"gold":136,"neow_bonus":"TRANSFORM_TWO_CARDS","is_prod":false,"is_daily":false,"chose_seed":false,"campfire_upgraded":1,"win_rate":0,"timestamp":1535718833,"path_taken":["M","M","$","?","M","E","R","E","T","R","M","E"],"build_version":"2018-08-30","purchased_purges":1,"victory":false,"max_hp_per_floor":[70,70,70,70,70,70,70,77,77,77,77,77],"card_choices":[{"not_picked":["Underhanded Strike","Caltrops"],"picked":"Reflex","floor":1.0},{"not_picked":["Bane","Outmaneuver"],"picked":"Deflect","floor":2.0},{"not_picked":["Predator","Deadly Poison"],"picked":"Cloak And Dagger","floor":5.0},{"not_picked":["Phantasmal Killer","Bane"],"picked":"Caltrops","floor":6},{"not_picked":["Finisher","Underhanded Strike"],"picked":"Infinite Blades","floor":8},{"not_picked":["Underhanded Strike","Slice"],"picked":"Dodge and Roll","floor":11}],"player_experience":941898,"relics_obtained":[{"floor":6,"key":"Lantern"},{"floor":8,"key":"Strawberry"},{"floor":9,"key":"Juzu Bracelet"}],"event_choices":[{"event_name":"Transmorgrifier","player_choice":"Transform","floor":4.0,"damage_taken":0.0}],"is_beta":false,"boss_relics":[],"items_purged_floors":[3],"is_endless":false,"potions_floor_spawned":[2,5,8],"killed_by":"Gremlin Nob","ascension_level":9}