{"gold_per_floor":[111,111,86,86,98,98,173,207,207,207,226,226,259,276,276],"floor_reached":15,"playtime":282,"items_purged":[],"score":230,"play_id":"4e3d7d4a-7b23-4b47-b15d-2bdfdcc8833b","local_time":"20190121124945","is_ascension_mode":true,"campfire_choices":[{"data":"Footwork","floor":6,"key":"SMITH"},{"floor":12,"key":"REST"}],"neow_cost":"NONE","seed_source_timestamp":988905605715708,"circlet_count":0,"master_deck":["AscendersBane","Defend_G","Defend_G","Defend_G","Defend_G","Defend_G","Strike_G","Strike_G+1","Strike_G+1","Strike_G","Strike_G","Survivor","Neutralize","Underhanded Strike","PiercingWail","Footwork+1","Distraction","Well Laid Plans","Escape Plan","Setup"],"relics":["Ring of the Snake","NeowsBlessing","Boot","Peace Pipe","Paper Crane","Pear","Strawberry"],"potions_floor_usage":[13,13],"damage_taken":[{"damage":0,"enemies":"Jaw Worm","floor":1,"turns":1},{"damage":0,"enemies":"2 Louse","floor":5,"turns":1},{"damage":0,"enemies":"Gremlin Nob","floor":8,"turns":1},{"damage":0,"enemies":"Cultist","floor":11,"turns":5},{"damage":17,"enemies":"3 Sentries","floor":13,"turns":11},{"damage":0,"enemies":"Looter","floor":14,"turns":4}],"seed_played":"6278493042536089494","potions_obtained":[{"floor":5,"key":"Poison Potion"},{"floor":11,"key":"FearPotion"},{"floor":13,"key":"Dexterity Potion"},{"floor":14,"key":"Ancient Potion"}],"is_trial":false,"path_per_floor":["M","?","$","?","M","R","?","E","T","T","M","R","E","M","R"],"character_chosen":"THE_SILENT","items_purchased":["PiercingWail"],"campfire_rested":1,"item_purchase_floors":[3],"current_hp_per_floor":[63,49,49,46,46,46,35,35,35,45,45,69,59,59,59],"gold":276,"neow_bonus":"THREE_ENEMY_KILL","is_prod":false,"is_daily":false,"chose_seed":false,"campfire_upgraded":1,"win_rate":0,"timestamp":1548071385,"path_taken":["M","?","$","?","M","R","?","E","T","?","?","R","E","M","R"],"build_version":"2019-01-17v2","purchased_purges":0,"victory":false,"max_hp_per_floor":[70,70,70,70,70,70,70,70,70,80,80,80,87,87,87],"card_choices":[{"not_picked":["Backflip","PiercingWail"],"picked":"Underhanded Strike","floor":1},{"not_picked":["Dodge and Roll","Noxious Fumes"],"picked":"Footwork","floor":5},{"not_picked":["Wraith Form v2","Acrobatics"],"picked":"Distraction","floor":8},{"not_picked":["Sucker Punch","Eviscerate"],"picked":"Well Laid Plans","floor":11},{"not_picked":["Flechettes","Dodge and Roll"],"picked":"Escape Plan","floor":13},{"not_picked":["Concentrate","Well Laid Plans"],"picked":"Setup","floor":14}],"player_experience":2011134,"relics_obtained":[{"floor":8,"key":"Peace Pipe"},{"floor":9,"key":"Paper Crane"},{"floor":10,"key":"Pear"},{"floor":13,"key":"Strawberry"}],"event_choices":[{"damage_healed":0,"gold_gain":0,"player_choice":"Entered Light","damage_taken":14,"max_hp_gain":0,"max_hp_loss":0,"event_name":"Shining Light","floor":2,"gold_loss":0,"cards_upgraded":["Strike_G","Strike_G"]},{"damage_healed":0,"gold_gain":0,"player_choice":"Success","damage_taken":3,"relics_obtained":["Boot"],"max_hp_gain":0,"max_hp_loss":0,"event_name":"Scrap Ooze","floor":4,"gold_loss":0},{"damage_healed":0,"gold_gain":75,"player_choice":"Gather Gold","damage_taken":11,"max_hp_gain":0,"max_hp_loss":0,"event_name":"World of Goop","floor":7,"gold_loss":0}],"is_beta":false,"boss_relics":[],"items_purged_floors":[],"is_endless":false,"potions_floor_spawned":[5,11,13,14],"ascension_level":12}