{"path_per_floor":["M","$","?","M","M","R","E","$","T","M","M","R","M","M","R","B",null,"M","$","?","M","M","R","E","R","T","M","E","?","M","M","R"],"character_chosen":"DEFECT","items_purchased":["Rip and Tear","Capacitor","Static Discharge"],"gold_per_floor":[115,76,76,89,106,106,134,64,64,64,84,84,97,108,108,213,213,231,193,193,205,220,220,251,251,304,320,350,350,367,387,387,387],"floor_reached":33,"campfire_rested":3,"playtime":1652,"item_purchase_floors":[],"current_hp_per_floor":[75,75,42,42,42,42,31,31,31,31,14,38,41,47,47,28,80,62,62,62,64,38,70,73,80,80,77,46,38,38,3,37,0],"items_purged":[],"gold":387,"score":349,"play_id":"26cc5c67-5223-4993-9339-59302dcf394f","local_time":"20180616173551","is_prod":false,"is_daily":false,"chose_seed":false,"is_ascension_mode":true,"campfire_upgraded":3,"win_rate":0,"timestamp":1529163351,"campfire_choices":[{"data":"Dualcast","floor":6.0,"key":"SMITH"},{"floor":12.0,"key":"REST"},{"data":"Defragment","floor":15.0,"key":"SMITH"},{"floor":23.0,"key":"REST"},{"data":"Electrodynamics","floor":25,"key":"SMITH"},{"floor":32,"key":"REST"}],"path_taken":["M","$","?","M","M","R","E","?","T","M","M","R","M","M","R","BOSS","M","?","?","M","M","R","E","R","T","?","E","?","M","M","R","BOSS"],"build_version":"2018-06-14v2","seed_source_timestamp":257445995960988,"purchased_purges":0,"victory":false,"master_deck":["Strike_B","Strike_B","Strike_B","Strike_B","Defend_B","Defend_B","Defend_B","Defend_B","Zap+1","Dualcast+1","Defragment+1","Rip and Tear","Storm","Rebound","Coolheaded","Capacitor","BootSequence","Chill","Compile Driver","Electrodynamics+1","Blizzard","Static Discharge","Barrage","Heatsinks+1","Ball Lightning+1","Capacitor","Sweeping Beam+1","Seek"],"max_hp_per_floor":[75,75,75,75,75,75,80,80,80,80,80,80,80,80,80,80,80,80,80,80,80,80,80,80,80,80,80,80,80,80,80,80,80],"special_seed":0,"relics":["Cracked Core","Bird Faced Urn","Matryoshka","Potion Belt","Gremlin Horn","Eternal Feather","Mummified Hand","Tiny Chest","Boot","Turnip"],"card_choices":[{"not_picked":["Leap","Coolheaded"],"picked":"Defragment","floor":1.0},{"not_picked":["Redo","Steam"],"picked":"Storm","floor":4.0},{"not_picked":["Steam","Leap"],"picked":"Rebound","floor":5.0},{"not_picked":["Go for the Eyes","Skim"],"picked":"Coolheaded","floor":7.0},{"not_picked":["Coolheaded","Skim"],"picked":"BootSequence","floor":11.0},{"not_picked":["Leap","Thunder Strike"],"picked":"Chill","floor":13.0},{"not_picked":["Steam","Hologram"],"picked":"Compile Driver","floor":14.0},{"not_picked":["Core Surge","All For One"],"picked":"Electrodynamics","floor":16.0},{"not_picked":["Steam","Barrage"],"picked":"Blizzard","floor":18.0},{"not_picked":["Skim","Gash"],"picked":"Barrage","floor":21.0},{"not_picked":["Multi-Cast","Sweeping Beam+1"],"picked":"Heatsinks+1","floor":22.0},{"not_picked":["Thunder Strike","Compile Driver"],"picked":"Ball Lightning+1","floor":24},{"not_picked":["Conserve Battery","Static Discharge"],"picked":"Capacitor","floor":27},{"not_picked":["Lockon+1","Hologram"],"picked":"Sweeping Beam+1","floor":28},{"not_picked":["Go for the Eyes","Tempest","Sweeping Beam"],"picked":"SKIP","floor":30},{"not_picked":["Ball Lightning","Go for the Eyes+1"],"picked":"Seek","floor":31}],"player_experience":698459,"potions_floor_usage":[24,28],"damage_taken":[{"damage":0.0,"enemies":"Small Slimes","floor":1.0,"turns":3.0},{"damage":0.0,"enemies":"2 Louse","floor":4.0,"turns":2.0},{"damage":2.0,"enemies":"Jaw Worm","floor":5.0,"turns":2.0},{"damage":20.0,"enemies":"Lagavulin","floor":7.0,"turns":6.0},{"damage":0.0,"enemies":"Exordium Thugs","floor":10.0,"turns":1.0},{"damage":21.0,"enemies":"Lots of Slimes","floor":11.0,"turns":2.0},{"damage":3.0,"enemies":"Blue Slaver","floor":13.0,"turns":3.0},{"damage":0.0,"enemies":"Exordium Wildlife","floor":14.0,"turns":4.0},{"damage":25.0,"enemies":"Hexaghost","floor":16.0,"turns":9.0},{"damage":24.0,"enemies":"Shell Parasite","floor":18.0,"turns":5.0},{"damage":2.0,"enemies":"3 Byrds","floor":21.0,"turns":1.0},{"damage":38.0,"enemies":"Slaver and Parasite","floor":22.0,"turns":5.0},{"damage":9,"enemies":"Gremlin Leader","floor":24,"turns":4},{"damage":9,"enemies":"Cultist and Chosen","floor":27,"turns":5},{"damage":42,"enemies":"Book of Stabbing","floor":28,"turns":5},{"damage":12,"enemies":"Centurion and Healer","floor":30,"turns":5},{"damage":39,"enemies":"Snake Plant","floor":31,"turns":4},{"damage":74,"enemies":"Champ","floor":33,"turns":8}],"relics_obtained":[{"floor":7.0,"key":"Matryoshka"},{"floor":9.0,"key":"Potion Belt"},{"floor":9.0,"key":"Gremlin Horn"},{"floor":24,"key":"Mummified Hand"},{"floor":26,"key":"Tiny Chest"},{"floor":26,"key":"Boot"},{"floor":28,"key":"Turnip"}],"event_choices":[{"event_name":"Scrap Ooze","player_choice":"success","floor":3.0,"damage_taken":33.0},{"event_name":"Drug Dealer","player_choice":"Ignored","floor":20.0,"damage_taken":0.0},{"event_name":"Wheel of Change","player_choice":"Damage","floor":29,"damage_taken":0}],"boss_relics":[{"not_picked":["Lizard Tail","Coffee Dripper"],"picked":"Eternal Feather"}],"items_purged_floors":[],"is_endless":false,"potions_floor_spawned":[4,5,10,14,16,21,22],"seed_played":"2423899827674740755","killed_by":"Champ","ascension_level":4,"potions_obtained":[{"floor":4.0,"key":"Fruit Juice"},{"floor":5.0,"key":"SmokeBomb"},{"floor":14.0,"key":"Block Potion"},{"floor":16.0,"key":"PowerPotion"},{"floor":21.0,"key":"Fire Potion"},{"floor":22.0,"key":"SpeedPotion"}],"is_trial":false}