{"gold_per_floor":[113,27,202,162,172,201,17,44,44,73,84,84,45,28,28,133,133,148,423,441,461,479,479,479],"floor_reached":24,"playtime":755,"items_purged":["Doubt"],"score":374,"play_id":"9e1f7723-5097-4afa-b9e3-e820c245d907","local_time":"20190110101844","is_ascension_mode":true,"campfire_choices":[{"data":"Rampage","floor":15,"key":"SMITH"},{"data":"Spot Weakness","floor":23,"key":"SMITH"}],"neow_cost":"NONE","seed_source_timestamp":28960549226137,"circlet_count":0,"master_deck":["AscendersBane","Strike_R","Strike_R","Strike_R","Strike_R","Strike_R","Defend_R","Defend_R","Defend_R","Defend_R","Bash","Thunderclap","Madness","Flame Barrier","Iron Wave","Warcry","Good Instincts","Cleave","Rampage+1","Shrug It Off","Intimidate","Metallicize","Double Tap","Thunderclap+1","Regret","Cleave","Spot Weakness+1","Pommel Strike"],"relics":["Black Blood","NeowsBlessing","Mercury Hourglass","Mango","Meat on the Bone","Regal Pillow","Pen Nib"],"potions_floor_usage":[8,8,10,22,24],"damage_taken":[{"damage":0,"enemies":"Cultist","floor":1,"turns":1},{"damage":0,"enemies":"Jaw Worm","floor":5,"turns":1},{"damage":0,"enemies":"Lagavulin","floor":6,"turns":1},{"damage":25,"enemies":"Gremlin Nob","floor":8,"turns":5},{"damage":47,"enemies":"Lagavulin","floor":10,"turns":8},{"damage":0,"enemies":"Small Slimes","floor":11,"turns":2},{"damage":5,"enemies":"Exordium Thugs","floor":14,"turns":4},{"damage":43,"enemies":"The Guardian","floor":16,"turns":15},{"damage":44,"enemies":"Shell Parasite","floor":18,"turns":9},{"damage":5,"enemies":"3 Byrds","floor":20,"turns":4},{"damage":21,"enemies":"3 Cultists","floor":21,"turns":4},{"damage":30,"enemies":"Centurion and Healer","floor":22,"turns":7},{"damage":69,"enemies":"Gremlin Leader","floor":24,"turns":6}],"seed_played":"-6064881977885520961","potions_obtained":[{"floor":4,"key":"EssenceOfSteel"},{"floor":4,"key":"FearPotion"},{"floor":8,"key":"EssenceOfSteel"},{"floor":10,"key":"Swift Potion"},{"floor":11,"key":"BloodPotion"}],"is_trial":false,"path_per_floor":["M","$","?","?","M","E","$","E","T","E","M","?","$","M","R","B",null,"M","?","M","M","M","R","E"],"character_chosen":"IRONCLAD","items_purchased":["Madness","Warcry","Good Instincts","Intimidate"],"campfire_rested":0,"item_purchase_floors":[2,7,7,13],"current_hp_per_floor":[78,78,78,78,80,80,80,75,75,46,64,57,57,58,58,33,79,57,57,62,63,64,64,0],"gold":479,"neow_bonus":"THREE_ENEMY_KILL","is_prod":false,"is_daily":false,"chose_seed":false,"campfire_upgraded":2,"win_rate":0,"timestamp":1547111924,"path_taken":["M","$","?","?","?","E","$","E","T","E","M","?","?","M","R","BOSS","M","?","?","?","M","R","E"],"build_version":"2019-01-03v4","purchased_purges":1,"victory":false,"max_hp_per_floor":[80,80,80,80,80,80,80,94,94,94,94,94,94,94,94,94,94,94,94,94,94,94,94,94],"card_choices":[{"not_picked":["Clash","Perfected Strike"],"picked":"Thunderclap","floor":1},{"not_picked":["Evolve","Body Slam"],"picked":"Flame Barrier","floor":5},{"not_picked":["Headbutt","Sentinel"],"picked":"Iron Wave","floor":6},{"not_picked":["Havoc","Uppercut"],"picked":"Cleave","floor":8},{"not_picked":["Cleave","Dropkick"],"picked":"Rampage","floor":10},{"not_picked":["Pummel","Clothesline"],"picked":"Shrug It Off","floor":11},{"not_picked":["Clash","Iron Wave"],"picked":"Metallicize","floor":14},{"not_picked":["Juggernaut","Barricade"],"picked":"Double Tap","floor":16},{"not_picked":["Anger","Iron Wave"],"picked":"Thunderclap+1","floor":18},{"not_picked":["Sword Boomerang","Rupture+1"],"picked":"Cleave","floor":20},{"not_picked":["Uppercut","Searing Blow"],"picked":"Spot Weakness","floor":21},{"not_picked":["Searing Blow","Anger+1"],"picked":"Pommel Strike","floor":22}],"player_experience":1931942,"relics_obtained":[{"floor":6,"key":"Mercury Hourglass"},{"floor":8,"key":"Mango"},{"floor":9,"key":"Meat on the Bone"},{"floor":10,"key":"Regal Pillow"}],"event_choices":[{"damage_healed":0,"gold_gain":175,"player_choice":"AGREE","damage_taken":0,"max_hp_gain":0,"max_hp_loss":0,"event_name":"Liars Game","floor":3,"gold_loss":0,"cards_obtained":["Doubt"]},{"damage_healed":0,"gold_gain":0,"player_choice":"Bought 3 Potions","damage_taken":0,"max_hp_gain":0,"max_hp_loss":0,"event_name":"The Woman in Blue","floor":4,"gold_loss":0},{"damage_healed":0,"gold_gain":0,"player_choice":"Success","damage_taken":7,"relics_obtained":["Pen Nib"],"max_hp_gain":0,"max_hp_loss":0,"event_name":"Scrap Ooze","floor":12,"gold_loss":0},{"damage_healed":0,"gold_gain":275,"player_choice":"Desecrate","damage_taken":0,"max_hp_gain":0,"max_hp_loss":0,"event_name":"Golden Shrine","floor":19,"gold_loss":0,"cards_obtained":["Regret"]}],"is_beta":false,"boss_relics":[{"not_picked":["Ectoplasm","Sozu"],"picked":"Black Blood"}],"items_purged_floors":[7],"is_endless":false,"potions_floor_spawned":[8,10,11,18,21],"killed_by":"Gremlin Leader","ascension_level":11}