{"gold_per_floor":[110,124,274,274,274,274,302,319,396,396,427,427,92,107,107,185,185,201,251,351,351,147,158,158],"floor_reached":24,"playtime":661,"items_purged":["Doubt","Strike_B"],"score":454,"play_id":"0fa5280e-13db-46f2-9c2a-2c9e435dd6a3","local_time":"20181218165820","is_ascension_mode":true,"campfire_choices":[{"data":"Streamline","floor":6.0,"key":"SMITH"},{"data":"Fission","floor":10.0,"key":"SMITH"},{"data":"Zap","floor":12.0,"key":"SMITH"},{"floor":15.0,"key":"RECALL"}],"neow_cost":"NONE","seed_source_timestamp":62137132014421,"circlet_count":0,"master_deck":["AscendersBane","Strike_B","Strike_B","Strike_B","Defend_B","Defend_B+1","Defend_B+1","Defend_B","Zap+1","Dualcast+1","Hologram+1","Streamline+1","Cold Snap","Fission+1","Defragment+1","Ball Lightning","Mayhem+1","Conserve Battery","Electrodynamics+1","Ball Lightning","Genetic Algorithm+1","Defragment+1","Loop+1"],"special_seed":0,"relics":["Cracked Core","NeowsBlessing","War Paint","Omamori","Ornamental Fan","Frozen Egg 2","Cursed Key","StoneCalendar","The Courier"],"potions_floor_usage":[20,24],"damage_taken":[{"damage":0.0,"enemies":"2 Louse","floor":1.0,"turns":1.0},{"damage":0.0,"enemies":"Jaw Worm","floor":2.0,"turns":1.0},{"damage":0.0,"enemies":"Gremlin Nob","floor":7.0,"turns":1.0},{"damage":0.0,"enemies":"Cultist","floor":8.0,"turns":2.0},{"damage":15.0,"enemies":"3 Sentries","floor":11.0,"turns":9.0},{"damage":0.0,"enemies":"3 Louse","floor":14.0,"turns":3.0},{"damage":12,"enemies":"Hexaghost","floor":16,"turns":8},{"damage":0,"enemies":"Chosen","floor":18,"turns":3},{"damage":20,"enemies":"Colosseum Slavers","floor":20,"turns":2},{"damage":15,"enemies":"Colosseum Nobs","floor":20,"turns":3},{"damage":17,"enemies":"Shell Parasite","floor":23,"turns":4},{"damage":13,"enemies":"Book of Stabbing","floor":24,"turns":2}],"seed_played":"-5008109169365302637","potions_obtained":[{"floor":8.0,"key":"FairyPotion"},{"floor":11.0,"key":"Block Potion"},{"floor":14.0,"key":"FocusPotion"},{"floor":20,"key":"Energy Potion"},{"floor":23,"key":"PowerPotion"}],"is_trial":false,"path_per_floor":["M","M","?","?","?","R","E","M","T","R","E","R","$","M","R","B",null,"M","?","?","?","$","M","E"],"character_chosen":"DEFECT","items_purchased":["Ball Lightning","Mayhem+1","Defragment+1","Loop+1"],"campfire_rested":0,"item_purchase_floors":[13,13,22,22],"current_hp_per_floor":[64,64,64,43,43,43,43,43,43,43,28,28,28,28,28,16,57,57,57,22,22,22,5,0],"gold":158,"neow_bonus":"THREE_ENEMY_KILL","is_prod":false,"is_daily":false,"chose_seed":false,"campfire_upgraded":3,"win_rate":0,"timestamp":1545170300,"path_taken":["M","M","?","?","?","R","E","M","T","R","E","R","$","?","R","BOSS","M","?","?","?","$","M","E"],"build_version":"2018-12-17","purchased_purges":2,"victory":false,"max_hp_per_floor":[71,71,71,71,71,71,71,71,71,71,71,71,71,71,71,71,71,71,71,71,71,71,71,71],"card_choices":[{"not_picked":["Coolheaded","Leap"],"picked":"Hologram","floor":1.0},{"not_picked":["Go for the Eyes","Compile Driver"],"picked":"Streamline","floor":2.0},{"not_picked":["Lockon","Static Discharge"],"picked":"Cold Snap","floor":7.0},{"not_picked":["Steam","Heatsinks"],"picked":"Fission","floor":8.0},{"not_picked":["Reinforced Body","Streamline"],"picked":"Defragment","floor":11.0},{"not_picked":["Stack","Sweeping Beam"],"picked":"Conserve Battery","floor":14.0},{"not_picked":["All For One","Reboot"],"picked":"Electrodynamics+1","floor":16},{"not_picked":["Rebound","Barrage"],"picked":"Ball Lightning","floor":18},{"not_picked":["Gash","Sweeping Beam"],"picked":"Genetic Algorithm+1","floor":20},{"not_picked":["Hologram","Leap","Beam Cell"],"picked":"SKIP","floor":23}],"player_experience":1267748,"relics_obtained":[{"floor":5.0,"key":"War Paint"},{"floor":7.0,"key":"Omamori"},{"floor":9.0,"key":"Ornamental Fan"},{"floor":11.0,"key":"Frozen Egg 2"},{"floor":20,"key":"StoneCalendar"},{"floor":20,"key":"The Courier"}],"event_choices":[{"damage_healed":0.0,"max_hp_gain":0.0,"max_hp_loss":0.0,"gold_gain":150.0,"event_name":"Liars Game","player_choice":"AGREE","floor":3.0,"gold_loss":0.0,"damage_taken":0.0,"cards_obtained":["Doubt"]},{"damage_healed":0.0,"max_hp_gain":0.0,"max_hp_loss":0.0,"gold_gain":0.0,"event_name":"Shining Light","player_choice":"Entered Light","floor":4.0,"gold_loss":0.0,"damage_taken":21.0,"cards_upgraded":["Dualcast","Defend_B"]},{"damage_healed":0.0,"max_hp_gain":0.0,"max_hp_loss":0.0,"gold_gain":0.0,"event_name":"Wheel of Change","player_choice":"Relic","floor":5.0,"gold_loss":0.0,"damage_taken":0.0},{"damage_healed":0,"gold_gain":50,"player_choice":"Stole From Cult","damage_taken":0,"max_hp_gain":0,"max_hp_loss":0,"event_name":"Nest","floor":19,"gold_loss":0},{"damage_healed":0,"gold_gain":0,"player_choice":"Fight","damage_taken":0,"max_hp_gain":0,"max_hp_loss":0,"event_name":"Colosseum","floor":20,"gold_loss":0},{"damage_healed":0,"gold_gain":0,"player_choice":"Fought Nobs","damage_taken":0,"max_hp_gain":0,"max_hp_loss":0,"event_name":"Colosseum","floor":20,"gold_loss":0},{"damage_healed":0,"gold_gain":0,"player_choice":"Smashed Altar","damage_taken":0,"max_hp_gain":0,"max_hp_loss":0,"event_name":"Forgotten Altar","floor":21,"gold_loss":0,"cards_obtained":["Decay"]}],"is_beta":true,"boss_relics":[{"not_picked":["Astrolabe","Lizard Tail"],"picked":"Cursed Key"}],"items_purged_floors":[13,22],"is_endless":false,"potions_floor_spawned":[8,11,14,20,23],"killed_by":"Book of Stabbing","ascension_level":20}