{"gold_per_floor":[116,127,138,155,43,75,75,75,75,88,88,19,19,48,48,143,143,162,162,172,190,115,115],"floor_reached":23,"playtime":1511,"items_purged":["Parasite"],"score":306,"play_id":"d9a43cf7-6746-4d8a-98df-2e1382c742a6","local_time":"20180820164359","is_ascension_mode":true,"campfire_choices":[{"floor":7,"key":"REST"},{"floor":11,"key":"REST"},{"data":"Zap","floor":15,"key":"SMITH"}],"neow_cost":"CURSE","seed_source_timestamp":501641055583697,"circlet_count":0,"master_deck":["Defend_B","Defend_B","Defend_B","Zap+1","Dualcast","Rainbow","Sweeping Beam","Consume","Undo","Leap","White Noise+1","Turbo","BootSequence","Core Surge","Parasite","Doom and Gloom","Electrodynamics","BootSequence","Bite","Bite","Bite","Bite","Bite","Glacier","Hologram"],"relics":["Cracked Core","Incense Burner","Thread and Needle","Du-Vu Doll","Black Star"],"potions_floor_usage":[14,23],"damage_taken":[{"damage":1,"enemies":"Cultist","floor":1,"turns":3},{"damage":6,"enemies":"2 Louse","floor":2,"turns":3},{"damage":7,"enemies":"Jaw Worm","floor":3,"turns":3},{"damage":19,"enemies":"Exordium Wildlife","floor":4,"turns":4},{"damage":32,"enemies":"3 Sentries","floor":6,"turns":8},{"damage":0,"enemies":"Large Slime","floor":10,"turns":5},{"damage":19,"enemies":"Gremlin Nob","floor":14,"turns":6},{"damage":26,"enemies":"Slime Boss","floor":16,"turns":12},{"damage":15,"enemies":"Spheric Guardian","floor":18,"turns":4},{"damage":14,"enemies":"2 Thieves","floor":20,"turns":4},{"damage":16,"enemies":"3 Cultists","floor":21,"turns":6},{"damage":39,"enemies":"Slavers","floor":23,"turns":6}],"seed_played":"2748004426074150504","potions_obtained":[{"floor":6,"key":"Ancient Potion"},{"floor":10,"key":"EssenceOfSteel"}],"is_trial":false,"path_per_floor":["M","M","M","M","$","E","R","?","T","M","R","$","?","E","R","B",null,"M","?","M","M","?"],"character_chosen":"DEFECT","items_purchased":["White Noise","Core Surge"],"campfire_rested":2,"item_purchase_floors":[5,12],"current_hp_per_floor":[67,61,54,35,35,3,24,24,24,24,45,45,63,44,44,18,59,44,44,34,28,28,0],"gold":115,"neow_bonus":"THREE_RARE_CARDS","is_prod":false,"is_daily":false,"chose_seed":false,"campfire_upgraded":1,"win_rate":0,"timestamp":1534776239,"path_taken":["M","?","M","M","?","E","R","?","T","M","R","?","?","E","R","BOSS","M","?","M","M","?","E"],"build_version":"2018-08-16","purchased_purges":1,"victory":false,"max_hp_per_floor":[75,75,75,75,72,72,72,72,72,72,72,72,72,72,72,72,72,72,50,50,50,50,50],"card_choices":[{"not_picked":["Seek","All For One"],"picked":"Rainbow","floor":0},{"not_picked":["Stack","Static Discharge"],"picked":"Sweeping Beam","floor":1},{"not_picked":["Go for the Eyes","Turbo"],"picked":"Consume","floor":2},{"not_picked":["Chill","Stack"],"picked":"Undo","floor":3},{"not_picked":["Rebound","Compile Driver"],"picked":"Leap","floor":4},{"not_picked":["Ball Lightning","Streamline"],"picked":"Turbo","floor":6},{"not_picked":["Stack","Hologram"],"picked":"BootSequence","floor":10},{"not_picked":["Scrape","Melter"],"picked":"Doom and Gloom","floor":14},{"not_picked":["Machine Learning","Core Surge"],"picked":"Electrodynamics","floor":16},{"not_picked":["Streamline","Steam"],"picked":"BootSequence","floor":18},{"not_picked":["Stack","Compile Driver"],"picked":"Glacier","floor":20},{"not_picked":["Self Repair","Rebound"],"picked":"Hologram","floor":21}],"player_experience":914808,"relics_obtained":[{"floor":6,"key":"Incense Burner"},{"floor":9,"key":"Thread and Needle"},{"floor":14,"key":"Du-Vu Doll"}],"event_choices":[{"event_name":"Living Wall","player_choice":"Grow","floor":8,"damage_taken":0},{"event_name":"Mushrooms","player_choice":"Healed and dodged fight","floor":13,"damage_taken":0},{"event_name":"Vampires","player_choice":"Became a vampire","floor":19,"damage_taken":0},{"event_name":"Beggar","player_choice":"Gave Gold","floor":22,"damage_taken":0}],"is_beta":false,"boss_relics":[{"not_picked":["Tiny House","Busted Crown"],"picked":"Black Star"}],"items_purged_floors":[5],"is_endless":false,"potions_floor_spawned":[6,10],"killed_by":"Slavers","ascension_level":8}