{"gold_per_floor":[117,137,62,62,62,62,93,58,58,74,74,92,53,53,53,172,172,160,160,85,85,85,85,85,17,17,32,32],"floor_reached":28,"playtime":1120,"items_purged":["Defend_R"],"score":339,"play_id":"12842331-6ee9-40a2-9848-cdb9353fce40","local_time":"20190123204710","is_ascension_mode":true,"campfire_choices":[{"floor":6,"key":"REST"},{"data":"Defend_R","floor":11,"key":"PURGE"},{"data":"Strike_R","floor":15,"key":"PURGE"},{"data":"Strike_R","floor":23,"key":"PURGE"}],"neow_cost":"NONE","seed_source_timestamp":12961727887720864,"circlet_count":0,"master_deck":["AscendersBane","Strike_R","Defend_R","Bash","Anger","Metallicize","Iron Wave","Armaments","Dropkick","Burning Pact","Seeing Red","Second Wind","Feed","Rampage","Dropkick+1"],"relics":["Burning Blood","Bloody Idol","Ornamental Fan","Peace Pipe","Bottled Tornado","Empty Cage","Enchiridion","Molten Egg 2"],"potions_floor_usage":[7,16,27,28,28],"damage_taken":[{"damage":5,"enemies":"Small Slimes","floor":1,"turns":3},{"damage":12,"enemies":"Jaw Worm","floor":2,"turns":3},{"damage":9,"enemies":"Gremlin Nob","floor":7,"turns":4},{"damage":6,"enemies":"Cultist","floor":10,"turns":4},{"damage":11,"enemies":"Red Slaver","floor":12,"turns":3},{"damage":49,"enemies":"Hexaghost","floor":16,"turns":11},{"damage":24,"enemies":"2 Thieves","floor":18,"turns":4},{"damage":24,"enemies":"Shell Parasite","floor":27,"turns":5},{"damage":29,"enemies":"3 Cultists","floor":28,"turns":4}],"seed_played":"1788787089311781350","potions_obtained":[{"floor":1,"key":"PowerPotion"},{"floor":7,"key":"Dexterity Potion"},{"floor":12,"key":"Energy Potion"},{"floor":18,"key":"Weak Potion"},{"floor":27,"key":"SkillPotion"}],"is_trial":false,"path_per_floor":["?","?","$","M","T","?","?","?","$"],"character_chosen":"IRONCLAD","items_purchased":["Dropkick","Second Wind","Rampage"],"campfire_rested":1,"item_purchase_floors":[8,13,25],"current_hp_per_floor":[73,67,67,72,51,76,73,73,73,73,73,68,68,68,68,25,70,52,36,36,36,36,36,36,36,36,26,0],"gold":32,"neow_bonus":"THREE_CARDS","is_prod":false,"is_daily":false,"chose_seed":false,"campfire_upgraded":0,"win_rate":0,"timestamp":1548272830,"path_taken":["M","M","$","?","?","R","E","?","T","M","R","?","$","?","R","BOSS","M","?","?","$","?","R","?","$","T","M","M"],"build_version":"2019-01-23","purchased_purges":1,"victory":false,"max_hp_per_floor":[80,80,80,85,85,85,85,85,85,85,85,85,85,85,85,85,85,85,85,85,85,85,85,85,85,85,88,88],"card_choices":[{"not_picked":["Perfected Strike","Warcry"],"picked":"Anger","floor":0},{"not_picked":["Body Slam","Wild Strike"],"picked":"Metallicize","floor":1},{"not_picked":["Warcry","Pommel Strike"],"picked":"Iron Wave","floor":2},{"not_picked":["Feel No Pain","Whirlwind"],"picked":"Armaments","floor":7},{"not_picked":["Flex","Clothesline"],"picked":"Burning Pact","floor":10},{"not_picked":["Metallicize","Clothesline"],"picked":"Seeing Red","floor":12},{"not_picked":["Limit Break","Exhume"],"picked":"Feed","floor":16},{"not_picked":["Whirlwind","True Grit","Body Slam"],"picked":"SKIP","floor":18},{"not_picked":["Headbutt+1","Pummel+1"],"picked":"Dropkick+1","floor":27}],"player_experience":304663,"relics_obtained":[{"floor":7,"key":"Ornamental Fan"},{"floor":9,"key":"Peace Pipe"},{"floor":14,"key":"Bottled Tornado"},{"floor":19,"key":"Enchiridion"},{"floor":26,"key":"Molten Egg 2"}],"event_choices":[{"damage_healed":0,"gold_gain":0,"player_choice":"Donut","damage_taken":0,"max_hp_gain":5,"max_hp_loss":0,"event_name":"Big Fish","floor":4,"gold_loss":0},{"damage_healed":0,"gold_gain":0,"player_choice":"Take Damage","damage_taken":21,"relics_obtained":["Golden Idol"],"max_hp_gain":0,"max_hp_loss":0,"event_name":"Golden Idol","floor":5,"gold_loss":0},{"damage_healed":0,"gold_gain":0,"player_choice":"Obtained Book","damage_taken":16,"max_hp_gain":0,"max_hp_loss":0,"event_name":"Cursed Tome","floor":19,"gold_loss":0},{"cards_removed":["Strike_R"],"damage_healed":0,"gold_gain":0,"player_choice":"Gave Gold","damage_taken":0,"max_hp_gain":0,"max_hp_loss":0,"event_name":"Beggar","floor":20,"gold_loss":75},{"damage_healed":0,"gold_gain":0,"player_choice":"Gave Idol","damage_taken":0,"relics_obtained":["Bloody Idol"],"max_hp_gain":0,"max_hp_loss":0,"event_name":"Forgotten Altar","floor":22,"relics_lost":["Golden Idol"],"gold_loss":0}],"is_beta":false,"boss_relics":[{"not_picked":["Sozu","Runic Cube"],"picked":"Empty Cage"}],"items_purged_floors":[3],"is_endless":false,"potions_floor_spawned":[1,7,12,18,27],"killed_by":"3 Cultists","ascension_level":12}