{"path_per_floor":["M","$","M","?","M","E","R","M","T","E","R","M","E","M","R","B",null,"M","$","M","M","?","E","R"],"character_chosen":"IRONCLAD","items_purchased":["Wild Strike","Shuriken"],"gold_per_floor":[116,94,114,84,104,132,132,152,177,205,205,216,247,264,264,364,364,374,130,141,159,74,100,100,100],"floor_reached":25,"campfire_rested":2,"playtime":793,"current_hp_per_floor":[80,80,80,80,80,54,54,60,60,43,43,44,24,32,58,24,73,69,69,61,43,43,12,39,22],"items_purged":[],"gold":100,"score":304,"play_id":"2d7a282a-cf28-4a79-9453-8e9485eb48ff","local_time":"20180523113557","is_prod":false,"is_daily":false,"chose_seed":false,"is_ascension_mode":true,"campfire_upgraded":2,"timestamp":1527068157,"campfire_choices":[{"data":"Wild Strike","floor":7.0,"key":"SMITH"},{"data":"Armaments","floor":11,"key":"SMITH"},{"floor":15,"key":"REST"},{"floor":24,"key":"REST"}],"path_taken":["M","$","M","?","M","E","R","M","T","E","R","M","E","M","R","BOSS","M","?","M","M","?","E","R","E"],"build_version":"2018-05-17","seed_source_timestamp":0,"purchased_purges":0,"victory":false,"master_deck":["Strike_R","Strike_R","Strike_R","Strike_R","Strike_R","Defend_R","Defend_R","Defend_R","Defend_R","Bash+1","Dropkick+1","Wild Strike+1","Thunderclap","Intimidate","Flex","Pommel Strike","Armaments+1","Battle Trance","Offering","Shrug It Off","Anger","Seeing Red"],"max_hp_per_floor":[80,80,80,80,80,85,85,85,85,85,85,85,87,89,89,89,89,89,89,89,89,89,91,91,91],"relics":["Burning Blood","NeowsBlessing","Whetstone","Oddly Smooth Stone","Singing Bowl","Dodecahedron","Black Star","Shuriken","Happy Flower","Potion Belt","Bag of Preparation"],"card_choices":[{"not_picked":["Anger","Flex"],"picked":"Dropkick","floor":1.0},{"not_picked":["Headbutt","Twin Strike"],"picked":"Thunderclap","floor":3.0},{"not_picked":["Clothesline","Havoc"],"picked":"Intimidate","floor":5.0},{"not_picked":["Feel No Pain","Rampage"],"picked":"Flex","floor":6.0},{"not_picked":["Sword Boomerang","Pummel"],"picked":"Pommel Strike","floor":8.0},{"not_picked":["Clash","Perfected Strike"],"picked":"Armaments","floor":10},{"not_picked":["Pummel","Demon Form"],"picked":"Battle Trance","floor":12},{"not_picked":["Pummel","Anger","Sword Boomerang"],"picked":"Singing Bowl","floor":13},{"not_picked":["True Grit","Armaments","Flex"],"picked":"Singing Bowl","floor":14},{"not_picked":["Dark Embrace","Fiend Fire"],"picked":"Offering","floor":16},{"not_picked":["Combust","Pommel Strike"],"picked":"Shrug It Off","floor":18},{"not_picked":["Clash","Perfected Strike"],"picked":"Anger","floor":20},{"not_picked":["Heavy Blade","Havoc"],"picked":"Seeing Red","floor":21},{"not_picked":["Clothesline","Perfected Strike","Sword Boomerang"],"picked":"Singing Bowl","floor":23}],"player_experience":504679,"potions_floor_usage":[10,16,16,21],"damage_taken":[{"damage":0.0,"enemies":"Cultist","floor":1.0,"turns":1.0},{"damage":0.0,"enemies":"Jaw Worm","floor":3.0,"turns":1.0},{"damage":0.0,"enemies":"2 Louse","floor":5.0,"turns":1.0},{"damage":37.0,"enemies":"Gremlin Nob","floor":6.0,"turns":5.0},{"damage":0.0,"enemies":"2 Fungi Beasts","floor":8.0,"turns":2.0},{"damage":23,"enemies":"Lagavulin","floor":10,"turns":5},{"damage":5,"enemies":"Looter","floor":12,"turns":3},{"damage":28,"enemies":"Gremlin Nob","floor":13,"turns":4},{"damage":0,"enemies":"Large Slime","floor":14,"turns":4},{"damage":40,"enemies":"Hexaghost","floor":16,"turns":10},{"damage":10,"enemies":"Chosen","floor":18,"turns":3},{"damage":14,"enemies":"Shell Parasite","floor":20,"turns":3},{"damage":24,"enemies":"3 Cultists","floor":21,"turns":5},{"damage":39,"enemies":"Book of Stabbing","floor":23,"turns":5},{"damage":17,"enemies":"Slavers","floor":25,"turns":3}],"relics_obtained":[{"floor":6.0,"key":"Whetstone"},{"floor":9,"key":"Oddly Smooth Stone"},{"floor":10,"key":"Singing Bowl"},{"floor":13,"key":"Dodecahedron"},{"floor":23,"key":"Potion Belt"},{"floor":23,"key":"Bag of Preparation"}],"event_choices":[{"event_name":"The Woman in Blue","player_choice":"Bought 2 Potions","floor":4.0,"damage_taken":0.0},{"event_name":"Addict","player_choice":"Obtained Relic","floor":22,"damage_taken":0}],"boss_relics":[{"not_picked":["Lizard Tail","Runic Pyramid"],"picked":"Black Star"}],"potions_floor_spawned":[1,8,13,14,18,20],"seed_played":"667482194671356991","killed_by":"Slavers","ascension_level":5,"potions_obtained":[{"floor":1.0,"key":"SkillPotion"},{"floor":4.0,"key":"Fruit Juice"},{"floor":4.0,"key":"Ancient Potion"},{"floor":8.0,"key":"SpeedPotion"},{"floor":13,"key":"SpeedPotion"},{"floor":14,"key":"SpeedPotion"},{"floor":18,"key":"Fire Potion"},{"floor":20,"key":"SmokeBomb"}],"is_trial":false}