{"gold_per_floor":[111,111,125,150,106,106,132,144,179,210,249,279,315,337,349,462,474,504,516,547,559,670,682,271,271,271,271,300,320,320,376,376,376],"floor_reached":33,"playtime":1828,"items_purged":["Writhe"],"score":425,"play_id":"909f5385-7dc2-49f5-93f8-0d74f2f4d6f9","local_time":"20180818192920","is_ascension_mode":true,"campfire_choices":[{"data":"Predator","floor":6.0,"key":"SMITH"},{"data":"Acrobatics","floor":8.0,"key":"SMITH"},{"floor":15,"key":"REST"},{"floor":23,"key":"REST"},{"floor":27,"key":"REST"},{"floor":30,"key":"REST"},{"floor":32,"key":"REST"}],"neow_cost":"NONE","seed_source_timestamp":338427295058455,"circlet_count":0,"master_deck":["Defend_G","Defend_G","Defend_G","Defend_G","Defend_G","Strike_G","Strike_G","Strike_G","Strike_G","Strike_G","Survivor","Neutralize","Predator+1","Flying Knee","Acrobatics+1","Leg Sweep","Quick Slash","Leg Sweep","PiercingWail","A Thousand Cuts","Dagger Spray","Distraction","Quick Slash","Expertise","Heel Hook","PiercingWail","Forethought","Impatience","Distraction","Well Laid Plans","PiercingWail","Reflex","Footwork","Dash+1"],"special_seed":0,"relics":["HoveringKite","Pen Nib","Bag of Preparation","MawBank","Bag of Marbles","Bronze Scales","Orrery","Singing Bowl","Bottled Flame","Nilry\u0027s Codex","Smiling Mask","Art of War","Tiny Chest"],"potions_floor_usage":[16,28,28,29,31,33,33],"damage_taken":[{"damage":7.0,"enemies":"Small Slimes","floor":1.0,"turns":3.0},{"damage":0.0,"enemies":"Jaw Worm","floor":3.0,"turns":3.0},{"damage":10.0,"enemies":"Gremlin Nob","floor":7.0,"turns":3.0},{"damage":0.0,"enemies":"Cultist","floor":10.0,"turns":1.0},{"damage":20.0,"enemies":"3 Sentries","floor":11.0,"turns":9.0},{"damage":0.0,"enemies":"Exordium Wildlife","floor":12.0,"turns":4.0},{"damage":0.0,"enemies":"Looter","floor":13.0,"turns":3.0},{"damage":0,"enemies":"Blue Slaver","floor":14,"turns":2},{"damage":5,"enemies":"The Guardian","floor":16,"turns":11},{"damage":5,"enemies":"Spheric Guardian","floor":18,"turns":3},{"damage":0,"enemies":"3 Byrds","floor":20,"turns":3},{"damage":9,"enemies":"Book of Stabbing","floor":28,"turns":7},{"damage":27,"enemies":"Cultist and Chosen","floor":29,"turns":9},{"damage":8,"enemies":"Gremlin Leader","floor":31,"turns":7},{"damage":54,"enemies":"Collector","floor":33,"turns":6}],"seed_played":"193814378170752038","potions_obtained":[{"floor":7.0,"key":"PowerPotion"},{"floor":10.0,"key":"Weak Potion"},{"floor":12.0,"key":"Energy Potion"},{"floor":13,"key":"EssenceOfSteel"},{"floor":16,"key":"EssenceOfSteel"},{"floor":28,"key":"Weak Potion"},{"floor":31,"key":"AttackPotion"}],"is_trial":false,"path_per_floor":["M","?","M","T","?","R","E","R","T","M","E","M","M","M","R","B",null,"M","?","M","?","?","R","$","?","T","R","E","M","R","E","R"],"character_chosen":"THE_SILENT","items_purchased":["Bottled Flame","Well Laid Plans","PiercingWail"],"campfire_rested":5,"item_purchase_floors":[24,24,24],"current_hp_per_floor":[56,53,53,53,53,53,43,43,43,43,23,23,23,23,44,39,62,57,36,36,36,36,57,57,41,41,62,53,26,47,39,60,6],"gold":376,"neow_bonus":"BOSS_RELIC","is_prod":false,"is_daily":false,"chose_seed":false,"campfire_upgraded":2,"win_rate":0,"timestamp":1534613360,"path_taken":["M","?","M","?","?","R","E","R","T","M","E","M","M","M","R","BOSS","M","?","M","?","?","R","$","?","T","R","E","?","R","E","R","BOSS"],"build_version":"2018-08-16","purchased_purges":1,"victory":false,"max_hp_per_floor":[70,70,70,70,70,70,70,70,70,70,70,70,70,70,70,70,70,70,70,70,70,70,70,70,70,70,70,70,70,70,70,70,70],"card_choices":[{"not_picked":["Poisoned Stab","PiercingWail"],"picked":"Predator","floor":1.0},{"not_picked":["Infinite Blades","Slice"],"picked":"Flying Knee","floor":3.0},{"not_picked":["Deflect","PiercingWail"],"picked":"Acrobatics","floor":7.0},{"not_picked":["Blade Dance","Flying Knee"],"picked":"Leg Sweep","floor":10.0},{"not_picked":["Noxious Fumes","Masterful Stab","All Out Attack"],"picked":"SKIP","floor":11.0},{"not_picked":["Prepared","Backflip"],"picked":"Quick Slash","floor":12.0},{"not_picked":["Flying Knee","Bane"],"picked":"Leg Sweep","floor":13},{"not_picked":["Blade Dance","Bane"],"picked":"PiercingWail","floor":14},{"not_picked":["Glass Knife","Unload"],"picked":"A Thousand Cuts","floor":16},{"not_picked":["Flying Knee","Crippling Poison"],"picked":"Dagger Spray","floor":17},{"not_picked":["Masterful Stab","Cloak And Dagger"],"picked":"Distraction","floor":17},{"not_picked":["Tactician","Dodge and Roll"],"picked":"Quick Slash","floor":17},{"not_picked":["Leg Sweep","Deflect"],"picked":"Expertise","floor":17},{"not_picked":["Flying Knee","Dagger Spray"],"picked":"Heel Hook","floor":17},{"not_picked":["Endless Agony","Finisher"],"picked":"PiercingWail","floor":18},{"not_picked":["Flying Knee","Crippling Poison"],"picked":"Distraction","floor":20},{"not_picked":["Flying Knee","Caltrops"],"picked":"Reflex","floor":28},{"not_picked":["Deflect","Quick Slash"],"picked":"Footwork","floor":29},{"not_picked":["Crippling Poison","Heel Hook+1"],"picked":"Dash+1","floor":31}],"player_experience":890872,"relics_obtained":[{"floor":4.0,"key":"Bag of Preparation"},{"floor":7.0,"key":"MawBank"},{"floor":9.0,"key":"Bag of Marbles"},{"floor":11.0,"key":"Bronze Scales"},{"floor":25,"key":"Nilry\u0027s Codex"},{"floor":26,"key":"Smiling Mask"},{"floor":28,"key":"Art of War"},{"floor":31,"key":"Tiny Chest"}],"event_choices":[{"event_name":"Scrap Ooze","player_choice":"success","floor":2.0,"damage_taken":3.0},{"event_name":"World of Goop","player_choice":"Left","floor":5.0,"damage_taken":0.0},{"event_name":"Knowing Skull","player_choice":"CARD CARD ","floor":19,"damage_taken":0},{"event_name":"The Mausoleum","player_choice":"Yes","floor":21,"damage_taken":0},{"event_name":"Nest","player_choice":"Stole From Cult","floor":22,"damage_taken":0},{"event_name":"Cursed Tome","player_choice":"Obtained Book","floor":25,"damage_taken":0}],"is_beta":false,"boss_relics":[{"not_picked":["Sozu","Eternal Feather"],"picked":"Orrery"}],"items_purged_floors":[24],"is_endless":false,"potions_floor_spawned":[7,10,12,13,16,28,31],"killed_by":"Collector","ascension_level":9}