{"gold_per_floor":[12,12,87,105,105,105,118,154,154,167,167,191,204,229,229,355,355,370,389,389,413,431,472,112,146,146,170,170,184,204,248,248,369,369,383,92,217,217,217,217,261,286,363,407,407,431,466,466,466,466,466,466,35,74,74],"floor_reached":56,"playtime":15356,"items_purged":["Strike_R","Strike_R","Defend_R"],"score":1349,"play_id":"aaea77de-7aee-4321-9c0b-64e227a01e40","local_time":"20190110222032","is_ascension_mode":false,"campfire_choices":[{"data":"Whirlwind","floor":6.0,"key":"SMITH"},{"data":"Armaments","floor":11.0,"key":"SMITH"},{"data":"Clothesline","floor":15.0,"key":"SMITH"},{"floor":28.0,"key":"REST"},{"data":"Flame Barrier","floor":32.0,"key":"SMITH"},{"floor":40.0,"key":"RECALL"},{"data":"Juggernaut","floor":45.0,"key":"SMITH"},{"data":"Uppercut","floor":49.0,"key":"SMITH"},{"data":"Disarm","floor":52.0,"key":"SMITH"}],"neow_cost":"NO_GOLD","seed_source_timestamp":0,"circlet_count":0,"master_deck":["Defend_R+1","Clothesline+1","Whirlwind+1","Armaments+1","Immolate","Feel No Pain","Battle Trance","Feed","True Grit+1","Flame Barrier+1","Shrug It Off","Shrug It Off","Metallicize","Armaments+1","Ghostly Armor","Disarm+1","Uppercut+1","Juggernaut+1","Iron Wave","Power Through","Offering"],"special_seed":0,"relics":["Burning Blood","Golden Idol","Letter Opener","Runic Dome","Ginger","Orichalcum","Medical Kit","PreservedInsect","Self Forming Clay","Anchor","Snecko Eye","OrangePellets","Champion Belt","Blood Vial","Gremlin Horn","Sundial","Happy Flower","Oddly Smooth Stone","War Paint","Bag of Preparation"],"potions_floor_usage":[55],"damage_taken":[{"damage":0.0,"enemies":"Small Slimes","floor":1.0,"turns":4.0},{"damage":0.0,"enemies":"2 Louse","floor":4.0,"turns":2.0},{"damage":1.0,"enemies":"Jaw Worm","floor":7.0,"turns":5.0},{"damage":28.0,"enemies":"Lagavulin","floor":8.0,"turns":13.0},{"damage":0.0,"enemies":"3 Louse","floor":10.0,"turns":1.0},{"damage":0.0,"enemies":"Gremlin Gang","floor":12.0,"turns":1.0},{"damage":0.0,"enemies":"Exordium Thugs","floor":13.0,"turns":2.0},{"damage":4.0,"enemies":"Large Slime","floor":14.0,"turns":5.0},{"damage":31.0,"enemies":"The Guardian","floor":16.0,"turns":12.0},{"damage":0.0,"enemies":"3 Byrds","floor":18.0,"turns":2.0},{"damage":18.0,"enemies":"2 Thieves","floor":19.0,"turns":4.0},{"damage":12.0,"enemies":"3 Cultists","floor":21.0,"turns":3.0},{"damage":12.0,"enemies":"Centurion and Healer","floor":22.0,"turns":11.0},{"damage":27.0,"enemies":"Slavers","floor":23.0,"turns":4.0},{"damage":10.0,"enemies":"Book of Stabbing","floor":25.0,"turns":8.0},{"damage":6.0,"enemies":"Shelled Parasite and Fungi","floor":27.0,"turns":6.0},{"damage":0.0,"enemies":"3 Cultists","floor":29.0,"turns":5.0},{"damage":3.0,"enemies":"Chosen and Byrds","floor":30.0,"turns":8.0},{"damage":9.0,"enemies":"Gremlin Leader","floor":31.0,"turns":6.0},{"damage":37.0,"enemies":"Automaton","floor":33.0,"turns":17.0},{"damage":6.0,"enemies":"3 Darklings","floor":35.0,"turns":3.0},{"damage":0.0,"enemies":"Mind Bloom Boss Battle","floor":37.0,"turns":6.0},{"damage":2.0,"enemies":"Nemesis","floor":41.0,"turns":7.0},{"damage":0.0,"enemies":"3 Shapes","floor":42.0,"turns":3.0},{"damage":4.0,"enemies":"Reptomancer","floor":44.0,"turns":5.0},{"damage":36.0,"enemies":"Transient","floor":46.0,"turns":5.0},{"damage":7.0,"enemies":"Nemesis","floor":47.0,"turns":5.0},{"damage":6.0,"enemies":"Awakened One","floor":50.0,"turns":9.0},{"damage":16.0,"enemies":"Shield and Spear","floor":54.0,"turns":4.0},{"damage":27,"enemies":"The Heart","floor":55,"turns":9}],"seed_played":"-1934359210006637887","potions_obtained":[{"floor":7.0,"key":"GamblersBrew"},{"floor":8.0,"key":"Poison Potion"},{"floor":12.0,"key":"PowerPotion"},{"floor":22.0,"key":"Weak Potion"},{"floor":25.0,"key":"Weak Potion"},{"floor":27.0,"key":"Swift Potion"},{"floor":33.0,"key":"BloodPotion"},{"floor":35.0,"key":"AttackPotion"},{"floor":44.0,"key":"SkillPotion"},{"floor":47.0,"key":"LiquidBronze"}],"is_trial":false,"path_per_floor":["M","?","?","M","?","R","M","E","T","M","R","M","M","M","R","B",null,"M","M","?","M","M","E","$","E","T","M","R","M","M","E","R","B",null,"M","$","?","?","?","R","E","M","T","E","R","M","E","?","R","B",null,"R","$","E","B",null],"character_chosen":"IRONCLAD","items_purchased":["Metallicize","Medical Kit","OrangePellets","Oddly Smooth Stone","War Paint"],"campfire_rested":1,"item_purchase_floors":[24,24,36,53,53],"current_hp_per_floor":[80,80,69,75,55,55,60,38,38,44,44,50,56,58,58,33,80,83,74,74,68,66,48,48,44,44,44,71,81,88,89,89,58,105,105,105,105,105,105,105,105,105,105,108,108,78,79,79,79,85,112,112,112,105,86],"gold":74,"neow_bonus":"REMOVE_TWO","is_prod":false,"is_daily":false,"chose_seed":false,"campfire_upgraded":7,"win_rate":0,"timestamp":1547126432,"path_taken":["M","?","?","M","?","R","M","E","T","M","R","M","?","M","R","BOSS","M","M","?","M","M","E","$","E","T","M","R","M","?","E","R","BOSS","M","$","?","?","?","R","E","M","T","E","R","?","E","?","R","BOSS","R","$","E","BOSS"],"build_version":"2019-01-03v4","purchased_purges":3,"victory":true,"max_hp_per_floor":[80,80,80,80,80,80,80,80,80,80,80,80,80,80,80,80,80,83,86,86,86,90,93,93,93,93,93,93,97,101,105,105,105,105,105,105,105,105,105,105,105,105,105,108,108,108,108,108,108,112,112,112,112,115,115],"card_choices":[{"not_picked":["Sword Boomerang","Cleave"],"picked":"Clothesline","floor":1.0},{"not_picked":["Clash","Carnage"],"picked":"Whirlwind","floor":4.0},{"not_picked":["Thunderclap","Warcry"],"picked":"Armaments","floor":7.0},{"not_picked":["Clash","Anger"],"picked":"Immolate","floor":8.0},{"not_picked":["Warcry","Havoc","Headbutt"],"picked":"SKIP","floor":10.0},{"not_picked":["Clash","Infernal Blade"],"picked":"Feel No Pain","floor":12.0},{"not_picked":["Headbutt","Anger","Pommel Strike"],"picked":"SKIP","floor":13.0},{"not_picked":["Thunderclap","Iron Wave"],"picked":"Battle Trance","floor":14.0},{"not_picked":["Double Tap","Immolate"],"picked":"Feed","floor":16.0},{"not_picked":["Flex","Power Through"],"picked":"True Grit","floor":18.0},{"not_picked":["Rampage","Sword Boomerang+1","Anger+1"],"picked":"SKIP","floor":19.0},{"not_picked":["Spot Weakness","Shockwave+1"],"picked":"Flame Barrier","floor":21.0},{"not_picked":["Clash","Cleave"],"picked":"Shrug It Off","floor":22.0},{"not_picked":["Carnage+1","Twin Strike"],"picked":"Shrug It Off","floor":23.0},{"not_picked":["Pommel Strike","Searing Blow"],"picked":"Armaments+1","floor":25.0},{"not_picked":["Havoc","Clash+1"],"picked":"Ghostly Armor","floor":27.0},{"not_picked":["Armaments","Twin Strike","Iron Wave"],"picked":"SKIP","floor":29.0},{"not_picked":["Ghostly Armor","Immolate"],"picked":"Disarm","floor":30.0},{"not_picked":["Warcry","Shrug It Off+1"],"picked":"Uppercut","floor":31.0},{"not_picked":["Exhume","Limit Break"],"picked":"Juggernaut","floor":33.0},{"not_picked":["Armaments","Fire Breathing+1","Infernal Blade+1"],"picked":"SKIP","floor":35.0},{"not_picked":["Dropkick+1","Seeing Red+1"],"picked":"Power Through","floor":41.0},{"not_picked":["Anger","Sword Boomerang+1","Warcry"],"picked":"SKIP","floor":42.0},{"not_picked":["Limit Break","Spot Weakness","Warcry"],"picked":"SKIP","floor":44.0},{"not_picked":["Limit Break","Spot Weakness","Warcry"],"picked":"SKIP","floor":44.0},{"not_picked":["Blood for Blood+1","Clash","Wild Strike"],"picked":"SKIP","floor":46.0},{"not_picked":["Sever Soul+1","Havoc+1","Dropkick+1"],"picked":"SKIP","floor":47.0},{"not_picked":["Fire Breathing+1","Headbutt","Havoc+1"],"picked":"SKIP","floor":54.0}],"player_experience":309981,"relics_obtained":[{"floor":8.0,"key":"Letter Opener"},{"floor":20.0,"key":"Ginger"},{"floor":23.0,"key":"Orichalcum"},{"floor":25.0,"key":"PreservedInsect"},{"floor":26.0,"key":"Self Forming Clay"},{"floor":31.0,"key":"Anchor"},{"floor":37.0,"key":"Champion Belt"},{"floor":41.0,"key":"Blood Vial"},{"floor":43.0,"key":"Gremlin Horn"},{"floor":44.0,"key":"Sundial"},{"floor":47.0,"key":"Happy Flower"},{"floor":54.0,"key":"Bag of Preparation"}],"event_choices":[{"cards_removed":["Strike_R"],"damage_healed":0.0,"max_hp_gain":0.0,"max_hp_loss":0.0,"gold_gain":0.0,"event_name":"Living Wall","player_choice":"Forget","floor":2.0,"gold_loss":0.0,"damage_taken":0.0},{"damage_healed":0.0,"max_hp_gain":0.0,"max_hp_loss":0.0,"gold_gain":75.0,"event_name":"World of Goop","player_choice":"Gather Gold","floor":3.0,"gold_loss":0.0,"damage_taken":11.0},{"damage_healed":0.0,"max_hp_gain":0.0,"max_hp_loss":0.0,"gold_gain":0.0,"event_name":"Golden Idol","player_choice":"Take Damage","floor":5.0,"gold_loss":0.0,"damage_taken":20.0,"relics_obtained":["Golden Idol"]},{"damage_healed":0.0,"max_hp_gain":0.0,"max_hp_loss":0.0,"gold_gain":0.0,"event_name":"Wheel of Change","player_choice":"Relic","floor":20.0,"gold_loss":0.0,"damage_taken":0.0},{"damage_healed":0.0,"max_hp_gain":0.0,"max_hp_loss":0.0,"gold_gain":0.0,"event_name":"MindBloom","player_choice":"Fight","floor":37.0,"gold_loss":0.0,"damage_taken":0.0},{"cards_removed":["Bash"],"damage_healed":0.0,"max_hp_gain":0.0,"max_hp_loss":0.0,"gold_gain":0.0,"event_name":"Falling","player_choice":"Removed Attack","floor":38.0,"gold_loss":0.0,"damage_taken":0.0},{"cards_removed":["Defend_R"],"damage_healed":0.0,"max_hp_gain":0.0,"max_hp_loss":0.0,"gold_gain":0.0,"event_name":"NoteForYourself","player_choice":"Took Card","floor":39.0,"gold_loss":0.0,"damage_taken":0.0,"cards_obtained":["Iron Wave"]},{"damage_healed":0.0,"max_hp_gain":0.0,"max_hp_loss":0.0,"gold_gain":0.0,"cards_transformed":["Defend_R"],"event_name":"Transmorgrifier","player_choice":"Transformed","floor":48.0,"gold_loss":0.0,"damage_taken":0.0,"cards_obtained":["Offering"]}],"is_beta":false,"boss_relics":[{"not_picked":["Orrery","Busted Crown"],"picked":"Runic Dome"},{"not_picked":["Empty Cage","Runic Cube"],"picked":"Snecko Eye"}],"items_purged_floors":[24,36,53],"is_endless":false,"potions_floor_spawned":[7,8,12,22,25,27,33,35,44,47],"ascension_level":0}