{"gold_per_floor":[111,122,122,122,122,122,152,167,167,185,185,23,23,43,43,115,115,132,132,109,0,0,0,30,30],"floor_reached":25,"playtime":777,"items_purged":[],"score":497,"play_id":"fa068ba4-3808-4140-801c-ee2abd7c1cb7","local_time":"20190219191700","is_ascension_mode":true,"campfire_choices":[{"data":"Clothesline","floor":6,"key":"SMITH"},{"data":"Spot Weakness","floor":11,"key":"SMITH"},{"data":"Iron Wave","floor":15,"key":"SMITH"},{"data":"Bite","floor":23,"key":"SMITH"}],"neow_cost":"NONE","seed_source_timestamp":15289461929565017,"circlet_count":0,"master_deck":["AscendersBane","Bash","Clothesline+1","Iron Wave+1","Reaper","Spot Weakness+1","Pommel Strike","Barricade","Armaments","Headbutt","Headbutt","Armaments","Hemokinesis","Evolve","Combust","Sever Soul","Bite+1","Bite","Bite","Bite","Bite","Seeing Red","Bite","Iron Wave"],"relics":["Burning Blood","NeowsBlessing","Self Forming Clay","Nunchaku","Blue Candle","Vajra","Odd Mushroom","Pandora\u0027s Box","Pear"],"potions_floor_usage":[10,16],"damage_taken":[{"damage":0,"enemies":"Small Slimes","floor":1,"turns":1},{"damage":0,"enemies":"2 Louse","floor":2,"turns":1},{"damage":0,"enemies":"Gremlin Nob","floor":7,"turns":1},{"damage":11,"enemies":"Jaw Worm","floor":8,"turns":4},{"damage":9,"enemies":"Large Slime","floor":10,"turns":5},{"damage":11,"enemies":"The Mushroom Lair","floor":14,"turns":4},{"damage":39,"enemies":"The Guardian","floor":16,"turns":13},{"damage":23,"enemies":"Spheric Guardian","floor":18,"turns":5},{"damage":20,"enemies":"2 Thieves","floor":20,"turns":4},{"damage":69,"enemies":"Slavers","floor":24,"turns":5},{"damage":51,"enemies":"Centurion and Healer","floor":25,"turns":6}],"seed_played":"3736314428593062339","potions_obtained":[{"floor":1,"key":"Fire Potion"},{"floor":2,"key":"GamblersBrew"},{"floor":7,"key":"Dexterity Potion"},{"floor":16,"key":"Strength Potion"},{"floor":20,"key":"FearPotion"}],"is_trial":false,"path_per_floor":["M","M","?","?","$","R","E","M","T","M","R","$","?","?","R","B",null,"M","?","M","?","?","R","E","M"],"character_chosen":"IRONCLAD","items_purchased":["Vajra"],"campfire_rested":0,"item_purchase_floors":[12],"current_hp_per_floor":[74,75,75,75,75,75,75,74,74,71,71,71,64,74,74,42,67,50,50,51,51,51,51,24,0],"gold":30,"neow_bonus":"THREE_ENEMY_KILL","is_prod":false,"is_daily":false,"chose_seed":false,"campfire_upgraded":4,"win_rate":0,"timestamp":1550600220,"path_taken":["M","M","?","?","?","R","E","M","T","M","R","$","?","?","R","BOSS","M","?","M","?","?","R","E","?"],"build_version":"2019-01-23","purchased_purges":0,"victory":false,"max_hp_per_floor":[75,75,75,75,75,75,75,75,75,75,75,75,75,75,75,75,75,75,52,52,52,52,52,62,62],"card_choices":[{"not_picked":["Combust","Shockwave"],"picked":"Clothesline","floor":1},{"not_picked":["Shrug It Off","Headbutt"],"picked":"Iron Wave","floor":2},{"not_picked":["Reckless Charge","Perfected Strike"],"picked":"Reaper","floor":7},{"not_picked":["Shockwave","Thunderclap","Iron Wave"],"picked":"SKIP","floor":8},{"not_picked":["Warcry","Headbutt"],"picked":"Spot Weakness","floor":10},{"not_picked":["Perfected Strike","Anger"],"picked":"Pommel Strike","floor":14},{"not_picked":["Limit Break","Immolate"],"picked":"Barricade","floor":16},{"not_picked":["Anger","Clothesline","Uppercut"],"picked":"SKIP","floor":18},{"not_picked":["Twin Strike","Pommel Strike"],"picked":"Seeing Red","floor":20},{"not_picked":["Burning Pact","Clothesline"],"picked":"Iron Wave","floor":24}],"player_experience":418688,"relics_obtained":[{"floor":7,"key":"Nunchaku"},{"floor":9,"key":"Blue Candle"},{"floor":14,"key":"Odd Mushroom"},{"floor":24,"key":"Pear"}],"event_choices":[{"damage_healed":0,"gold_gain":0,"player_choice":"Box","damage_taken":0,"relics_obtained":["Self Forming Clay"],"max_hp_gain":0,"max_hp_loss":0,"event_name":"Big Fish","floor":3,"gold_loss":0,"cards_obtained":["Regret"]},{"cards_removed":["Regret"],"damage_healed":0,"gold_gain":0,"player_choice":"Forget","damage_taken":0,"max_hp_gain":0,"max_hp_loss":0,"event_name":"Living Wall","floor":4,"gold_loss":0},{"cards_removed":["Defend_R"],"damage_healed":0,"gold_gain":0,"player_choice":"Card Removal","damage_taken":7,"max_hp_gain":0,"max_hp_loss":0,"event_name":"Golden Wing","floor":13,"gold_loss":0},{"damage_healed":0,"gold_gain":0,"player_choice":"Fought Mushrooms","damage_taken":0,"max_hp_gain":0,"max_hp_loss":0,"event_name":"Mushrooms","floor":14,"gold_loss":0},{"damage_healed":0,"gold_gain":0,"player_choice":"Became a vampire","damage_taken":0,"max_hp_gain":0,"max_hp_loss":23,"event_name":"Vampires","floor":19,"gold_loss":0,"cards_obtained":["Bite","Bite","Bite","Bite","Bite"]},{"damage_healed":0,"gold_gain":0,"player_choice":"Paid Fearfully","damage_taken":0,"max_hp_gain":0,"max_hp_loss":0,"event_name":"Masked Bandits","floor":21,"gold_loss":109},{"damage_healed":0,"gold_gain":0,"player_choice":"Copied","damage_taken":0,"max_hp_gain":0,"max_hp_loss":0,"event_name":"Duplicator","floor":22,"gold_loss":0,"cards_obtained":["Bite"]}],"is_beta":false,"boss_relics":[{"not_picked":["Cursed Key","Runic Dome"],"picked":"Pandora\u0027s Box"}],"items_purged_floors":[],"is_endless":false,"potions_floor_spawned":[1,2,7,16,20],"killed_by":"Centurion and Healer","ascension_level":19}