{"gold_per_floor":[110,120,138,154,173,173,201,201,201,215,241,258,284,297,297,369,369,385,300,150,40,54,54,54],"floor_reached":24,"playtime":957,"items_purged":[],"score":440,"play_id":"49946e3b-99b5-4cfe-afd1-f5c7a7f3aa06","local_time":"20190215205331","is_ascension_mode":true,"campfire_choices":[{"data":"Inflame","floor":6,"key":"SMITH"},{"data":"Havoc","floor":8,"key":"SMITH"},{"floor":15,"key":"REST"},{"data":"Demon Form","floor":23,"key":"SMITH"}],"neow_cost":"NONE","seed_source_timestamp":7536580607900,"circlet_count":0,"master_deck":["AscendersBane","Strike_R","Strike_R","Strike_R","Strike_R","Defend_R","Defend_R","Defend_R","Defend_R","Bash+1","Iron Wave","Spot Weakness","Inflame+1","Twin Strike","Clothesline","Havoc+1","Anger","Shrug It Off","Pummel+1","Thunderclap","Demon Form+1","Limit Break","Iron Wave+1","Offering"],"relics":["Burning Blood","Happy Flower","Letter Opener","Bottled Lightning","Mummified Hand","Velvet Choker","Art of War"],"potions_floor_usage":[13,16,22,22],"damage_taken":[{"damage":19,"enemies":"Jaw Worm","floor":1,"turns":3},{"damage":2,"enemies":"Cultist","floor":2,"turns":4},{"damage":9,"enemies":"2 Louse","floor":3,"turns":3},{"damage":10,"enemies":"Exordium Wildlife","floor":4,"turns":5},{"damage":20,"enemies":"Red Slaver","floor":5,"turns":4},{"damage":3,"enemies":"Gremlin Nob","floor":7,"turns":3},{"damage":13,"enemies":"3 Louse","floor":10,"turns":2},{"damage":15,"enemies":"3 Sentries","floor":11,"turns":5},{"damage":1,"enemies":"2 Fungi Beasts","floor":12,"turns":3},{"damage":15,"enemies":"Lagavulin","floor":13,"turns":6},{"damage":13,"enemies":"Blue Slaver","floor":14,"turns":2},{"damage":34,"enemies":"The Guardian","floor":16,"turns":7},{"damage":20,"enemies":"Spheric Guardian","floor":18,"turns":4},{"damage":13,"enemies":"3 Byrds","floor":22,"turns":4},{"damage":47,"enemies":"Slavers","floor":24,"turns":3}],"seed_played":"2897192782130647944","potions_obtained":[{"floor":7,"key":"SpeedPotion"},{"floor":11,"key":"PowerPotion"},{"floor":13,"key":"GamblersBrew"},{"floor":16,"key":"Fire Potion"}],"is_trial":false,"path_per_floor":["M","M","M","M","M","R","E","R","T","M","E","M","E","M","R","B",null,"M","?","$","?","M","R","E"],"character_chosen":"IRONCLAD","items_purchased":["Offering"],"campfire_rested":1,"item_purchase_floors":[20],"current_hp_per_floor":[55,59,56,52,38,38,41,41,41,34,25,30,21,14,36,8,58,44,44,44,44,37,37,0],"gold":54,"neow_bonus":"UPGRADE_CARD","is_prod":false,"is_daily":false,"chose_seed":false,"campfire_upgraded":3,"win_rate":0,"timestamp":1550282011,"path_taken":["M","M","M","M","M","R","E","R","T","M","E","M","E","M","R","BOSS","M","?","$","?","?","R","E"],"build_version":"2019-01-23","purchased_purges":0,"victory":false,"max_hp_per_floor":[75,75,75,75,75,75,75,75,75,75,75,75,75,75,75,75,75,75,75,75,75,75,75,75],"card_choices":[{"not_picked":["Twin Strike","Body Slam"],"picked":"Iron Wave","floor":1},{"not_picked":["Dropkick","Wild Strike"],"picked":"Spot Weakness","floor":2},{"not_picked":["Armaments","Clash"],"picked":"Inflame","floor":3},{"not_picked":["Corruption","Sentinel"],"picked":"Twin Strike","floor":4},{"not_picked":["Perfected Strike","Feel No Pain"],"picked":"Clothesline","floor":5},{"not_picked":["Body Slam","Warcry"],"picked":"Havoc","floor":7},{"not_picked":["Dark Embrace","Twin Strike"],"picked":"Anger","floor":10},{"not_picked":["Hemokinesis","Dark Embrace"],"picked":"Shrug It Off","floor":11},{"not_picked":["Cleave","Heavy Blade"],"picked":"Pummel","floor":12},{"not_picked":["Thunderclap","Sever Soul","Body Slam"],"picked":"SKIP","floor":13},{"not_picked":["Sever Soul","Body Slam"],"picked":"Thunderclap","floor":13},{"not_picked":["True Grit","Seeing Red"],"picked":"Demon Form","floor":14},{"not_picked":["Dark Embrace","Bludgeon"],"picked":"Limit Break","floor":16},{"not_picked":["Dropkick","Clothesline"],"picked":"Iron Wave+1","floor":18},{"not_picked":["Sentinel","Second Wind","Anger"],"picked":"SKIP","floor":22}],"player_experience":1219749,"relics_obtained":[{"floor":7,"key":"Happy Flower"},{"floor":9,"key":"Letter Opener"},{"floor":11,"key":"Bottled Lightning"},{"floor":13,"key":"Mummified Hand"}],"event_choices":[{"damage_healed":0,"gold_gain":0,"player_choice":"Obtained Relic","damage_taken":0,"relics_obtained":["Art of War"],"max_hp_gain":0,"max_hp_loss":0,"event_name":"Addict","floor":19,"gold_loss":85},{"cards_removed":["Strike_R"],"damage_healed":0,"gold_gain":0,"player_choice":"Upgrade and Remove","damage_taken":0,"max_hp_gain":0,"max_hp_loss":0,"event_name":"Designer","floor":21,"gold_loss":110,"cards_upgraded":["Pummel"]}],"is_beta":false,"boss_relics":[{"not_picked":["Runic Dome","Fusion Hammer"],"picked":"Velvet Choker"}],"items_purged_floors":[],"is_endless":false,"potions_floor_spawned":[7,11,13,16],"killed_by":"Slavers","ascension_level":20}