{"gold_per_floor":[16,32,32,45,61,61,90,114,140,140,156,156,186,203,203,303,303,323,2,18,35,48,48,82,82,82,101,101,135,135,135,135,237,237,256,270,324,324,324,351,351,377,377,389,138,163,163,181,181,181],"floor_reached":51,"playtime":6514,"items_purged":["Strike_R","Strike_R"],"score":1056,"play_id":"b00f8aa9-80e4-4451-b5bc-12634eabb248","local_time":"20180720225720","is_ascension_mode":true,"campfire_choices":[{"data":"Entrench","floor":6.0,"key":"SMITH"},{"data":"True Grit","floor":10.0,"key":"SMITH"},{"data":"Shrug It Off","floor":12.0,"key":"SMITH"},{"data":"Armaments","floor":15.0,"key":"SMITH"},{"data":"Body Slam","floor":23.0,"key":"SMITH"},{"floor":25.0,"key":"REST"},{"floor":30.0,"key":"REST"},{"floor":32.0,"key":"REST"},{"data":"Body Slam","floor":41,"key":"SMITH"},{"data":"Juggernaut","floor":47,"key":"SMITH"},{"data":"Metallicize","floor":49,"key":"SMITH"}],"neow_cost":"NO_GOLD","seed_source_timestamp":89934479344625,"circlet_count":0,"master_deck":["Strike_R+1","Strike_R","Strike_R","Defend_R","Defend_R","Defend_R","Defend_R","Juggernaut+1","Entrench+1","Rage","True Grit+1","Iron Wave","Shrug It Off+1","Armaments+1","Reaper+1","Metallicize+1","Jack Of All Trades","Body Slam+1","Body Slam+1","Body Slam+1","Shrug It Off+1","Battle Trance+1","Shrug It Off+1","Flame Barrier+1","Feel No Pain+1"],"special_seed":0,"relics":["Burning Blood","Lantern","Odd Mushroom","Omamori","Red Skull","Sozu","Anchor","Bronze Scales","Regal Pillow","Gremlin Horn","Necronomicon","Black Star","Nunchaku","Unceasing Top","Orichalcum","Whetstone","Bag of Preparation","Oddly Smooth Stone","Ancient Tea Set","Centennial Puzzle","Bird Faced Urn","Ice Cream"],"potions_floor_usage":[],"damage_taken":[{"damage":0.0,"enemies":"Small Slimes","floor":1.0,"turns":3.0},{"damage":13.0,"enemies":"Jaw Worm","floor":2.0,"turns":4.0},{"damage":11.0,"enemies":"2 Louse","floor":4.0,"turns":3.0},{"damage":4.0,"enemies":"2 Fungi Beasts","floor":5.0,"turns":4.0},{"damage":7.0,"enemies":"3 Sentries","floor":7.0,"turns":8.0},{"damage":9.0,"floor":8.0,"turns":4.0},{"damage":0.0,"enemies":"Large Slime","floor":11.0,"turns":7.0},{"damage":13.0,"enemies":"Lagavulin","floor":13.0,"turns":7.0},{"damage":5.0,"enemies":"Exordium Wildlife","floor":14.0,"turns":5.0},{"damage":35.0,"enemies":"Hexaghost","floor":16.0,"turns":16.0},{"damage":25.0,"enemies":"Chosen","floor":18.0,"turns":7.0},{"damage":21.0,"enemies":"Shell Parasite","floor":20.0,"turns":6.0},{"damage":24.0,"enemies":"Snake Plant","floor":21.0,"turns":4.0},{"damage":13.0,"enemies":"Snecko","floor":22.0,"turns":5.0},{"damage":65.0,"enemies":"Gremlin Leader","floor":24.0,"turns":10.0},{"damage":18.0,"enemies":"Sentry and Sphere","floor":27.0,"turns":5.0},{"damage":18.0,"enemies":"Book of Stabbing","floor":29.0,"turns":5.0},{"damage":46.0,"enemies":"Automaton","floor":33.0,"turns":11.0},{"damage":25.0,"enemies":"3 Shapes","floor":35.0,"turns":4.0},{"damage":0.0,"enemies":"Orb Walker","floor":36.0,"turns":3.0},{"damage":24.0,"floor":37.0,"turns":5.0},{"damage":18.0,"floor":39.0,"turns":6.0},{"damage":0,"enemies":"2 Orb Walkers","floor":40,"turns":4},{"damage":13,"enemies":"Nemesis","floor":42,"turns":5},{"damage":0,"enemies":"4 Shapes","floor":44,"turns":3},{"damage":7,"enemies":"Giant Head","floor":46,"turns":7},{"damage":0,"enemies":"Sphere and 2 Shapes","floor":48,"turns":1},{"damage":8,"enemies":"Time Eater","floor":50,"turns":7}],"seed_played":"8431602397615898938","potions_obtained":[{"floor":1.0,"key":"BloodPotion"},{"floor":2.0,"key":"Weak Potion"},{"floor":4.0,"key":"EssenceOfSteel"},{"floor":11.0,"key":"EntropicBrew"},{"floor":13.0,"key":"Fire Potion"},{"floor":16.0,"key":"Dexterity Potion"}],"is_trial":false,"path_per_floor":["M","M","?","M","M","R","E","?","T","R","M","R","E","M","R","B",null,"M","$","M","M","M","R","E","R","T","M","?","E","R","?","R","B",null,"M","M","?","?","?","E","R","E","T","M","$","E","R","M","R","B"],"character_chosen":"IRONCLAD","items_purchased":["Anchor","Jack Of All Trades","Centennial Puzzle"],"campfire_rested":3,"item_purchase_floors":[19,19,45],"current_hp_per_floor":[80,73,66,61,63,63,62,59,59,59,65,65,58,59,59,34,80,65,65,54,36,40,40,15,39,39,35,20,16,56,40,80,55,85,82,85,74,74,70,76,76,79,79,85,85,84,84,85,85,83],"gold":181,"neow_bonus":"THREE_RARE_CARDS","is_prod":false,"is_daily":false,"chose_seed":false,"campfire_upgraded":8,"win_rate":0,"timestamp":1532095040,"path_taken":["M","M","?","M","M","R","E","?","T","R","M","R","E","M","R","BOSS","M","$","M","?","M","R","E","R","T","M","?","E","R","?","R","BOSS","M","M","?","?","?","E","R","E","T","M","$","E","R","?","R","BOSS"],"build_version":"2018-07-19v2","purchased_purges":2,"victory":true,"max_hp_per_floor":[80,80,80,80,80,80,80,80,80,80,80,80,80,80,80,80,80,80,80,80,80,80,80,80,80,80,80,85,85,85,85,85,85,85,85,85,85,85,85,85,85,85,85,85,85,85,85,85,85,85],"card_choices":[{"not_picked":["Berserk","Exhume"],"picked":"Juggernaut","floor":0.0},{"not_picked":["Feel No Pain","Warcry"],"picked":"Entrench","floor":1.0},{"not_picked":["Inflame","Iron Wave"],"picked":"Rage","floor":2.0},{"not_picked":["Blood for Blood","Combust"],"picked":"True Grit","floor":4.0},{"not_picked":["Headbutt","Thunderclap"],"picked":"Iron Wave","floor":5.0},{"not_picked":["Demon Form","Uppercut","Dropkick"],"picked":"SKIP","floor":7.0},{"not_picked":["Anger","Thunderclap"],"picked":"Shrug It Off","floor":8.0},{"not_picked":["Twin Strike","Headbutt","Spot Weakness"],"picked":"SKIP","floor":11.0},{"not_picked":["Pommel Strike","Havoc"],"picked":"Armaments","floor":13.0},{"not_picked":["Havoc","Inflame"],"picked":"Reaper","floor":14.0},{"not_picked":["Headbutt","Armaments"],"picked":"Metallicize","floor":18.0},{"not_picked":["Sword Boomerang","Dual Wield"],"picked":"Body Slam","floor":20.0},{"not_picked":["Cleave","Iron Wave+1"],"picked":"Body Slam","floor":21.0},{"not_picked":["Inflame+1","Pommel Strike","Armaments"],"picked":"SKIP","floor":22.0},{"not_picked":["Sword Boomerang","Clash"],"picked":"Body Slam+1","floor":24.0},{"not_picked":["Rupture","Twin Strike","Pommel Strike"],"picked":"SKIP","floor":27.0},{"not_picked":["Berserk","Headbutt+1","Perfected Strike"],"picked":"SKIP","floor":29.0},{"not_picked":["Sword Boomerang+1","Wild Strike"],"picked":"Shrug It Off+1","floor":35.0},{"not_picked":["Uppercut+1","Wild Strike+1","Thunderclap"],"picked":"SKIP","floor":36.0},{"not_picked":["Pommel Strike+1","Twin Strike+1"],"picked":"Battle Trance+1","floor":39.0},{"not_picked":["Armaments+1","Havoc"],"picked":"Shrug It Off+1","floor":40},{"not_picked":["Reckless Charge+1","Carnage+1"],"picked":"Flame Barrier+1","floor":42},{"not_picked":["Dual Wield+1","Combust+1","Fire Breathing+1"],"picked":"SKIP","floor":44},{"not_picked":["Reaper","Whirlwind+1","Infernal Blade+1"],"picked":"SKIP","floor":46},{"not_picked":["Reckless Charge+1","Havoc+1"],"picked":"Feel No Pain+1","floor":48}],"player_experience":132804,"relics_obtained":[{"floor":7.0,"key":"Lantern"},{"floor":8.0,"key":"Odd Mushroom"},{"floor":9.0,"key":"Omamori"},{"floor":13.0,"key":"Red Skull"},{"floor":24.0,"key":"Bronze Scales"},{"floor":26.0,"key":"Regal Pillow"},{"floor":29.0,"key":"Gremlin Horn"},{"floor":31.0,"key":"Necronomicon"},{"floor":37.0,"key":"Nunchaku"},{"floor":39.0,"key":"Unceasing Top"},{"floor":40,"key":"Orichalcum"},{"floor":40,"key":"Whetstone"},{"floor":42,"key":"Bag of Preparation"},{"floor":42,"key":"Oddly Smooth Stone"},{"floor":43,"key":"Ancient Tea Set"},{"floor":46,"key":"Bird Faced Urn"},{"floor":46,"key":"Ice Cream"}],"event_choices":[{"event_name":"Golden Wing","player_choice":"Card Removal","floor":3.0,"damage_taken":0.0},{"event_name":"Mushrooms","player_choice":"Fought Mushrooms","floor":8.0,"damage_taken":0.0},{"event_name":"Forgotten Altar","player_choice":"Shed Blood","floor":28.0,"damage_taken":0.0},{"event_name":"Cursed Tome","player_choice":"Obtained Book","floor":31.0,"damage_taken":0.0},{"event_name":"Mysterious Sphere","player_choice":"Fight","floor":37.0,"damage_taken":0.0},{"event_name":"Tomb of Lord Red Mask","player_choice":"Ignored","floor":38.0,"damage_taken":0.0},{"event_name":"MindBloom","player_choice":"Fight","floor":39.0,"damage_taken":0.0}],"is_beta":false,"boss_relics":[{"not_picked":["Empty Cage","Lizard Tail"],"picked":"Sozu"},{"not_picked":["Cursed Key","Runic Cube"],"picked":"Black Star"}],"items_purged_floors":[19,45],"is_endless":false,"potions_floor_spawned":[1,2,4,11,13,16,21,22,24,36,37,40,44],"ascension_level":2}