{"gold_per_floor":[116,51,65,82,82,82,357,35,35,49,76,76,111,168,168,168],"floor_reached":16,"playtime":650,"items_purged":["Regret"],"score":147,"play_id":"16b1a5c2-d8db-44b8-82c3-9c68c3666150","local_time":"20181007172323","is_ascension_mode":true,"campfire_choices":[{"floor":6.0,"key":"REST"},{"data":"Footwork","floor":12.0,"key":"SMITH"},{"data":"Terror","floor":15,"key":"SMITH"}],"neow_cost":"NONE","seed_source_timestamp":102861196942691,"circlet_count":0,"master_deck":["Defend_G+1","Defend_G","Defend_G+1","Defend_G","Defend_G","Strike_G","Strike_G","Strike_G","Strike_G","Strike_G","Survivor","Neutralize","AscendersBane","Calculated Gamble","Underhanded Strike","Sucker Punch","Setup","Footwork+1","Deflect","Terror+1","Blur+1"],"special_seed":0,"relics":["Ring of the Snake","War Paint","Happy Flower","Oddly Smooth Stone","Unceasing Top","Juzu Bracelet","Pen Nib","Toxic Egg 2"],"potions_floor_usage":[13,13,14,14,16],"damage_taken":[{"damage":3.0,"enemies":"Jaw Worm","floor":1.0,"turns":6.0},{"damage":2.0,"enemies":"Cultist","floor":3.0,"turns":4.0},{"damage":2.0,"enemies":"Small Slimes","floor":4.0,"turns":3.0},{"damage":0.0,"enemies":"2 Fungi Beasts","floor":10.0,"turns":5.0},{"damage":3,"enemies":"3 Sentries","floor":13,"turns":9},{"damage":23,"enemies":"Lagavulin Event","floor":14,"turns":10},{"damage":24,"enemies":"Slime Boss","floor":16,"turns":12}],"seed_played":"-6167909194420213077","potions_obtained":[{"floor":3.0,"key":"Block Potion"},{"floor":13,"key":"Regen Potion"},{"floor":14,"key":"Fruit Juice"}],"is_trial":false,"path_per_floor":["M","?","M","M","?","R","?","$","T","M","T","R","E","?","R"],"character_chosen":"THE_SILENT","items_purchased":["Setup","Footwork","Fire Potion","Regen Potion"],"campfire_rested":1,"item_purchase_floors":[8,8,8,8],"current_hp_per_floor":[60,60,58,56,31,52,52,52,52,52,52,52,64,51,51,32],"gold":168,"neow_bonus":"RANDOM_COMMON_RELIC","is_prod":false,"is_daily":false,"chose_seed":false,"campfire_upgraded":2,"win_rate":0,"timestamp":1538925803,"path_taken":["M","?","M","M","?","R","?","$","T","?","?","R","E","?","R","BOSS"],"build_version":"2018-10-04v2","purchased_purges":1,"victory":false,"max_hp_per_floor":[70,70,70,70,70,70,70,70,70,70,70,70,70,70,70,75],"card_choices":[{"not_picked":["Deflect","Outmaneuver"],"picked":"Calculated Gamble","floor":1.0},{"not_picked":["Bouncing Flask","Dagger Spray"],"picked":"Underhanded Strike","floor":3.0},{"not_picked":["Expertise","Outmaneuver"],"picked":"Sucker Punch","floor":4.0},{"not_picked":["Outmaneuver","Skewer"],"picked":"Deflect","floor":10.0},{"not_picked":["Underhanded Strike","Quick Slash"],"picked":"Terror","floor":13},{"not_picked":["Acrobatics","Backflip"],"picked":"Blur","floor":14}],"player_experience":1067564,"relics_obtained":[{"floor":9.0,"key":"Unceasing Top"},{"floor":11.0,"key":"Juzu Bracelet"},{"floor":13,"key":"Pen Nib"},{"floor":14,"key":"Toxic Egg 2"}],"event_choices":[{"event_name":"WeMeetAgain","player_choice":"Gold","floor":2.0,"damage_taken":0.0},{"event_name":"Scrap Ooze","player_choice":"success","floor":5.0,"damage_taken":25.0},{"event_name":"Golden Shrine","player_choice":"Desecrate","floor":7.0,"damage_taken":0.0},{"event_name":"Dead Adventurer","player_choice":"Searched \u00271\u0027 times","floor":14,"damage_taken":0}],"is_beta":false,"boss_relics":[],"items_purged_floors":[8],"is_endless":false,"potions_floor_spawned":[3,13,14],"killed_by":"Slime Boss","ascension_level":10}