{"gold_per_floor":[117,117,132,151,40,71,71,101,125,125,158,158,170,170,170,273,273,253,253,168,168,181,206,206,239,262,274,296,319,331,361,373,385],"floor_reached":33,"playtime":3761,"items_purged":[],"score":455,"play_id":"7181b6cc-8323-4803-9b29-f040f20883cd","local_time":"20181114171452","is_ascension_mode":true,"campfire_choices":[{"data":"Terror","floor":7,"key":"SMITH"},{"data":"Flash of Steel","floor":10,"key":"SMITH"},{"floor":12,"key":"REST"},{"data":"Setup","floor":15,"key":"SMITH"},{"floor":24,"key":"REST"},{"data":"Footwork","floor":27,"key":"SMITH"},{"data":"Leg Sweep","floor":30,"key":"SMITH"},{"floor":32,"key":"REST"}],"neow_cost":"NONE","seed_source_timestamp":599734354761900,"circlet_count":0,"master_deck":["AscendersBane","Survivor","Neutralize","Terror+1","Dagger Throw","Crippling Poison","PiercingWail","Flash of Steel+1","After Image","Die Die Die","Slice","Escape Plan","Setup+1","Glass Knife","Dodge and Roll","Blade Dance","Deadly Poison","Sucker Punch","Footwork+1","Flying Knee","Prepared","Leg Sweep+1","Underhanded Strike","Deflect+1","Deflect","Deflect","Prepared","Backflip+1","Endless Agony","Dagger Spray+1","Dagger Throw"],"relics":["Runic Pyramid","Dream Catcher","Art of War","Pen Nib","Shuriken","Pandora\u0027s Box","Ice Cream","Unceasing Top","Juzu Bracelet","StoneCalendar","MawBank"],"potions_floor_usage":[6,11,18,28],"damage_taken":[{"damage":0,"enemies":"2 Louse","floor":1,"turns":3},{"damage":0,"enemies":"Cultist","floor":3,"turns":3},{"damage":0,"enemies":"Jaw Worm","floor":4,"turns":4},{"damage":14,"enemies":"Gremlin Nob","floor":6,"turns":4},{"damage":3,"enemies":"Lagavulin","floor":8,"turns":6},{"damage":19,"enemies":"Gremlin Nob","floor":11,"turns":4},{"damage":2,"enemies":"Blue Slaver","floor":13,"turns":3},{"damage":2,"enemies":"The Guardian","floor":16,"turns":9},{"damage":6,"enemies":"2 Thieves","floor":18,"turns":4},{"damage":0,"enemies":"Spheric Guardian","floor":22,"turns":3},{"damage":27,"enemies":"Slavers","floor":23,"turns":7},{"damage":8,"enemies":"Gremlin Leader","floor":25,"turns":9},{"damage":6,"enemies":"Snake Plant","floor":28,"turns":5},{"damage":0,"enemies":"Centurion and Healer","floor":29,"turns":6},{"damage":22,"enemies":"Chosen and Byrds","floor":31,"turns":6},{"damage":73,"enemies":"Automaton","floor":33,"turns":6}],"seed_played":"5815688877383866844","potions_obtained":[{"floor":1,"key":"Strength Potion"},{"floor":8,"key":"SpeedPotion"},{"floor":13,"key":"Strength Potion"},{"floor":16,"key":"Fruit Juice"},{"floor":23,"key":"Fire Potion"},{"floor":25,"key":"Regen Potion"}],"is_trial":false,"path_per_floor":["M","?","M","M","$","E","R","E","T","R","E","R","M","?","R","B",null,"M","?","?","T","M","E","R","E","T","R","M","M","R","M","R","B"],"character_chosen":"THE_SILENT","items_purchased":["PiercingWail","Flash of Steel"],"campfire_rested":3,"item_purchase_floors":[5,5],"current_hp_per_floor":[63,56,56,56,56,42,42,39,39,39,20,41,39,39,39,37,62,61,61,61,61,61,34,56,48,48,48,56,56,56,34,56,0],"gold":385,"neow_bonus":"BOSS_RELIC","is_prod":false,"is_daily":false,"chose_seed":false,"campfire_upgraded":5,"win_rate":0,"timestamp":1542212092,"path_taken":["M","?","M","M","$","E","R","E","T","R","E","R","M","?","R","BOSS","M","?","?","?","?","E","R","E","T","R","M","M","R","M","R","BOSS"],"build_version":"2018-11-08","purchased_purges":0,"victory":false,"max_hp_per_floor":[70,70,70,70,70,70,70,70,70,70,70,70,70,70,70,70,70,75,75,75,75,75,75,75,75,75,75,75,75,75,75,75,75],"card_choices":[{"not_picked":["Blade Dance","Slice"],"picked":"Terror","floor":1},{"not_picked":["Skewer","Bane"],"picked":"Dagger Throw","floor":3},{"not_picked":["Slice","Deadly Poison"],"picked":"Crippling Poison","floor":4},{"not_picked":["Dash","Skewer"],"picked":"After Image","floor":6},{"not_picked":["Blade Dance","Dagger Spray"],"picked":"Die Die Die","floor":8},{"not_picked":["Well Laid Plans","Infinite Blades"],"picked":"Slice","floor":11},{"not_picked":["Dagger Spray","Acrobatics"],"picked":"Escape Plan","floor":12},{"not_picked":["Leg Sweep","Noxious Fumes"],"picked":"Setup","floor":13},{"not_picked":["Doppelganger","Wraith Form v2"],"picked":"Glass Knife","floor":16},{"not_picked":["Slice+1","Catalyst"],"picked":"Underhanded Strike","floor":18},{"not_picked":["Endless Agony","Prepared"],"picked":"Deflect+1","floor":22},{"not_picked":["Quick Slash","Underhanded Strike"],"picked":"Deflect","floor":23},{"not_picked":["Quick Slash","Deadly Poison"],"picked":"Deflect","floor":24},{"not_picked":["Slice","Doppelganger"],"picked":"Prepared","floor":25},{"not_picked":["Eviscerate","Quick Slash"],"picked":"Backflip+1","floor":28},{"not_picked":["Outmaneuver+1","Dagger Spray+1"],"picked":"Endless Agony","floor":29},{"not_picked":["Deflect","Infinite Blades"],"picked":"Dagger Spray+1","floor":31},{"not_picked":["Acrobatics","Dagger Spray"],"picked":"Dagger Throw","floor":32}],"player_experience":1203615,"relics_obtained":[{"floor":6,"key":"Dream Catcher"},{"floor":8,"key":"Art of War"},{"floor":9,"key":"Pen Nib"},{"floor":11,"key":"Shuriken"},{"floor":21,"key":"Unceasing Top"},{"floor":23,"key":"Juzu Bracelet"},{"floor":25,"key":"StoneCalendar"},{"floor":26,"key":"MawBank"}],"event_choices":[{"cards_removed":["Strike_G"],"damage_healed":0,"gold_gain":0,"player_choice":"Card Removal","damage_taken":7,"max_hp_gain":0,"max_hp_loss":0,"event_name":"Golden Wing","floor":2,"gold_loss":0},{"cards_removed":["Defend_G"],"damage_healed":0,"gold_gain":0,"player_choice":"Purged","damage_taken":0,"max_hp_gain":0,"max_hp_loss":0,"event_name":"Purifier","floor":14,"gold_loss":0},{"damage_healed":0,"gold_gain":0,"player_choice":"Ignored","damage_taken":0,"max_hp_gain":0,"max_hp_loss":0,"event_name":"Vampires","floor":19,"gold_loss":0},{"damage_healed":0,"gold_gain":0,"player_choice":"Obtained Relic","damage_taken":0,"relics_obtained":["Ice Cream"],"max_hp_gain":0,"max_hp_loss":0,"event_name":"Addict","floor":20,"gold_loss":85}],"is_beta":false,"boss_relics":[{"not_picked":["Coffee Dripper","Runic Dome"],"picked":"Pandora\u0027s Box"}],"items_purged_floors":[],"is_endless":false,"potions_floor_spawned":[1,8,13,16,23,25],"killed_by":"Automaton","ascension_level":10}