{"gold_per_floor":[17,17,17,27,44,44,62,37,89,105,125,145,157,5,5,106,106,81,95,95],"floor_reached":20,"playtime":1639,"items_purged":["Defend_R"],"score":308,"play_id":"152b447e-e6b3-4b16-a780-7a8a58eb1356","local_time":"20190117210923","is_ascension_mode":true,"campfire_choices":[{"data":"Barricade","floor":6,"key":"SMITH"},{"floor":15,"key":"REST"}],"neow_cost":"NO_GOLD","seed_source_timestamp":12444142864413304,"circlet_count":0,"master_deck":["Strike_R","Strike_R","Strike_R","Strike_R","Defend_R","Defend_R","Defend_R","Bash","Barricade+1","True Grit","Rampage","Power Through","Evolve","Pommel Strike","Berserk","Feel No Pain","Ghostly Armor","Rage","Demon Form","Burning Pact"],"relics":["Burning Blood","Strawberry","Runic Pyramid"],"potions_floor_usage":[10,13,16,16,20],"damage_taken":[{"damage":9,"enemies":"Jaw Worm","floor":1,"turns":3},{"damage":11,"enemies":"Cultist","floor":4,"turns":5},{"damage":10,"enemies":"Small Slimes","floor":5,"turns":5},{"damage":25,"enemies":"Exordium Wildlife","floor":7,"turns":7},{"damage":16,"enemies":"2 Fungi Beasts","floor":10,"turns":7},{"damage":11,"enemies":"Large Slime","floor":11,"turns":7},{"damage":6,"enemies":"Looter","floor":12,"turns":4},{"damage":12,"enemies":"3 Louse","floor":13,"turns":4},{"damage":0,"enemies":"Slime Boss","floor":16,"turns":15},{"damage":31,"enemies":"2 Thieves","floor":18,"turns":5},{"damage":22,"enemies":"Chosen","floor":19,"turns":10},{"damage":48,"enemies":"Shelled Parasite and Fungi","floor":20,"turns":4}],"seed_played":"8091051882806466933","potions_obtained":[{"floor":5,"key":"SpeedPotion"},{"floor":7,"key":"Fruit Juice"},{"floor":10,"key":"SteroidPotion"},{"floor":12,"key":"Block Potion"},{"floor":13,"key":"SkillPotion"},{"floor":19,"key":"FearPotion"}],"is_trial":false,"path_per_floor":["M","?","$","M","M","R","M","$","T","M","M","M","M","$","R","B",null,"M","M","M"],"character_chosen":"IRONCLAD","items_purchased":["Pommel Strike","Rage"],"campfire_rested":1,"item_purchase_floors":[8,14],"current_hp_per_floor":[69,69,69,64,60,60,41,41,48,43,38,38,32,32,59,65,85,60,44,0],"gold":95,"neow_bonus":"THREE_RARE_CARDS","is_prod":false,"is_daily":false,"chose_seed":false,"campfire_upgraded":1,"win_rate":0,"timestamp":1547755763,"path_taken":["M","?","?","M","M","R","M","$","T","M","?","M","M","$","R","BOSS","M","M","M"],"build_version":"2019-01-10","purchased_purges":1,"victory":false,"max_hp_per_floor":[80,80,80,80,80,80,80,80,87,92,92,92,92,92,92,92,92,92,92,92],"card_choices":[{"not_picked":["Dark Embrace","Reaper"],"picked":"Barricade","floor":0},{"not_picked":["Sword Boomerang","Heavy Blade"],"picked":"True Grit","floor":1},{"not_picked":["Flex","Sentinel"],"picked":"Rampage","floor":4},{"not_picked":["Body Slam","Whirlwind"],"picked":"Power Through","floor":5},{"not_picked":["Clash","Shockwave"],"picked":"Evolve","floor":7},{"not_picked":["Sever Soul","True Grit"],"picked":"Berserk","floor":10},{"not_picked":["Flex","Warcry","Dropkick"],"picked":"SKIP","floor":11},{"not_picked":["Sword Boomerang","Twin Strike"],"picked":"Feel No Pain","floor":12},{"not_picked":["Flex","Hemokinesis"],"picked":"Ghostly Armor","floor":13},{"not_picked":["Brutality","Exhume"],"picked":"Demon Form","floor":16},{"not_picked":["Sword Boomerang","Disarm","Clothesline+1"],"picked":"SKIP","floor":18},{"not_picked":["Inflame","Dual Wield"],"picked":"Burning Pact","floor":19}],"player_experience":253019,"relics_obtained":[{"floor":9,"key":"Strawberry"}],"event_choices":[{"cards_removed":["Strike_R"],"damage_healed":0,"gold_gain":0,"player_choice":"Offered Basic","damage_taken":0,"max_hp_gain":0,"max_hp_loss":0,"event_name":"Bonfire Elementals","floor":2,"gold_loss":0}],"is_beta":false,"boss_relics":[{"not_picked":["White Beast Statue","Black Blood"],"picked":"Runic Pyramid"}],"items_purged_floors":[14],"is_endless":false,"potions_floor_spawned":[5,7,10,12,13,19],"killed_by":"Shelled Parasite and Fungi","ascension_level":8}