{"gold_per_floor":[219,233,108,128,143,143,177,177,222,257,257,268,268,295,295,391,391,401,351,401,412,432,432,457,457,457,472,504,249,249,20,20,116,116,127,127,147,147,200,200,50,50,74,86,124,136,175,205,217,229],"floor_reached":51,"playtime":6560,"items_purged":["Defend_G","Strike_G","Strike_G","Strike_G"],"score":1013,"play_id":"a91f9138-61be-4c75-aff7-3b08a60d827c","local_time":"20180723022622","is_ascension_mode":true,"campfire_choices":[{"data":"Acrobatics","floor":6.0,"key":"SMITH"},{"data":"Bullet Time","floor":8.0,"key":"SMITH"},{"data":"Crippling Poison","floor":11.0,"key":"SMITH"},{"data":"Prepared","floor":13.0,"key":"SMITH"},{"data":"Catalyst","floor":15.0,"key":"SMITH"},{"data":"Malaise","floor":23.0,"key":"SMITH"},{"data":"Adrenaline","floor":30.0,"key":"SMITH"},{"data":"Prepared","floor":32.0,"key":"SMITH"},{"data":"Burst","floor":40.0,"key":"SMITH"},{"data":"Neutralize","floor":42.0,"key":"SMITH"},{"data":"Acrobatics","floor":44.0,"key":"SMITH"},{"floor":49.0,"key":"REST"}],"neow_cost":"NONE","seed_source_timestamp":0,"circlet_count":0,"master_deck":["Defend_G","Defend_G","Defend_G","Defend_G","Strike_G","Strike_G","Survivor","Neutralize+1","Blur","Acrobatics+1","Underhanded Strike","Poisoned Stab","Backflip","Bullet Time+1","Crippling Poison+1","Prepared+1","Catalyst+1","Corpse Explosion","Malaise+1","Leg Sweep","Poisoned Stab","Deadly Poison","Reflex","Poisoned Stab","Adrenaline+1","Flying Knee+1","Burst+1","Acrobatics+1","Prepared+1","Dramatic Entrance+1","Deadly Poison+1","Tactician+1","Madness","Madness","Deadly Poison"],"special_seed":0,"relics":["Ring of the Snake","Letter Opener","Anchor","Bag of Preparation","Sundial","Orrery","Orichalcum","Molten Egg 2","Meat on the Bone","Blood Vial","Happy Flower","Busted Crown","Incense Burner","MawBank","Darkstone Periapt","Ninja Scroll"],"potions_floor_usage":[],"damage_taken":[{"damage":1.0,"enemies":"2 Louse","floor":1.0,"turns":3.0},{"damage":5.0,"enemies":"Small Slimes","floor":2.0,"turns":4.0},{"damage":0.0,"enemies":"Jaw Worm","floor":4.0,"turns":4.0},{"damage":1.0,"enemies":"Blue Slaver","floor":5.0,"turns":4.0},{"damage":9.0,"enemies":"3 Sentries","floor":7.0,"turns":9.0},{"damage":6.0,"enemies":"Gremlin Nob","floor":10.0,"turns":4.0},{"damage":0.0,"enemies":"3 Louse","floor":12.0,"turns":1.0},{"damage":0.0,"enemies":"3 Sentries","floor":14.0,"turns":6.0},{"damage":0.0,"enemies":"Hexaghost","floor":16.0,"turns":6.0},{"damage":2.0,"enemies":"2 Thieves","floor":18.0,"turns":2.0},{"damage":12.0,"floor":19.0,"turns":3.0},{"damage":0.0,"enemies":"Shell Parasite","floor":21.0,"turns":3.0},{"damage":0.0,"enemies":"Snecko","floor":22.0,"turns":4.0},{"damage":11.0,"enemies":"Gremlin Leader","floor":24.0,"turns":6.0},{"damage":0.0,"enemies":"Cultist and Chosen","floor":27.0,"turns":3.0},{"damage":0.0,"enemies":"Book of Stabbing","floor":28.0,"turns":5.0},{"damage":19.0,"enemies":"Automaton","floor":33.0,"turns":7.0},{"damage":0.0,"enemies":"3 Darklings","floor":35.0,"turns":2.0},{"damage":0.0,"enemies":"3 Shapes","floor":37.0,"turns":2.0},{"damage":0.0,"floor":39.0,"turns":2.0},{"damage":0.0,"enemies":"2 Orb Walkers","floor":45.0,"turns":2.0},{"damage":4.0,"enemies":"Nemesis","floor":47.0,"turns":5.0},{"damage":12.0,"enemies":"Maw","floor":48.0,"turns":6.0},{"damage":16,"enemies":"Donu and Deca","floor":50,"turns":4}],"seed_played":"7476276092008091941","potions_obtained":[{"floor":5.0,"key":"Fire Potion"},{"floor":10.0,"key":"SkillPotion"},{"floor":14.0,"key":"Strength Potion"},{"floor":22.0,"key":"SkillPotion"},{"floor":33.0,"key":"FairyPotion"},{"floor":47.0,"key":"GhostInAJar"}],"is_trial":false,"path_per_floor":["M","M","$","M","M","R","E","R","T","E","R","M","R","E","R","B",null,"M","?","T","M","M","R","E","?","T","M","E","$","R","$","R","B",null,"M","?","M","?","?","R","$","R","T","R","E","?","E","M","R","B"],"character_chosen":"THE_SILENT","items_purchased":["Underhanded Strike","Happy Flower","Acrobatics","Prepared"],"campfire_rested":1,"item_purchase_floors":[3,29,31,31],"current_hp_per_floor":[69,64,64,64,63,63,54,54,54,48,48,48,48,48,48,48,70,68,56,56,56,56,56,45,32,32,44,44,44,44,44,44,39,75,75,70,72,72,74,74,74,74,74,74,75,66,64,54,75,59],"gold":241,"neow_bonus":"HUNDRED_GOLD","is_prod":false,"is_daily":false,"chose_seed":false,"campfire_upgraded":11,"win_rate":0,"timestamp":1532280382,"path_taken":["M","M","$","M","M","R","E","R","T","E","R","M","R","E","R","BOSS","M","?","?","M","?","R","E","?","T","M","E","$","R","$","R","BOSS","M","?","M","?","?","R","$","R","T","R","E","?","E","M","R","BOSS"],"build_version":"2018-07-19v2","purchased_purges":4,"victory":true,"max_hp_per_floor":[70,70,70,70,70,70,70,70,70,70,70,70,70,70,70,70,70,70,70,70,70,70,70,70,75,75,75,75,75,75,75,75,75,75,75,75,75,75,75,75,75,75,75,75,75,75,75,75,75,75],"card_choices":[{"not_picked":["Deflect","Outmaneuver"],"picked":"Blur","floor":1.0},{"not_picked":["Flying Knee","Reflex"],"picked":"Acrobatics","floor":2.0},{"not_picked":["Sucker Punch","Accuracy"],"picked":"Poisoned Stab","floor":4.0},{"not_picked":["Dagger Throw","Dagger Spray"],"picked":"Backflip","floor":5.0},{"not_picked":["Acrobatics","Sucker Punch"],"picked":"Bullet Time","floor":7.0},{"not_picked":["Dagger Throw","Flying Knee"],"picked":"Crippling Poison","floor":10.0},{"not_picked":["Quick Slash","Bane"],"picked":"Prepared","floor":12.0},{"not_picked":["Bane","Accuracy"],"picked":"Catalyst","floor":14.0},{"not_picked":["Unload","Storm of Steel"],"picked":"Corpse Explosion","floor":16.0},{"not_picked":["Blade Dance","Slice"],"picked":"Malaise","floor":17.0},{"not_picked":["Masterful Stab","Predator"],"picked":"Leg Sweep","floor":17.0},{"not_picked":["Underhanded Strike","Caltrops"],"picked":"Poisoned Stab","floor":17.0},{"not_picked":["Expertise","Dash"],"picked":"Deadly Poison","floor":18.0},{"not_picked":["Infinite Blades","Bouncing Flask"],"picked":"Reflex","floor":21.0},{"not_picked":["Quick Slash","Flying Knee"],"picked":"Poisoned Stab","floor":22.0},{"not_picked":["Dagger Spray","Malaise"],"picked":"Adrenaline","floor":24.0},{"not_picked":["Slice+1","Backflip"],"picked":"Flying Knee+1","floor":27.0},{"not_picked":["Slice+1","Acrobatics"],"picked":"Burst","floor":28.0},{"not_picked":[],"picked":"Poisoned Stab+1","floor":35.0},{"not_picked":[],"picked":"Dramatic Entrance+1","floor":36.0},{"not_picked":["Bane+1"],"picked":"SKIP","floor":37.0},{"not_picked":[],"picked":"Deadly Poison+1","floor":39.0},{"not_picked":[],"picked":"Tactician+1","floor":45.0},{"not_picked":[],"picked":"Deadly Poison","floor":47.0},{"not_picked":["Blade Dance+1"],"picked":"SKIP","floor":48.0}],"player_experience":160359,"relics_obtained":[{"floor":7.0,"key":"Letter Opener"},{"floor":9.0,"key":"Anchor"},{"floor":10.0,"key":"Bag of Preparation"},{"floor":14.0,"key":"Sundial"},{"floor":20.0,"key":"Orichalcum"},{"floor":24.0,"key":"Molten Egg 2"},{"floor":26.0,"key":"Meat on the Bone"},{"floor":28.0,"key":"Blood Vial"},{"floor":39.0,"key":"Incense Burner"},{"floor":43.0,"key":"MawBank"},{"floor":45.0,"key":"Darkstone Periapt"},{"floor":47.0,"key":"Ninja Scroll"}],"event_choices":[{"event_name":"Masked Bandits","player_choice":"Fought over 401 gold","floor":19.0,"damage_taken":0.0},{"event_name":"The Joust","player_choice":"Bet on Owner","floor":19.0,"damage_taken":0.0},{"event_name":"Forgotten Altar","player_choice":"Shed Blood","floor":25.0,"damage_taken":0.0},{"event_name":"SensoryStone","player_choice":"Memory 2","floor":36.0,"damage_taken":0.0},{"event_name":"Falling","player_choice":"Removed Attack","floor":38.0,"damage_taken":0.0},{"event_name":"Mysterious Sphere","player_choice":"Fight","floor":39.0,"damage_taken":0.0},{"event_name":"Winding Halls","player_choice":"Embrace Madness","floor":46.0,"damage_taken":0.0}],"is_beta":false,"boss_relics":[{"not_picked":["Snecko Eye","Fusion Hammer"],"picked":"Orrery"},{"not_picked":["Astrolabe","Lizard Tail"],"picked":"Busted Crown"}],"items_purged_floors":[3,29,31,41],"is_endless":false,"potions_floor_spawned":[5,10,14,22,27,33,47,48],"ascension_level":3}