{"gold_per_floor":[118,118,7,20,35,35,69,87,87,102,116,66,97,110,110,214,214,232,247,257,257,257],"floor_reached":22,"playtime":910,"items_purged":["Regret"],"score":290,"play_id":"f6500b00-ce5a-4a7a-a96f-2ebd79278bab","local_time":"20180829143158","is_ascension_mode":true,"campfire_choices":[{"data":"Armaments","floor":6.0,"key":"SMITH"},{"data":"Bash","floor":15.0,"key":"SMITH"}],"neow_cost":"NONE","seed_source_timestamp":0,"circlet_count":0,"master_deck":["Strike_R","Strike_R","Strike_R","Strike_R","Strike_R","Defend_R","Defend_R","Defend_R","Bash+1","Clash","Intimidate","Perfected Strike","Armaments+1","Pommel Strike","Warcry","Iron Wave","Dropkick","Reaper","Hemokinesis","Double Tap","Clothesline+1","Spot Weakness","Inflame+1","Inflame+1"],"special_seed":0,"relics":["Burning Blood","NeowsBlessing","Nunchaku","Ginger","Peace Pipe","Boot","Runic Dome"],"potions_floor_usage":[],"damage_taken":[{"damage":0.0,"enemies":"Jaw Worm","floor":1.0,"turns":1.0},{"damage":0.0,"enemies":"2 Louse","floor":4.0,"turns":1.0},{"damage":0.0,"enemies":"Cultist","floor":5.0,"turns":1.0},{"damage":32.0,"enemies":"Gremlin Nob","floor":7.0,"turns":4.0},{"damage":1.0,"enemies":"Blue Slaver","floor":8.0,"turns":3.0},{"damage":0.0,"enemies":"Lots of Slimes","floor":10.0,"turns":2.0},{"damage":0.0,"enemies":"Large Slime","floor":11.0,"turns":4.0},{"damage":5.0,"enemies":"3 Sentries","floor":13.0,"turns":4.0},{"damage":21.0,"enemies":"Exordium Thugs","floor":14.0,"turns":5.0},{"damage":62.0,"enemies":"Hexaghost","floor":16.0,"turns":11.0},{"damage":18.0,"enemies":"2 Thieves","floor":18.0,"turns":4.0},{"damage":31.0,"enemies":"3 Byrds","floor":19.0,"turns":5.0},{"damage":27.0,"enemies":"Centurion and Healer","floor":20.0,"turns":5.0},{"damage":19,"enemies":"Snecko","floor":22,"turns":3}],"seed_played":"9213389847815786250","potions_obtained":[{"floor":8.0,"key":"Explosive Potion"},{"floor":10.0,"key":"Energy Potion"},{"floor":11.0,"key":"Explosive Potion"},{"floor":13.0,"key":"Energy Potion"},{"floor":16.0,"key":"SpeedPotion"},{"floor":20.0,"key":"AttackPotion"}],"is_trial":false,"path_per_floor":["M","?","$","M","M","R","E","M","T","M","M","?","E","M","R","B",null,"M","M","M","?"],"character_chosen":"IRONCLAD","items_purchased":["Intimidate"],"campfire_rested":0,"item_purchase_floors":[3],"current_hp_per_floor":[78,78,78,80,80,80,54,59,59,65,71,71,72,62,62,12,63,59,38,17,17,0],"gold":257,"neow_bonus":"THREE_ENEMY_KILL","is_prod":false,"is_daily":false,"chose_seed":false,"campfire_upgraded":2,"win_rate":0,"timestamp":1535545918,"path_taken":["M","?","$","?","M","R","E","M","T","M","M","?","E","M","R","BOSS","M","?","?","?","M"],"build_version":"2018-08-23v2","purchased_purges":1,"victory":false,"max_hp_per_floor":[80,80,80,80,80,80,80,80,80,80,80,80,80,80,80,80,80,80,80,80,80,80],"card_choices":[{"not_picked":["Iron Wave","Bloodletting"],"picked":"Clash","floor":1.0},{"not_picked":["Ghostly Armor","Feel No Pain"],"picked":"Perfected Strike","floor":4.0},{"not_picked":["Warcry","Sword Boomerang"],"picked":"Armaments","floor":5.0},{"not_picked":["Clothesline","Power Through"],"picked":"Pommel Strike","floor":7.0},{"not_picked":["Power Through","Wild Strike"],"picked":"Warcry","floor":8.0},{"not_picked":["True Grit","Power Through"],"picked":"Iron Wave","floor":10.0},{"not_picked":["Heavy Blade","Reckless Charge"],"picked":"Dropkick","floor":11.0},{"not_picked":["Juggernaut","Warcry"],"picked":"Reaper","floor":13.0},{"not_picked":["Thunderclap","Twin Strike"],"picked":"Hemokinesis","floor":14.0},{"not_picked":["Dark Embrace","Impervious"],"picked":"Double Tap","floor":16.0},{"not_picked":["Armaments+1","Headbutt"],"picked":"Clothesline+1","floor":18.0},{"not_picked":["Whirlwind+1","Pommel Strike"],"picked":"Spot Weakness","floor":19.0},{"not_picked":["Uppercut","Heavy Blade"],"picked":"Inflame+1","floor":20.0}],"player_experience":933410,"relics_obtained":[{"floor":7.0,"key":"Ginger"},{"floor":9.0,"key":"Peace Pipe"},{"floor":13.0,"key":"Boot"}],"event_choices":[{"event_name":"Big Fish","player_choice":"Box","floor":2.0,"damage_taken":0.0},{"event_name":"The Cleric","player_choice":"Card Removal","floor":12.0,"damage_taken":0.0},{"event_name":"Duplicator","player_choice":"One dupe","floor":21,"damage_taken":0}],"is_beta":false,"boss_relics":[{"not_picked":["Philosopher\u0027s Stone","Lizard Tail"],"picked":"Runic Dome"}],"items_purged_floors":[3],"is_endless":false,"potions_floor_spawned":[8,10,11,13,16,20],"killed_by":"Snecko","ascension_level":9}