{"gold_per_floor":[113,113,129,139,151,183,200,200,200,200,217,245,256,274,274,377,377,393,411,411,423,449,449,468,468,468,485,584,584,584,143,143,238,238,253,265,119,119,119,119,149,149,149,174,188,69,69,82,82,82,82,82,5,5],"floor_reached":54,"playtime":6909,"items_purged":["Strike_G"],"score":821,"play_id":"8f0799e0-a11d-4785-b115-2f27705f1f85","local_time":"20190219131148","is_ascension_mode":true,"campfire_choices":[{"floor":8,"key":"REST"},{"data":"Neutralize","floor":10,"key":"SMITH"},{"data":"Leg Sweep","floor":15,"key":"SMITH"},{"data":"Adrenaline","floor":23,"key":"SMITH"},{"data":"After Image","floor":25,"key":"SMITH"},{"data":"Footwork","floor":29,"key":"SMITH"},{"data":"Leg Sweep","floor":32,"key":"SMITH"},{"floor":40,"key":"RECALL"},{"data":"Footwork","floor":42,"key":"SMITH"},{"floor":47,"key":"REST"},{"data":"Noxious Fumes","floor":49,"key":"SMITH"},{"data":"Blade Dance","floor":52,"key":"SMITH"}],"neow_cost":"NONE","seed_source_timestamp":369175605172200,"circlet_count":0,"master_deck":["Defend_G","Defend_G","Defend_G","Strike_G","Strike_G","Survivor","Neutralize+1","Footwork+1","Quick Slash","Deflect","Flying Knee","Adrenaline+1","Dagger Spray","Dagger Throw","Backstab","Leg Sweep+1","PiercingWail","After Image+1","Wraith Form v2+1","Poisoned Stab+1","Finisher+1","Dash+1","Backflip+1","Dodge and Roll","Blade Dance+1","Cloak And Dagger+1","Footwork+1","Leg Sweep+1","Blade Dance+1","Writhe","Noxious Fumes+1","Escape Plan+1","Backstab","Footwork"],"relics":["Ring of the Snake","Centennial Puzzle","Shuriken","Gambling Chip","Astrolabe","Red Mask","Meat on the Bone","Ornamental Fan","Singing Bowl","WristBlade","Anchor","Pantograph","Bird Faced Urn"],"potions_floor_usage":[13,16,16,22,33,33,35,41,44,44,44,48,50,50],"damage_taken":[{"damage":1,"enemies":"Small Slimes","floor":1,"turns":4},{"damage":0,"enemies":"2 Louse","floor":3,"turns":4},{"damage":1,"enemies":"Jaw Worm","floor":4,"turns":5},{"damage":0,"enemies":"Large Slime","floor":5,"turns":6},{"damage":25,"enemies":"3 Sentries","floor":6,"turns":13},{"damage":1,"enemies":"Looter","floor":7,"turns":3},{"damage":0,"enemies":"Blue Slaver","floor":11,"turns":4},{"damage":9,"enemies":"Gremlin Nob","floor":12,"turns":3},{"damage":0,"enemies":"Gremlin Gang","floor":13,"turns":3},{"damage":8,"enemies":"Lots of Slimes","floor":14,"turns":2},{"damage":12,"enemies":"Hexaghost","floor":16,"turns":9},{"damage":1,"enemies":"Spheric Guardian","floor":18,"turns":4},{"damage":1,"enemies":"3 Byrds","floor":19,"turns":5},{"damage":2,"enemies":"Snecko","floor":21,"turns":6},{"damage":2,"enemies":"Masked Bandits","floor":22,"turns":7},{"damage":1,"enemies":"Centurion and Healer","floor":24,"turns":5},{"damage":0,"enemies":"3 Cultists","floor":27,"turns":6},{"damage":6,"enemies":"Champ","floor":33,"turns":14},{"damage":13,"enemies":"3 Darklings","floor":35,"turns":7},{"damage":0,"enemies":"Orb Walker","floor":36,"turns":4},{"damage":17,"enemies":"Reptomancer","floor":41,"turns":13},{"damage":52,"enemies":"Giant Head","floor":44,"turns":12},{"damage":3,"enemies":"Spire Growth","floor":45,"turns":6},{"damage":10,"enemies":"Transient","floor":48,"turns":5},{"damage":11,"enemies":"Awakened One","floor":50,"turns":22},{"damage":87,"enemies":"Shield and Spear","floor":54,"turns":8}],"seed_played":"-3456301225715015827","potions_obtained":[{"floor":1,"key":"Poison Potion"},{"floor":4,"key":"SpeedPotion"},{"floor":11,"key":"FairyPotion"},{"floor":12,"key":"EssenceOfSteel"},{"floor":14,"key":"Poison Potion"},{"floor":16,"key":"GhostInAJar"},{"floor":22,"key":"Poison Potion"},{"floor":33,"key":"Swift Potion"},{"floor":35,"key":"EntropicBrew"},{"floor":39,"key":"AttackPotion"},{"floor":44,"key":"Poison Potion"},{"floor":48,"key":"FearPotion"}],"is_trial":false,"path_per_floor":["M","?","M","M","M","E","M","R","T","R","M","E","M","M","R","B",null,"M","M","?","M","?","R","M","R","T","M","?","R","T","$","R","B",null,"M","M","$","?","?","R","E","R","T","E","M","$","R","M","R","B",null,"R","$","E"],"character_chosen":"THE_SILENT","items_purchased":["Singing Bowl","Leg Sweep","Energy Potion","Anchor","Backstab","Weak Potion","Footwork"],"campfire_rested":2,"item_purchase_floors":[31,31,31,37,46,46,53],"current_hp_per_floor":[69,69,69,68,68,43,42,63,63,63,63,54,54,46,46,34,70,69,68,55,53,51,51,50,50,50,50,50,50,50,50,50,46,77,64,66,66,79,79,79,64,64,64,24,41,41,65,61,61,72,83,83,83,0],"gold":5,"neow_bonus":"REMOVE_CARD","is_prod":false,"is_daily":false,"chose_seed":false,"campfire_upgraded":9,"win_rate":0,"timestamp":1550599908,"path_taken":["M","?","M","M","M","E","M","R","T","R","M","E","M","M","R","BOSS","M","M","?","M","?","R","M","R","T","M","?","R","?","$","R","BOSS","M","M","$","?","?","R","E","R","T","E","M","$","R","M","R","BOSS","R","$","E"],"build_version":"2019-01-23","purchased_purges":1,"victory":false,"max_hp_per_floor":[70,70,70,70,70,70,70,70,70,70,70,70,70,70,70,70,70,70,70,75,75,75,75,75,75,75,75,75,75,75,75,75,77,77,77,79,79,79,79,79,81,81,81,81,81,81,81,83,83,83,83,83,83,83],"card_choices":[{"not_picked":["Heel Hook","Deadly Poison"],"picked":"Footwork","floor":1},{"not_picked":["Slice","Dodge and Roll"],"picked":"Quick Slash","floor":3},{"not_picked":["Dagger Throw","Blade Dance"],"picked":"Deflect","floor":4},{"not_picked":["Dodge and Roll","Underhanded Strike"],"picked":"Flying Knee","floor":5},{"not_picked":["Dodge and Roll","Deflect"],"picked":"Adrenaline","floor":6},{"not_picked":["Underhanded Strike","Outmaneuver"],"picked":"Dagger Spray","floor":7},{"not_picked":["Catalyst","Expertise"],"picked":"Dagger Throw","floor":11},{"not_picked":["Burst","Acrobatics"],"picked":"Backstab","floor":12},{"not_picked":["Backflip","Outmaneuver"],"picked":"Leg Sweep","floor":13},{"not_picked":["Quick Slash","Underhanded Strike"],"picked":"PiercingWail","floor":14},{"not_picked":["Envenom","A Thousand Cuts"],"picked":"After Image","floor":16},{"not_picked":["Masterful Stab","Deflect"],"picked":"Dash+1","floor":18},{"not_picked":["Choke","Accuracy"],"picked":"Backflip+1","floor":19},{"not_picked":["All Out Attack","Skewer"],"picked":"Dodge and Roll","floor":21},{"not_picked":["Backstab","Leg Sweep+1"],"picked":"Blade Dance","floor":22},{"not_picked":["Dagger Spray","Heel Hook"],"picked":"Cloak And Dagger+1","floor":24},{"not_picked":["Distraction","Blur+1"],"picked":"Footwork","floor":27},{"not_picked":["Night Terror","Venomology","Glass Knife"],"picked":"Singing Bowl","floor":33},{"not_picked":["Slice+1","Flying Knee+1"],"picked":"Blade Dance+1","floor":35},{"not_picked":["Endless Agony","Bane","Doppelganger"],"picked":"Singing Bowl","floor":36},{"not_picked":["Bane+1","Dagger Throw","Reflex+1"],"picked":"Singing Bowl","floor":41},{"not_picked":["Terror+1","Slice+1"],"picked":"Noxious Fumes","floor":44},{"not_picked":["Dodge and Roll+1","Prepared"],"picked":"Escape Plan+1","floor":45},{"not_picked":["Dodge and Roll","Heel Hook","Flying Knee"],"picked":"Singing Bowl","floor":48}],"player_experience":269465,"relics_obtained":[{"floor":6,"key":"Centennial Puzzle"},{"floor":9,"key":"Shuriken"},{"floor":12,"key":"Gambling Chip"},{"floor":22,"key":"Red Mask"},{"floor":26,"key":"Meat on the Bone"},{"floor":30,"key":"Ornamental Fan"},{"floor":41,"key":"Pantograph"},{"floor":44,"key":"Bird Faced Urn"}],"event_choices":[{"damage_healed":0,"gold_gain":0,"player_choice":"Leave","damage_taken":0,"max_hp_gain":0,"max_hp_loss":0,"event_name":"The Cleric","floor":2,"gold_loss":0},{"damage_healed":0,"gold_gain":0,"player_choice":"Shed Blood","damage_taken":18,"max_hp_gain":5,"max_hp_loss":0,"event_name":"Forgotten Altar","floor":20,"gold_loss":0},{"damage_healed":0,"gold_gain":0,"player_choice":"Fought Bandits","damage_taken":0,"max_hp_gain":0,"max_hp_loss":0,"event_name":"Masked Bandits","floor":22,"gold_loss":0},{"damage_healed":0,"gold_gain":99,"player_choice":"Stole From Cult","damage_taken":0,"max_hp_gain":0,"max_hp_loss":0,"event_name":"Nest","floor":28,"gold_loss":0},{"damage_healed":20,"gold_gain":0,"player_choice":"Writhe","damage_taken":0,"max_hp_gain":0,"max_hp_loss":0,"event_name":"Winding Halls","floor":38,"gold_loss":0,"cards_obtained":["Writhe"]},{"damage_healed":0,"gold_gain":0,"player_choice":"Got Potions","damage_taken":0,"max_hp_gain":0,"max_hp_loss":0,"event_name":"Lab","floor":39,"gold_loss":0}],"is_beta":false,"boss_relics":[{"not_picked":["Ectoplasm","Sozu"],"picked":"Astrolabe"},{"not_picked":["Velvet Choker","Runic Pyramid"],"picked":"WristBlade"}],"items_purged_floors":[31],"is_endless":false,"potions_floor_spawned":[1,4,11,12,14,16,22,33,35,44,48],"killed_by":"Shield and Spear","ascension_level":4}