{"gold_per_floor":[116,116,42,42,42,42,67,81,81,102,102,27,27,43,43,143,143],"floor_reached":17,"playtime":2395,"items_purged":["Bash"],"score":176,"play_id":"00b344e0-c1e0-444c-9854-e954b5488772","local_time":"20180708055308","is_ascension_mode":false,"campfire_choices":[{"data":"True Grit","floor":6,"key":"SMITH"},{"data":"Dark Embrace","floor":11,"key":"SMITH"},{"data":"True Grit","floor":13,"key":"SMITH"},{"data":"Demon Form","floor":15,"key":"SMITH"}],"neow_cost":"NONE","seed_source_timestamp":5126143659689,"circlet_count":0,"master_deck":["Strike_R","Strike_R","Strike_R","Strike_R","Strike_R","Defend_R+1","Defend_R","Defend_R","Twin Strike+1","Headbutt+1","True Grit+1","Dark Embrace+1","Demon Form+1","True Grit+1","Power Through+1","Clothesline+1","Cleave+1"],"relics":["Burning Blood","NeowsBlessing","Vajra","Darkstone Periapt","Odd Mushroom","Astrolabe"],"potions_floor_usage":[],"damage_taken":[{"damage":0,"enemies":"Jaw Worm","floor":1,"turns":1},{"damage":0,"enemies":"3 Sentries","floor":7,"turns":2},{"damage":0,"enemies":"Cultist","floor":8,"turns":1},{"damage":15,"floor":10,"turns":5},{"damage":6,"enemies":"2 Louse","floor":14,"turns":5},{"damage":46,"enemies":"The Guardian","floor":16,"turns":8}],"seed_played":"-6405712040256551651","potions_obtained":[{"floor":8,"key":"SkillPotion"},{"floor":10,"key":"SmokeBomb"},{"floor":16,"key":"SpeedPotion"}],"is_trial":false,"path_per_floor":["M","?","$","?","?","R","E","M","T","?","R","$","R","M","R","B"],"character_chosen":"IRONCLAD","items_purchased":["Headbutt","True Grit"],"campfire_rested":0,"item_purchase_floors":[3,3],"current_hp_per_floor":[80,80,80,80,64,64,70,76,76,67,67,67,67,67,67,27,27],"gold":143,"neow_bonus":"THREE_ENEMY_KILL","is_prod":false,"is_daily":false,"chose_seed":false,"campfire_upgraded":4,"win_rate":0.0,"timestamp":1530996788,"path_taken":["M","?","$","?","?","R","E","?","T","?","R","?","R","M","R","BOSS"],"build_version":"2018-07-05","purchased_purges":1,"victory":false,"max_hp_per_floor":[80,80,80,80,80,80,80,80,80,80,80,80,80,80,80,80,80],"card_choices":[{"not_picked":["Uppercut","Thunderclap"],"picked":"Twin Strike","floor":1},{"not_picked":["Body Slam","Pommel Strike"],"picked":"Demon Form","floor":7},{"not_picked":["Thunderclap","Headbutt"],"picked":"True Grit","floor":8},{"not_picked":["Warcry","Spot Weakness"],"picked":"Burning Pact","floor":10},{"not_picked":["Heavy Blade","Pommel Strike","Clothesline"],"picked":"SKIP","floor":14},{"not_picked":["Feed","Demon Form"],"picked":"Barricade","floor":16}],"player_experience":21335,"relics_obtained":[{"floor":7,"key":"Vajra"},{"floor":9,"key":"Darkstone Periapt"},{"floor":10,"key":"Odd Mushroom"}],"event_choices":[{"event_name":"Upgrade Shrine","player_choice":"Upgraded","floor":2,"damage_taken":0},{"event_name":"Match and Keep!","player_choice":"1 cards matched","floor":4,"damage_taken":0},{"event_name":"Shining Light","player_choice":"Entered Light","floor":5,"damage_taken":0},{"event_name":"Mushrooms","player_choice":"Fought Mushrooms","floor":10,"damage_taken":0}],"boss_relics":[{"not_picked":["Runic Cube","Empty Cage"],"picked":"Astrolabe"}],"items_purged_floors":[12],"is_endless":false,"potions_floor_spawned":[8,10,16],"ascension_level":0}