{"gold_per_floor":[119,136,153,170,181,181,151,183,210,223,223,238,255,270,270,366,366,381,296,77,93,105,105,138,88,88,88,99,99,115,65,65,65],"floor_reached":33,"playtime":3127,"items_purged":["Strike_R","Strike_R","Strike_R"],"score":273,"play_id":"bfef55d6-27d1-41f4-9b24-868505afb015","local_time":"20190216233026","is_ascension_mode":false,"campfire_choices":[{"data":"Shrug It Off","floor":6,"key":"SMITH"},{"data":"Clothesline","floor":11,"key":"SMITH"},{"data":"True Grit","floor":15,"key":"SMITH"},{"data":"Pommel Strike","floor":23,"key":"SMITH"},{"data":"Whirlwind","floor":29,"key":"SMITH"},{"data":"Body Slam","floor":32,"key":"SMITH"}],"neow_cost":"NONE","seed_source_timestamp":150878756043200,"circlet_count":0,"master_deck":["Strike_R","Strike_R","Defend_R","Defend_R","Defend_R","Defend_R","Bash","Body Slam+1","Heavy Blade","Shrug It Off+1","Disarm","Clothesline+1","Iron Wave","Inflame","Cleave","Rampage","Whirlwind+1","True Grit+1","Demon Form","Thunderclap","Pommel Strike+1","Ghostly Armor","Iron Wave","Whirlwind+1"],"relics":["Burning Blood","NeowsBlessing","Incense Burner","Lantern","Sozu","Smiling Mask","Happy Flower","Juzu Bracelet"],"potions_floor_usage":[8,10,13,16,16,16,16,16,24,33],"damage_taken":[{"damage":0,"enemies":"Cultist","floor":1,"turns":1},{"damage":0,"enemies":"Jaw Worm","floor":2,"turns":1},{"damage":0,"enemies":"2 Louse","floor":3,"turns":1},{"damage":5,"enemies":"2 Fungi Beasts","floor":4,"turns":4},{"damage":8,"enemies":"3 Louse","floor":5,"turns":5},{"damage":7,"enemies":"Looter","floor":7,"turns":4},{"damage":18,"enemies":"Gremlin Nob","floor":8,"turns":4},{"damage":19,"enemies":"Exordium Thugs","floor":10,"turns":5},{"damage":0,"enemies":"Large Slime","floor":12,"turns":5},{"damage":14,"enemies":"Gremlin Gang","floor":13,"turns":5},{"damage":5,"enemies":"Exordium Thugs","floor":14,"turns":4},{"damage":12,"enemies":"The Guardian","floor":16,"turns":11},{"damage":20,"enemies":"Chosen","floor":18,"turns":6},{"damage":5,"enemies":"Shell Parasite","floor":21,"turns":5},{"damage":18,"enemies":"Snecko","floor":22,"turns":7},{"damage":24,"enemies":"Book of Stabbing","floor":24,"turns":6},{"damage":8,"enemies":"Shelled Parasite and Fungi","floor":28,"turns":7},{"damage":1,"enemies":"Centurion and Healer","floor":30,"turns":6},{"damage":69,"enemies":"Collector","floor":33,"turns":9}],"seed_played":"8481962090956513078","potions_obtained":[{"floor":2,"key":"SteroidPotion"},{"floor":3,"key":"LiquidBronze"},{"floor":4,"key":"EntropicBrew"},{"floor":8,"key":"Weak Potion"},{"floor":14,"key":"EntropicBrew"},{"floor":16,"key":"Strength Potion"}],"is_trial":false,"path_per_floor":["M","M","M","M","M","R","M","E","T","M","R","M","M","M","R","B",null,"M","?","$","M","M","R","E","$","T","?","M","R","M","$","R","B"],"character_chosen":"IRONCLAD","items_purchased":["Pommel Strike","Happy Flower"],"campfire_rested":0,"item_purchase_floors":[20,20],"current_hp_per_floor":[80,80,80,80,78,78,77,65,65,52,52,58,50,51,51,45,80,66,66,66,67,55,55,37,37,37,63,61,61,66,66,66,0],"gold":65,"neow_bonus":"THREE_ENEMY_KILL","is_prod":false,"is_daily":false,"chose_seed":false,"campfire_upgraded":6,"win_rate":0,"timestamp":1550377826,"path_taken":["M","M","M","?","M","R","M","E","T","?","R","M","M","M","R","BOSS","M","?","$","M","M","R","E","$","T","?","M","R","M","$","R","BOSS"],"build_version":"2019-01-23","purchased_purges":3,"victory":false,"max_hp_per_floor":[80,80,80,80,80,80,80,80,80,80,80,80,80,80,80,80,80,80,80,80,80,80,80,80,80,80,80,80,80,80,80,80,80],"card_choices":[{"not_picked":["Clash","Fire Breathing"],"picked":"Body Slam","floor":1},{"not_picked":["Sword Boomerang","Sentinel"],"picked":"Heavy Blade","floor":2},{"not_picked":["Pommel Strike","Warcry"],"picked":"Shrug It Off","floor":3},{"not_picked":["Battle Trance","Intimidate"],"picked":"Disarm","floor":4},{"not_picked":["Clash","Intimidate"],"picked":"Clothesline","floor":5},{"not_picked":["Carnage","Havoc"],"picked":"Iron Wave","floor":7},{"not_picked":["Immolate","True Grit"],"picked":"Inflame","floor":8},{"not_picked":["Bloodletting","Perfected Strike"],"picked":"Cleave","floor":10},{"not_picked":["Perfected Strike","Power Through"],"picked":"Rampage","floor":12},{"not_picked":["Corruption","Sentinel"],"picked":"Whirlwind","floor":13},{"not_picked":["Clash","Battle Trance"],"picked":"True Grit","floor":14},{"not_picked":["Brutality","Double Tap"],"picked":"Demon Form","floor":16},{"not_picked":["Clothesline","Warcry"],"picked":"Thunderclap","floor":18},{"not_picked":["Feel No Pain","Fire Breathing"],"picked":"Ghostly Armor","floor":21},{"not_picked":["Anger","Heavy Blade+1","Intimidate"],"picked":"SKIP","floor":22},{"not_picked":["Bloodletting","Sword Boomerang"],"picked":"Iron Wave","floor":24},{"not_picked":["Clothesline+1","Rampage","Hemokinesis"],"picked":"SKIP","floor":28},{"not_picked":["Cleave","Clothesline"],"picked":"Whirlwind+1","floor":30}],"player_experience":192070,"relics_obtained":[{"floor":8,"key":"Incense Burner"},{"floor":9,"key":"Lantern"},{"floor":24,"key":"Juzu Bracelet"}],"event_choices":[{"damage_healed":0,"gold_gain":0,"player_choice":"Obtained Relic","damage_taken":0,"relics_obtained":["Smiling Mask"],"max_hp_gain":0,"max_hp_loss":0,"event_name":"Addict","floor":19,"gold_loss":85},{"damage_healed":26,"gold_gain":0,"player_choice":"Heal","damage_taken":0,"max_hp_gain":0,"max_hp_loss":0,"event_name":"The Library","floor":27,"gold_loss":0}],"is_beta":false,"boss_relics":[{"not_picked":["Runic Cube","Runic Pyramid"],"picked":"Sozu"}],"items_purged_floors":[20,25,31],"is_endless":false,"potions_floor_spawned":[2,3,4,8,14,16,18,21,24,30],"killed_by":"Collector","ascension_level":0}