{"gold_per_floor":[112,123,143,16,16,51,51,51,51,115,129,129,147,98,98,228,228,242,261,276,301,301,301,319,319,343,468,481,169,169,97,97,226,226,242,242,242,262,262,262,70,89,89,113,113,131,40,67,67,67],"floor_reached":51,"playtime":5899,"items_purged":["Decay"],"score":682,"play_id":"c1617ee2-a73c-48b5-a7c0-358483ed3125","local_time":"20190221010552","is_ascension_mode":true,"campfire_choices":[{"floor":8,"key":"REST"},{"floor":15,"key":"REST"},{"floor":23,"key":"REST"},{"floor":25,"key":"REST"},{"floor":32,"key":"REST"},{"floor":40,"key":"REST"},{"floor":45,"key":"REST"},{"floor":49,"key":"REST"}],"neow_cost":"CURSE","seed_source_timestamp":525098224682800,"circlet_count":0,"master_deck":["Defend_G+1","Defend_G","Defend_G","Defend_G","Defend_G","Strike_G+1","Strike_G","Strike_G+1","Survivor","Neutralize","Sucker Punch","Flying Knee","Die Die Die","Cloak And Dagger+1","Quick Slash","Cloak And Dagger","Dagger Spray","A Thousand Cuts","Acrobatics+1","Skewer","Crippling Poison","Infinite Blades+1","Well Laid Plans","Noxious Fumes","Infinite Blades","Dash+1","Madness","Madness","Noxious Fumes","Terror+1","Poisoned Stab","Footwork","PiercingWail","Accuracy","Blade Dance+1"],"relics":["Ring of the Serpent","Nunchaku","Golden Idol","Mercury Hourglass","Dead Branch","Whetstone","Fusion Hammer","Blood Vial","Tough Bandages","Matryoshka","Shuriken","Dream Catcher","Lantern","Happy Flower","Orichalcum","Bag of Marbles"],"potions_floor_usage":[6,16,19,20,24,42,50],"damage_taken":[{"damage":1,"enemies":"Small Slimes","floor":1,"turns":4},{"damage":0,"enemies":"2 Louse","floor":2,"turns":4},{"damage":2,"enemies":"Cultist","floor":3,"turns":4},{"damage":18,"enemies":"Gremlin Nob","floor":6,"turns":4},{"damage":18,"enemies":"Gremlin Nob","floor":10,"turns":4},{"damage":0,"enemies":"Large Slime","floor":11,"turns":4},{"damage":0,"enemies":"Looter","floor":13,"turns":2},{"damage":21,"enemies":"Slime Boss","floor":16,"turns":7},{"damage":0,"enemies":"Chosen","floor":18,"turns":3},{"damage":4,"enemies":"Shell Parasite","floor":19,"turns":6},{"damage":0,"enemies":"Snecko","floor":20,"turns":4},{"damage":35,"enemies":"Centurion and Healer","floor":21,"turns":4},{"damage":17,"enemies":"Snake Plant","floor":24,"turns":4},{"damage":6,"enemies":"Colosseum Slavers","floor":27,"turns":3},{"damage":20,"enemies":"Colosseum Nobs","floor":27,"turns":4},{"damage":2,"enemies":"Cultist and Chosen","floor":28,"turns":4},{"damage":25,"enemies":"Collector","floor":33,"turns":5},{"damage":0,"enemies":"Orb Walker","floor":35,"turns":3},{"damage":10,"enemies":"3 Darklings","floor":38,"turns":4},{"damage":17,"enemies":"4 Shapes","floor":42,"turns":4},{"damage":0,"enemies":"Sphere and 2 Shapes","floor":44,"turns":3},{"damage":4,"enemies":"Jaw Worm Horde","floor":46,"turns":3},{"damage":37,"enemies":"Donu and Deca","floor":50,"turns":6}],"seed_played":"2847692784836471976","potions_obtained":[{"floor":2,"key":"Fire Potion"},{"floor":10,"key":"GamblersBrew"},{"floor":11,"key":"Weak Potion"},{"floor":16,"key":"Dexterity Potion"},{"floor":19,"key":"Block Potion"},{"floor":20,"key":"FearPotion"},{"floor":28,"key":"GhostInAJar"},{"floor":33,"key":"Energy Potion"},{"floor":44,"key":"Fire Potion"}],"is_trial":false,"path_per_floor":["M","M","M","$","?","E","$","R","T","?","M","?","M","$","R","B",null,"M","M","M","M","?","R","M","R","T","?","M","$","?","$","R","B",null,"M","?","?","M","?","R","$","M","T","M","R","M","$","T","R","B",null],"character_chosen":"THE_SILENT","items_purchased":["Cloak And Dagger","Dagger Spray","Shuriken","Noxious Fumes","Infinite Blades","Noxious Fumes","Dream Catcher","PiercingWail","Accuracy"],"campfire_rested":8,"item_purchase_floors":[4,14,29,29,31,41,41,47,47],"current_hp_per_floor":[69,69,67,67,50,32,32,53,53,35,35,21,21,21,42,21,70,70,66,66,31,31,52,35,56,56,34,34,34,34,34,55,32,70,70,70,70,60,51,70,70,53,53,55,70,66,66,66,70,33],"gold":67,"neow_bonus":"ONE_RARE_RELIC","is_prod":false,"is_daily":false,"chose_seed":false,"campfire_upgraded":0,"win_rate":0,"timestamp":1550729152,"path_taken":["M","M","M","$","?","E","$","R","T","?","M","?","M","$","R","BOSS","M","M","M","M","?","R","?","R","T","?","M","$","?","$","R","BOSS","M","?","?","M","?","R","$","M","T","M","R","?","?","?","R","BOSS"],"build_version":"2019-01-23","purchased_purges":1,"victory":true,"max_hp_per_floor":[70,70,70,70,70,70,70,70,70,70,70,70,70,70,70,70,70,70,70,70,70,70,70,70,70,70,70,70,70,70,70,70,70,70,70,70,70,70,70,70,70,70,70,70,70,70,70,70,70,70],"card_choices":[{"not_picked":["Predator","Choke"],"picked":"Sucker Punch","floor":1},{"not_picked":["Sucker Punch","Blur"],"picked":"Flying Knee","floor":2},{"not_picked":["Flying Knee","Acrobatics"],"picked":"Die Die Die","floor":3},{"not_picked":["Acrobatics","Underhanded Strike","Flying Knee"],"picked":"SKIP","floor":6},{"not_picked":["Prepared","Deadly Poison"],"picked":"Quick Slash","floor":11},{"not_picked":["Backflip","Heel Hook"],"picked":"Cloak And Dagger","floor":13},{"not_picked":["Doppelganger","Unload"],"picked":"A Thousand Cuts","floor":16},{"not_picked":["Underhanded Strike","Outmaneuver+1"],"picked":"Acrobatics+1","floor":18},{"not_picked":["Deflect","Dagger Throw","Outmaneuver"],"picked":"SKIP","floor":19},{"not_picked":["Slice","Deadly Poison+1"],"picked":"Skewer","floor":20},{"not_picked":["Flechettes+1","Prepared","Unload"],"picked":"SKIP","floor":21},{"not_picked":["Dash","Tactician"],"picked":"Crippling Poison","floor":24},{"not_picked":["Acrobatics","Deflect"],"picked":"Infinite Blades+1","floor":27},{"not_picked":["Blur","Prepared"],"picked":"Well Laid Plans","floor":28},{"not_picked":["Reflex+1","Caltrops"],"picked":"Dash+1","floor":35},{"not_picked":["Flechettes","Slice","Blade Dance"],"picked":"SKIP","floor":38},{"not_picked":["Sucker Punch+1","Flying Knee"],"picked":"Terror+1","floor":42},{"not_picked":["Dodge and Roll","Outmaneuver+1","Blade Dance+1"],"picked":"SKIP","floor":44},{"not_picked":["Prepared+1","Tactician+1"],"picked":"Poisoned Stab","floor":45},{"not_picked":["Underhanded Strike+1","Prepared+1"],"picked":"Footwork","floor":46},{"not_picked":["Riddle With Holes+1","Dodge and Roll+1"],"picked":"Blade Dance+1","floor":49}],"player_experience":244259,"relics_obtained":[{"floor":6,"key":"Mercury Hourglass"},{"floor":9,"key":"Dead Branch"},{"floor":10,"key":"Whetstone"},{"floor":26,"key":"Blood Vial"},{"floor":27,"key":"Tough Bandages"},{"floor":27,"key":"Matryoshka"},{"floor":43,"key":"Lantern"},{"floor":43,"key":"Happy Flower"},{"floor":48,"key":"Orichalcum"},{"floor":48,"key":"Bag of Marbles"}],"event_choices":[{"damage_healed":0,"gold_gain":0,"player_choice":"Take Damage","damage_taken":17,"relics_obtained":["Golden Idol"],"max_hp_gain":0,"max_hp_loss":0,"event_name":"Golden Idol","floor":5,"gold_loss":0},{"damage_healed":0,"gold_gain":30,"player_choice":"Searched \u00272\u0027 times","damage_taken":0,"max_hp_gain":0,"max_hp_loss":0,"event_name":"Dead Adventurer","floor":10,"gold_loss":0},{"damage_healed":0,"gold_gain":0,"player_choice":"Entered Light","damage_taken":14,"max_hp_gain":0,"max_hp_loss":0,"event_name":"Shining Light","floor":12,"gold_loss":0,"cards_upgraded":["Defend_G","Cloak And Dagger"]},{"cards_removed":["Strike_G"],"damage_healed":0,"gold_gain":0,"player_choice":"Purged","damage_taken":0,"max_hp_gain":0,"max_hp_loss":0,"event_name":"Purifier","floor":22,"gold_loss":0},{"damage_healed":0,"gold_gain":0,"player_choice":"Fight","damage_taken":0,"max_hp_gain":0,"max_hp_loss":0,"event_name":"Colosseum","floor":27,"gold_loss":0},{"damage_healed":0,"gold_gain":0,"player_choice":"Fought Nobs","damage_taken":0,"max_hp_gain":0,"max_hp_loss":0,"event_name":"Colosseum","floor":27,"gold_loss":0},{"damage_healed":0,"gold_gain":0,"player_choice":"Ignored","damage_taken":0,"max_hp_gain":0,"max_hp_loss":0,"event_name":"Ghosts","floor":30,"gold_loss":0},{"damage_healed":0,"gold_gain":0,"player_choice":"Ignored","damage_taken":0,"max_hp_gain":0,"max_hp_loss":0,"event_name":"Tomb of Lord Red Mask","floor":36,"gold_loss":0},{"cards_removed":["Strike_G"],"damage_healed":0,"gold_gain":0,"player_choice":"Removed Attack","damage_taken":0,"max_hp_gain":0,"max_hp_loss":0,"event_name":"Falling","floor":37,"gold_loss":0},{"damage_healed":0,"gold_gain":0,"player_choice":"Embrace Madness","damage_taken":9,"max_hp_gain":0,"max_hp_loss":0,"event_name":"Winding Halls","floor":39,"gold_loss":0,"cards_obtained":["Madness","Madness"]}],"is_beta":false,"boss_relics":[{"not_picked":["Cursed Key","Runic Pyramid"],"picked":"Fusion Hammer"},{"not_picked":["Eternal Feather","Lizard Tail"],"picked":"Ring of the Serpent"}],"items_purged_floors":[4],"is_endless":false,"potions_floor_spawned":[2,10,11,16,19,20,28,33,38,44],"ascension_level":2}