{"gold_per_floor":[119,119,131,131,150,150,185,185,237,248,28,55,71,88,88,184,184,194,210,210,210,221,221],"floor_reached":23,"playtime":5071,"items_purged":["Regret"],"score":254,"play_id":"22f0c54c-24e3-46cf-84e9-1ce115eb749a","local_time":"20180630190811","is_ascension_mode":true,"campfire_choices":[{"data":"Streamline","floor":6,"key":"SMITH"},{"data":"Cold Snap","floor":8,"key":"SMITH"},{"floor":15,"key":"REST"}],"neow_cost":"NONE","seed_source_timestamp":172080451106596,"circlet_count":0,"master_deck":["Strike_B","Strike_B","Strike_B","Strike_B","Defend_B","Defend_B+1","Defend_B","Defend_B","Zap+1","Dualcast","Streamline","Streamline+1","Cold Snap+1","Sweeping Beam","White Noise","Genetic Algorithm","Auto Shields","Conserve Battery","Seek","Leap","Hologram","Conserve Battery+1"],"relics":["Sozu","Ancient Tea Set","War Paint","Orichalcum","Singing Bowl","Dead Branch","Black Star","DataDisk"],"potions_floor_usage":[],"damage_taken":[{"damage":0,"enemies":"2 Louse","floor":1,"turns":2},{"damage":1,"enemies":"Small Slimes","floor":3,"turns":3},{"damage":2,"enemies":"Cultist","floor":5,"turns":4},{"damage":16,"enemies":"Gremlin Nob","floor":7,"turns":4},{"damage":6,"enemies":"Looter","floor":10,"turns":2},{"damage":26,"enemies":"Lagavulin","floor":12,"turns":5},{"damage":0,"enemies":"Gremlin Gang","floor":13,"turns":3},{"damage":0,"enemies":"Large Slime","floor":14,"turns":6},{"damage":9,"enemies":"Hexaghost","floor":16,"turns":11},{"damage":23,"enemies":"Chosen","floor":18,"turns":5},{"damage":9,"enemies":"Spheric Guardian","floor":19,"turns":5},{"damage":28,"enemies":"Cultist and Chosen","floor":22,"turns":7},{"damage":25,"enemies":"Gremlin Leader","floor":23,"turns":2}],"seed_played":"4396399790108185876","potions_obtained":[],"is_trial":false,"path_per_floor":["M","?","M","?","M","R","E","R","T","M","$","E","M","M","R","B",null,"M","M","?","T","M"],"character_chosen":"DEFECT","items_purchased":["Singing Bowl"],"campfire_rested":1,"item_purchase_floors":[11],"current_hp_per_floor":[75,75,74,74,72,72,56,56,56,50,50,24,24,24,46,37,66,50,41,41,41,20,0],"gold":221,"neow_bonus":"BOSS_RELIC","is_prod":false,"is_daily":false,"chose_seed":false,"campfire_upgraded":2,"win_rate":0,"timestamp":1530378491,"path_taken":["M","?","?","?","M","R","E","R","T","M","$","E","M","M","R","BOSS","M","M","?","?","?","E"],"build_version":"2018-06-28","purchased_purges":1,"victory":false,"max_hp_per_floor":[75,75,75,75,75,75,75,75,75,75,75,75,75,75,75,75,75,75,75,75,75,75,75],"card_choices":[{"not_picked":["Ball Lightning","Sweeping Beam"],"picked":"Streamline","floor":1},{"not_picked":["Stack","Rip and Tear"],"picked":"Streamline","floor":3},{"not_picked":["Hello World","Streamline"],"picked":"Cold Snap","floor":5},{"not_picked":["Melter","Rebound"],"picked":"Sweeping Beam","floor":7},{"not_picked":["Reprogram","Cold Snap"],"picked":"White Noise","floor":10},{"not_picked":["Lockon","Ball Lightning"],"picked":"Genetic Algorithm","floor":12},{"not_picked":["Heatsinks","Reboot"],"picked":"Auto Shields","floor":13},{"not_picked":["Force Field","Coolheaded"],"picked":"Conserve Battery","floor":14},{"not_picked":["Hyperbeam","Meteor Strike"],"picked":"Seek","floor":16},{"not_picked":["Coolheaded","Go for the Eyes"],"picked":"Leap","floor":18},{"not_picked":["Loop","Beam Cell"],"picked":"Hologram","floor":19},{"not_picked":["Go for the Eyes+1","BootSequence"],"picked":"Conserve Battery+1","floor":22}],"player_experience":796085,"relics_obtained":[{"floor":7,"key":"War Paint"},{"floor":9,"key":"Orichalcum"},{"floor":12,"key":"Dead Branch"},{"floor":21,"key":"DataDisk"}],"event_choices":[{"event_name":"Big Fish","player_choice":"Box","floor":2,"damage_taken":0},{"event_name":"The Lab","player_choice":"Got Potions","floor":4,"damage_taken":0},{"event_name":"Ghosts","player_choice":"Ignored","floor":20,"damage_taken":0}],"boss_relics":[{"not_picked":["Tiny House","Busted Crown"],"picked":"Black Star"}],"items_purged_floors":[11],"is_endless":false,"potions_floor_spawned":[3,12,13,14,18],"killed_by":"Gremlin Leader","ascension_level":5}