{"path_per_floor":["M","M","M","?","M","E","M","R","T","?","$","?","M","$","R","B",null,"M","$","?","M","M","R","E","R","T","M","?","M","M","?","R"],"character_chosen":"THE_SILENT","items_purchased":["Lantern","Bronze Scales"],"gold_per_floor":[17,30,40,40,58,87,104,104,104,179,31,31,49,49,49,149,179,189,39,39,53,72,72,136,136,162,181,181,201,215,215,215,215],"floor_reached":33,"campfire_rested":4,"playtime":2593,"current_hp_per_floor":[70,66,66,66,65,45,43,43,50,39,39,39,30,30,53,23,82,72,72,72,56,36,60,29,53,53,51,51,42,13,13,37,0],"items_purged":[],"gold":215,"score":348,"play_id":"38a7853e-3708-423d-9176-70bef90864a5","local_time":"20180512120424","is_prod":false,"is_daily":false,"chose_seed":false,"is_ascension_mode":true,"campfire_upgraded":1,"timestamp":1526119464,"path_taken":["M","M","M","?","?","E","M","R","T","?","$","?","M","?","R","BOSS","M","$","?","M","?","R","E","R","T","M","?","M","M","?","R","BOSS"],"build_version":"2018-05-10","seed_source_timestamp":63801023978680,"purchased_purges":0,"victory":false,"master_deck":["Defend_G","Defend_G","Defend_G","Defend_G+1","Strike_G","Strike_G","Strike_G","Strike_G","Survivor","Neutralize","Infinite Blades","Accuracy+1","Dagger Spray","Infinite Blades","Terror+1","Neutralize+1","Cloak And Dagger+1","Burst","Glass Knife","Cloak And Dagger+1","Cloak And Dagger","Backflip+1","Cloak And Dagger","Decay"],"max_hp_per_floor":[70,70,70,70,70,70,70,70,77,77,77,77,77,77,77,77,82,82,82,82,82,82,82,82,82,82,82,82,82,82,82,82,82],"relics":["Ring of the Snake","War Paint","Strawberry","Lantern","Tiny House","Bronze Scales","Tiny Chest","Happy Flower"],"card_choices":[{"not_picked":["Slice","Bouncing Flask"],"picked":"Dagger Spray","floor":1},{"not_picked":["Slice","Outmaneuver"],"picked":"Infinite Blades","floor":3},{"not_picked":["Noxious Fumes","Quick Slash"],"picked":"Cloak And Dagger","floor":5},{"not_picked":["Outmaneuver","Prepared"],"picked":"Burst","floor":7},{"not_picked":["Grand Finale","Venomology"],"picked":"Glass Knife","floor":16},{"not_picked":["Backflip","Quick Slash"],"picked":"Cloak And Dagger","floor":18},{"not_picked":["Bane","Endless Agony"],"picked":"Backflip","floor":21},{"not_picked":["Sucker Punch","Skewer"],"picked":"Cloak And Dagger","floor":22}],"player_experience":463979,"potions_floor_usage":[16,16,16,21,21,21,30],"damage_taken":[{"damage":0,"enemies":"Cultist","floor":1,"turns":4},{"damage":4,"enemies":"Small Slimes","floor":2,"turns":3},{"damage":0,"enemies":"2 Louse","floor":3,"turns":3},{"damage":1,"enemies":"Looter","floor":5,"turns":3},{"damage":20,"enemies":"3 Sentries","floor":6,"turns":6},{"damage":2,"enemies":"3 Louse","floor":7,"turns":3},{"damage":9,"enemies":"Red Slaver","floor":13,"turns":4},{"damage":30,"enemies":"Hexaghost","floor":16,"turns":6},{"damage":10,"enemies":"Shell Parasite","floor":18,"turns":4},{"damage":16,"enemies":"2 Thieves","floor":21,"turns":2},{"damage":20,"enemies":"Cultist and Chosen","floor":22,"turns":6},{"damage":31,"enemies":"Slavers","floor":24,"turns":5},{"damage":2,"enemies":"Chosen and Byrds","floor":27,"turns":4},{"damage":9,"enemies":"Centurion and Healer","floor":29,"turns":5},{"damage":29,"enemies":"Snecko","floor":30,"turns":7},{"damage":53,"enemies":"Automaton","floor":33,"turns":6}],"event_choices":[{"event_name":"Match and Keep!","player_choice":"2 cards matched","floor":4,"damage_taken":0},{"event_name":"World of Goop","player_choice":"Gather Gold","floor":10,"damage_taken":0},{"event_name":"Upgrade Shrine","player_choice":"Upgraded","floor":12,"damage_taken":0},{"event_name":"The Library","player_choice":"Read","floor":20,"damage_taken":0},{"event_name":"Forgotten Altar","player_choice":"Smashed Altar","floor":28,"damage_taken":0},{"event_name":"Vampires","player_choice":"Ignored","floor":31,"damage_taken":0}],"boss_relics":[{"not_picked":["Runic Pyramid","White Beast Statue"],"picked":"Tiny House"}],"potions_floor_spawned":[5,6,13,16,18,29,30],"seed_played":"-1348249635494745484","killed_by":"Automaton","ascension_level":4,"is_trial":false}