{"path_per_floor":["M","M","?","M","$","E","?","E","T","E","R","?","$","M","R","B",null,"M","?","?","T","$","E","?","M","T","E","$","R","M","M","R","B",null,"M","$","?","M","?","E","R","$","T","M","T","?","M","E","R"],"character_chosen":"IRONCLAD","items_purchased":["Dropkick","Poison Potion","Toxic Egg 2","Spot Weakness","Warcry+1","True Grit+1","Seeing Red+1","Seeing Red+1"],"gold_per_floor":[118,130,130,146,28,63,238,270,294,323,323,323,36,49,49,151,151,163,86,86,86,60,86,86,98,98,157,111,111,125,137,137,234,234,249,169,0,11,11,44,44,10,10,30,103,103,117,144,144,144],"floor_reached":50,"campfire_rested":6,"playtime":4445,"item_purchase_floors":[],"current_hp_per_floor":[77,76,76,76,76,57,57,33,33,17,41,41,41,31,55,8,62,45,45,45,59,59,34,41,35,35,22,22,52,58,52,83,17,82,87,87,87,90,80,52,85,85,85,90,90,90,80,71,104,0],"items_purged":[],"gold":144,"score":820,"play_id":"29abc377-b1ec-49c1-8df4-70271aa968bd","local_time":"20180604215808","is_prod":false,"is_daily":false,"chose_seed":false,"is_ascension_mode":true,"campfire_upgraded":0,"win_rate":0,"timestamp":1528142288,"campfire_choices":[{"floor":11.0,"key":"REST"},{"floor":15.0,"key":"REST"},{"floor":29.0,"key":"REST"},{"floor":32.0,"key":"REST"},{"floor":41,"key":"REST"},{"floor":49,"key":"REST"}],"path_taken":["M","M","?","M","$","E","?","E","T","E","R","?","$","M","R","BOSS","M","?","?","?","?","E","?","M","T","E","$","R","?","?","R","BOSS","M","$","?","M","?","E","R","?","T","?","?","?","?","E","R","BOSS"],"build_version":"2018-05-31","seed_source_timestamp":146246511283560,"purchased_purges":0,"victory":false,"master_deck":["Strike_R","Strike_R+1","Strike_R","Strike_R","Defend_R","Defend_R","Defend_R","Defend_R","Bash+1","Thunderclap","Evolve","Blood for Blood+1","Dropkick","Feed","Shrug It Off","Carnage","Wild Strike","Spot Weakness+1","Wild Strike","Immolate","Battle Trance+1","Shrug It Off+1","Warcry+1","Armaments+1","True Grit+1","Ghostly Armor+1","Second Wind+1","Ghostly Armor+1","Inflame","Limit Break+1","Iron Wave+1","Seeing Red+1","Flex+1","Panache","Secret Technique+1","Blind+1","Infernal Blade+1","Seeing Red+1","Flex+1","Secret Technique+1","Heavy Blade+1","Intimidate+1","Shrug It Off+1"],"max_hp_per_floor":[80,80,80,80,80,80,80,80,80,80,80,80,80,80,80,80,80,80,80,80,94,94,94,101,101,101,101,101,101,101,104,104,104,104,107,107,107,110,110,110,110,110,110,110,110,110,110,110,110,110],"relics":["Burning Blood","Dream Catcher","Art of War","Whetstone","Kunai","Toxic Egg 2","Runic Dome","Mango","Question Card","Strawberry","Pantograph","Tiny Chest","Mark of Pain","Red Mask","Champion Belt","Pen Nib","Meat on the Bone","Toolbox"],"card_choices":[{"not_picked":["Flex","Seeing Red"],"picked":"Thunderclap","floor":1.0},{"not_picked":["Cleave","Clash"],"picked":"Evolve","floor":2.0},{"not_picked":["Second Wind","Thunderclap"],"picked":"Blood for Blood","floor":4.0},{"not_picked":["Hemokinesis","Perfected Strike"],"picked":"Feed","floor":6.0},{"not_picked":["Intimidate","Anger"],"picked":"Shrug It Off","floor":8.0},{"not_picked":["Thunderclap","Headbutt"],"picked":"Carnage","floor":10.0},{"not_picked":["Sever Soul","Havoc"],"picked":"Wild Strike","floor":11.0},{"not_picked":["Burning Pact+1","Thunderclap","Clothesline"],"picked":"SKIP","floor":14.0},{"not_picked":["Dark Embrace","Iron Wave"],"picked":"Wild Strike","floor":15.0},{"not_picked":["Demon Form","Dark Embrace"],"picked":"Immolate","floor":16.0},{"not_picked":["Anger","Evolve"],"picked":"Battle Trance+1","floor":18.0},{"not_picked":["Flex+1","Thunderclap+1","Clash+1"],"picked":"SKIP","floor":23.0},{"not_picked":["Clothesline","Burning Pact+1","Evolve","Flex+1"],"picked":"SKIP","floor":25.0},{"not_picked":["Body Slam","Warcry+1","Corruption"],"picked":"Armaments+1","floor":27.0},{"not_picked":["Offering+1","Iron Wave","Wild Strike+1"],"picked":"Ghostly Armor+1","floor":29.0},{"not_picked":["Wild Strike","Flex+1","Twin Strike+1"],"picked":"Second Wind+1","floor":30.0},{"not_picked":["Hemokinesis","Sentinel+1","Shrug It Off+1"],"picked":"Ghostly Armor+1","floor":31.0},{"not_picked":["Havoc+1","Clash","Twin Strike"],"picked":"Inflame","floor":32.0},{"not_picked":["Feed","Fiend Fire","Immolate"],"picked":"Limit Break+1","floor":33},{"not_picked":["Clash","Anger","Havoc+1"],"picked":"Iron Wave+1","floor":35},{"not_picked":["Perfected Strike+1","Pommel Strike","Armaments+1"],"picked":"Flex+1","floor":38},{"not_picked":["Finesse+1","Enlightenment+1","Bandage Up+1"],"picked":"Panache","floor":39},{"not_picked":["Magnetism","Flash of Steel","Jack Of All Trades+1"],"picked":"Secret Technique+1","floor":39},{"not_picked":["Panache","Dark Shackles+1","Deep Breath+1"],"picked":"Blind+1","floor":39},{"not_picked":["Pommel Strike","Twin Strike+1","Clothesline","Perfected Strike+1"],"picked":"SKIP","floor":40},{"not_picked":["Iron Wave","Inflame","Cleave"],"picked":"Infernal Blade+1","floor":41},{"not_picked":["Perfected Strike","Cleave","Clothesline"],"picked":"Flex+1","floor":44},{"not_picked":["Evolve","Twin Strike","Corruption"],"picked":"Heavy Blade+1","floor":47},{"not_picked":["Immolate","Clash","Wild Strike"],"picked":"Intimidate+1","floor":48},{"not_picked":["Hemokinesis+1","Havoc+1","Warcry+1"],"picked":"Shrug It Off+1","floor":49}],"player_experience":570161,"potions_floor_usage":[],"damage_taken":[{"damage":1.0,"enemies":"Cultist","floor":1.0,"turns":3.0},{"damage":7.0,"enemies":"Jaw Worm","floor":2.0,"turns":3.0},{"damage":6.0,"enemies":"2 Louse","floor":4.0,"turns":3.0},{"damage":25.0,"enemies":"Lagavulin","floor":6.0,"turns":5.0},{"damage":30.0,"enemies":"3 Sentries","floor":8.0,"turns":6.0},{"damage":22.0,"enemies":"Lagavulin","floor":10.0,"turns":6.0},{"damage":16.0,"enemies":"Blue Slaver","floor":14.0,"turns":3.0},{"damage":53.0,"enemies":"The Guardian","floor":16.0,"turns":9.0},{"damage":23.0,"enemies":"3 Byrds","floor":18.0,"turns":5.0},{"damage":31.0,"enemies":"Book of Stabbing","floor":23.0,"turns":4.0},{"damage":12.0,"enemies":"Spheric Guardian","floor":25.0,"turns":4.0},{"damage":19.0,"enemies":"Gremlin Leader","floor":27.0,"turns":4.0},{"damage":0.0,"enemies":"Snake Plant","floor":30.0,"turns":2.0},{"damage":15.0,"enemies":"Centurion and Healer","floor":31.0,"turns":6.0},{"damage":93,"enemies":"Champ","floor":33,"turns":11},{"damage":4,"enemies":"Orb Walker","floor":35,"turns":4},{"damage":6,"enemies":"3 Shapes","floor":38,"turns":5},{"damage":34,"enemies":"Nemesis","floor":40,"turns":7},{"damage":1,"enemies":"3 Darklings","floor":44,"turns":4},{"damage":16,"enemies":"Sphere and 2 Shapes","floor":47,"turns":5},{"damage":27,"enemies":"2 Orb Walkers","floor":48,"turns":5},{"damage":117,"enemies":"Time Eater","floor":50,"turns":9}],"relics_obtained":[{"floor":6.0,"key":"Dream Catcher"},{"floor":8.0,"key":"Art of War"},{"floor":9.0,"key":"Whetstone"},{"floor":10.0,"key":"Kunai"},{"floor":21.0,"key":"Mango"},{"floor":23.0,"key":"Question Card"},{"floor":26.0,"key":"Pantograph"},{"floor":27.0,"key":"Tiny Chest"},{"floor":40,"key":"Champion Belt"},{"floor":43,"key":"Pen Nib"},{"floor":45,"key":"Meat on the Bone"},{"floor":48,"key":"Toolbox"}],"event_choices":[{"event_name":"Purifier","player_choice":"One Purge","floor":3.0,"damage_taken":0.0},{"event_name":"Liars Game","player_choice":"agreed","floor":7.0,"damage_taken":0.0},{"event_name":"Fountain of Cleansing","player_choice":"Removed Curse","floor":12.0,"damage_taken":0.0},{"event_name":"Drug Dealer","player_choice":"Got JAXXED","floor":19.0,"damage_taken":0.0},{"event_name":"The Library","player_choice":"Read","floor":20.0,"damage_taken":0.0},{"event_name":"Addict","player_choice":"Gave JAX","floor":24.0,"damage_taken":0.0},{"event_name":"Tomb of Lord Red Mask","player_choice":"Paid","floor":37,"damage_taken":0},{"event_name":"SensoryStone","player_choice":"Memory 3","floor":39,"damage_taken":0},{"event_name":"Duplicator","player_choice":"One dupe","floor":46,"damage_taken":0}],"boss_relics":[{"not_picked":["Velvet Choker","Snecko Eye"],"picked":"Mark of Pain"}],"items_purged_floors":[],"potions_floor_spawned":[1,2,6,18,25,44],"seed_played":"-6033196420547698829","killed_by":"Time Eater","ascension_level":6,"potions_obtained":[{"floor":1.0,"key":"Swift Potion"},{"floor":2.0,"key":"PowerPotion"},{"floor":6.0,"key":"Weak Potion"},{"floor":18.0,"key":"Weak Potion"},{"floor":25.0,"key":"FearPotion"},{"floor":44,"key":"SteroidPotion"}],"is_trial":false}