{"gold_per_floor":[15,31,50,10,25,25,36,36,63,78,78,108,124,159,159,236,236,246,246,246,264,314,314,341,351,351,351,111,36,55,11,11,87,87,107,107],"floor_reached":36,"playtime":4899,"items_purged":["Strike_B"],"score":748,"play_id":"d98f27d3-9722-486b-b232-8e11061414cc","local_time":"20181027201305","is_ascension_mode":true,"campfire_choices":[{"floor":6.0,"key":"DIG"},{"floor":8.0,"key":"DIG"},{"floor":11.0,"key":"DIG"},{"floor":15.0,"key":"REST"},{"floor":23.0,"key":"REST"},{"data":"Creative AI","floor":27.0,"key":"SMITH"},{"floor":32.0,"key":"REST"}],"neow_cost":"NO_GOLD","seed_source_timestamp":613290995330489,"circlet_count":0,"master_deck":["Strike_B","Strike_B","Defend_B","Defend_B","Defend_B","Defend_B","Zap","Dualcast","AscendersBane","Compile Driver","Conserve Battery","Cold Snap","Consume","Ball Lightning","Rainbow","Cold Snap","Machine Learning","Coolheaded","Echo Form","Creative AI+1","Capacitor","Conserve Battery","Hologram","Steam+1","Defragment","Fission","Conserve Battery"],"special_seed":0,"relics":["Cracked Core","Shovel","Regal Pillow","Anchor","Bag of Marbles","Gambling Chip","Vajra","Dead Branch","White Beast Statue","Nilry\u0027s Codex","Pen Nib","Darkstone Periapt","DataDisk","Philosopher\u0027s Stone"],"potions_floor_usage":[36,36],"damage_taken":[{"damage":6.0,"enemies":"Cultist","floor":1.0,"turns":3.0},{"damage":9.0,"enemies":"Jaw Worm","floor":2.0,"turns":3.0},{"damage":0.0,"enemies":"2 Louse","floor":3.0,"turns":1.0},{"damage":1.0,"enemies":"2 Fungi Beasts","floor":5.0,"turns":3.0},{"damage":3.0,"enemies":"Large Slime","floor":7.0,"turns":4.0},{"damage":2.0,"enemies":"Gremlin Gang","floor":10.0,"turns":5.0},{"damage":8.0,"enemies":"3 Sentries","floor":12.0,"turns":7.0},{"damage":0.0,"enemies":"3 Louse","floor":13.0,"turns":3.0},{"damage":26.0,"enemies":"Lagavulin","floor":14.0,"turns":6.0},{"damage":8.0,"enemies":"The Guardian","floor":16.0,"turns":13.0},{"damage":10.0,"enemies":"Spheric Guardian","floor":18.0,"turns":7.0},{"damage":16.0,"enemies":"Shell Parasite","floor":21.0,"turns":6.0},{"damage":0.0,"enemies":"Cultist and Chosen","floor":25.0,"turns":8.0},{"damage":21.0,"enemies":"Shelled Parasite and Fungi","floor":30.0,"turns":10.0},{"damage":44.0,"enemies":"Automaton","floor":33.0,"turns":10.0},{"damage":0.0,"enemies":"3 Shapes","floor":35.0,"turns":7.0},{"damage":62,"enemies":"2 Orb Walkers","floor":36,"turns":6}],"seed_played":"3811512605182217296","potions_obtained":[{"floor":1.0,"key":"Fire Potion"},{"floor":5.0,"key":"SmokeBomb"},{"floor":16.0,"key":"Strength Potion"},{"floor":18.0,"key":"FocusPotion"},{"floor":21.0,"key":"Fire Potion"},{"floor":25.0,"key":"AttackPotion"},{"floor":33.0,"key":"Block Potion"},{"floor":35.0,"key":"Poison Potion"}],"is_trial":false,"path_per_floor":["M","M","M","$","M","R","M","R","T","M","R","E","M","E","R","B",null,"M","$","?","M","?","R","T","M","T","R","$","?","M","$","R","B",null,"M"],"character_chosen":"DEFECT","items_purchased":["Consume","DataDisk","Defragment"],"campfire_rested":3,"item_purchase_floors":[4,28,31],"current_hp_per_floor":[58,49,49,49,48,48,45,45,45,43,43,35,35,9,45,37,63,53,53,32,16,16,52,52,52,52,52,52,52,31,31,67,23,59,59,0],"gold":107,"neow_bonus":"ONE_RARE_RELIC","is_prod":false,"is_daily":false,"chose_seed":false,"campfire_upgraded":1,"win_rate":0,"timestamp":1540685585,"path_taken":["M","M","M","?","M","R","M","R","T","?","R","E","M","E","R","BOSS","M","$","?","M","?","R","?","M","T","R","?","?","?","$","R","BOSS","M","?"],"build_version":"2018-10-25v2","purchased_purges":1,"victory":false,"max_hp_per_floor":[71,71,71,71,71,71,71,71,71,71,71,71,71,71,71,71,71,71,71,71,71,71,71,71,71,71,71,71,71,71,71,71,71,71,71,71],"card_choices":[{"not_picked":["Skim","Rebound"],"picked":"Compile Driver","floor":1.0},{"not_picked":["Tempest","Beam Cell"],"picked":"Conserve Battery","floor":2.0},{"not_picked":["Sweeping Beam","Hologram"],"picked":"Cold Snap","floor":3.0},{"not_picked":["Cold Snap","Doom and Gloom"],"picked":"Ball Lightning","floor":5.0},{"not_picked":["Steam","Chaos"],"picked":"Rainbow","floor":7.0},{"not_picked":["Hello World","Coolheaded"],"picked":"Cold Snap","floor":10.0},{"not_picked":["Tempest","Skim"],"picked":"Machine Learning","floor":12.0},{"not_picked":["Barrage","Storm"],"picked":"Coolheaded","floor":13.0},{"not_picked":["Stack","Sunder"],"picked":"Echo Form","floor":14.0},{"not_picked":["Meteor Strike","Echo Form"],"picked":"Creative AI","floor":16.0},{"not_picked":["Barrage+1","Streamline"],"picked":"Capacitor","floor":18.0},{"not_picked":["Leap","Sweeping Beam"],"picked":"Conserve Battery","floor":21.0},{"not_picked":["Leap","Compile Driver"],"picked":"Hologram","floor":25.0},{"not_picked":["Compile Driver","Steam Power"],"picked":"Steam+1","floor":30.0},{"not_picked":["Creative AI","Machine Learning"],"picked":"Fission","floor":33.0},{"not_picked":["Sunder","Compile Driver+1"],"picked":"Conserve Battery","floor":35.0}],"player_experience":1088612,"relics_obtained":[{"floor":6.0,"key":"Regal Pillow"},{"floor":8.0,"key":"Anchor"},{"floor":9.0,"key":"Bag of Marbles"},{"floor":11.0,"key":"Gambling Chip"},{"floor":12.0,"key":"Vajra"},{"floor":14.0,"key":"Dead Branch"},{"floor":20.0,"key":"Nilry\u0027s Codex"},{"floor":24.0,"key":"Pen Nib"},{"floor":26.0,"key":"Darkstone Periapt"}],"event_choices":[{"damage_healed":0.0,"max_hp_gain":0.0,"max_hp_loss":0.0,"gold_gain":0.0,"event_name":"Cursed Tome","player_choice":"Obtained Book","floor":20.0,"gold_loss":0.0,"damage_taken":21.0},{"damage_healed":0.0,"max_hp_gain":0.0,"max_hp_loss":0.0,"gold_gain":100.0,"event_name":"The Joust","player_choice":"Bet on Murderer","floor":22.0,"gold_loss":50.0,"damage_taken":0.0},{"cards_removed":["Strike_B"],"damage_healed":0.0,"max_hp_gain":0.0,"max_hp_loss":0.0,"gold_gain":0.0,"event_name":"Beggar","player_choice":"Gave Gold","floor":29.0,"gold_loss":75.0,"damage_taken":0.0},{"damage_healed":0,"gold_gain":0,"player_choice":"Fight","damage_taken":0,"max_hp_gain":0,"max_hp_loss":0,"event_name":"Mysterious Sphere","floor":36,"gold_loss":0}],"is_beta":false,"boss_relics":[{"not_picked":["Runic Pyramid","Calling Bell"],"picked":"White Beast Statue"},{"not_picked":["Orrery","Coffee Dripper"],"picked":"Philosopher\u0027s Stone"}],"items_purged_floors":[28],"is_endless":false,"potions_floor_spawned":[1,5,16,18,21,25,30,33,35],"killed_by":"2 Orb Walkers","ascension_level":20}