{"gold_per_floor":[119,132,132,152,168,168,199,199,223,268,294,341,353,365,377,486,498,521,29,29,34,44,44,64,64,138,138,158,158,173,183,183,183],"floor_reached":33,"playtime":3509,"items_purged":["Strike_R"],"score":323,"play_id":"fb6658e5-1b90-4002-bf2b-09b47e554380","local_time":"20190214023246","is_ascension_mode":true,"campfire_choices":[{"data":"Pommel Strike","floor":6,"key":"SMITH"},{"floor":8,"key":"REST"},{"data":"Armaments","floor":13,"key":"SMITH"},{"floor":15,"key":"REST"},{"data":"Shrug It Off","floor":23,"key":"SMITH"},{"data":"Shrug It Off","floor":27,"key":"SMITH"},{"data":"Clothesline","floor":32,"key":"SMITH"}],"neow_cost":"NONE","seed_source_timestamp":213170972616500,"circlet_count":0,"master_deck":["Strike_R","Strike_R","Strike_R","Strike_R","Defend_R","Defend_R","Defend_R","Defend_R","Bash","Pommel Strike+1","Armaments+1","Metallicize","Cleave","Impervious","Shrug It Off+1","Carnage","Clothesline+1","Fiend Fire","Metallicize","Infernal Blade","Shrug It Off+1","Spot Weakness","Shockwave","Entrench+1"],"relics":["Burning Blood","NeowsBlessing","Anchor","Oddly Smooth Stone","MawBank","Bottled Flame","Singing Bowl","CultistMask","Busted Crown","PreservedInsect","HandDrill"],"potions_floor_usage":[7,30,33],"damage_taken":[{"damage":0,"enemies":"2 Louse","floor":1,"turns":1},{"damage":0,"enemies":"Small Slimes","floor":2,"turns":1},{"damage":0,"enemies":"Cultist","floor":4,"turns":1},{"damage":2,"enemies":"2 Fungi Beasts","floor":5,"turns":6},{"damage":36,"enemies":"Lagavulin","floor":7,"turns":11},{"damage":9,"enemies":"3 Sentries","floor":10,"turns":9},{"damage":5,"enemies":"Large Slime","floor":11,"turns":9},{"damage":26,"enemies":"Gremlin Nob","floor":12,"turns":5},{"damage":53,"enemies":"The Guardian","floor":16,"turns":11},{"damage":2,"enemies":"Chosen","floor":18,"turns":4},{"damage":13,"enemies":"2 Thieves","floor":21,"turns":4},{"damage":0,"enemies":"Cultist and Chosen","floor":22,"turns":6},{"damage":18,"enemies":"Sentry and Sphere","floor":24,"turns":8},{"damage":6,"enemies":"Snecko","floor":28,"turns":5},{"damage":0,"enemies":"Centurion and Healer","floor":30,"turns":7},{"damage":6,"enemies":"Chosen and Byrds","floor":31,"turns":7},{"damage":72,"enemies":"Champ","floor":33,"turns":10}],"seed_played":"-3424064503971253102","potions_obtained":[{"floor":1,"key":"EssenceOfSteel"},{"floor":2,"key":"SteroidPotion"},{"floor":16,"key":"Fire Potion"},{"floor":28,"key":"Fire Potion"},{"floor":30,"key":"Strength Potion"},{"floor":31,"key":"Explosive Potion"}],"is_trial":false,"path_per_floor":["M","M","?","M","M","R","E","R","T","E","M","E","R","?","R","B",null,"M","$","?","M","M","R","M","?","T","R","M","?","M","M","R","B"],"character_chosen":"IRONCLAD","items_purchased":["PreservedInsect","HandDrill","Infernal Blade","Shrug It Off"],"campfire_rested":2,"item_purchase_floors":[19,19,19,19],"current_hp_per_floor":[80,80,55,61,65,65,35,59,59,56,57,37,37,37,61,14,80,80,80,80,75,83,83,73,73,73,73,73,56,64,64,64,0],"gold":183,"neow_bonus":"THREE_ENEMY_KILL","is_prod":false,"is_daily":false,"chose_seed":false,"campfire_upgraded":5,"win_rate":0,"timestamp":1550129566,"path_taken":["M","M","?","M","M","R","E","R","T","E","M","E","R","?","R","BOSS","M","?","?","M","M","R","M","?","T","R","M","?","?","M","R","BOSS"],"build_version":"2019-01-23","purchased_purges":1,"victory":false,"max_hp_per_floor":[80,80,80,80,80,80,80,80,80,80,80,80,80,80,80,80,80,80,80,80,82,84,84,86,86,86,86,86,91,93,93,93,93],"card_choices":[{"not_picked":["Twin Strike","Clash"],"picked":"Pommel Strike","floor":1},{"not_picked":["Shockwave","Clash"],"picked":"Armaments","floor":2},{"not_picked":["Perfected Strike","Heavy Blade"],"picked":"Metallicize","floor":4},{"not_picked":["Headbutt","Warcry"],"picked":"Cleave","floor":5},{"not_picked":["Perfected Strike","Thunderclap"],"picked":"Impervious","floor":7},{"not_picked":["Anger","Rampage"],"picked":"Shrug It Off","floor":10},{"not_picked":["Sword Boomerang","Sever Soul"],"picked":"Carnage","floor":11},{"not_picked":["Cleave","Seeing Red"],"picked":"Clothesline","floor":12},{"not_picked":["Dark Embrace","Offering"],"picked":"Fiend Fire","floor":16},{"not_picked":[],"picked":"Metallicize","floor":18},{"not_picked":["Wild Strike"],"picked":"Singing Bowl","floor":21},{"not_picked":["Combust"],"picked":"Singing Bowl","floor":22},{"not_picked":["Cleave"],"picked":"Singing Bowl","floor":24},{"not_picked":[],"picked":"Shockwave","floor":28},{"not_picked":["Anger+1"],"picked":"Singing Bowl","floor":30},{"not_picked":[],"picked":"Entrench+1","floor":31}],"player_experience":112599,"relics_obtained":[{"floor":7,"key":"Oddly Smooth Stone"},{"floor":9,"key":"MawBank"},{"floor":10,"key":"Bottled Flame"},{"floor":12,"key":"Singing Bowl"}],"event_choices":[{"damage_healed":0,"gold_gain":0,"player_choice":"Success","damage_taken":25,"relics_obtained":["Anchor"],"max_hp_gain":0,"max_hp_loss":0,"event_name":"Scrap Ooze","floor":3,"gold_loss":0},{"damage_healed":0,"gold_gain":0,"player_choice":"Trade","damage_taken":0,"relics_obtained":["CultistMask"],"max_hp_gain":0,"max_hp_loss":0,"event_name":"FaceTrader","floor":14,"gold_loss":0},{"damage_healed":0,"gold_gain":0,"player_choice":"Read","damage_taken":0,"max_hp_gain":0,"max_hp_loss":0,"event_name":"The Library","floor":25,"gold_loss":0,"cards_obtained":["Spot Weakness"]},{"damage_healed":0,"gold_gain":0,"player_choice":"Shed Blood","damage_taken":22,"max_hp_gain":5,"max_hp_loss":0,"event_name":"Forgotten Altar","floor":29,"gold_loss":0}],"is_beta":false,"boss_relics":[{"not_picked":["Eternal Feather","Astrolabe"],"picked":"Busted Crown"}],"items_purged_floors":[19],"is_endless":false,"potions_floor_spawned":[1,2,16,28,30,31],"killed_by":"Champ","ascension_level":4}