{"gold_per_floor":[17,17,17,17,27,41,51,51,78,90,119,119,9,34,34,34],"floor_reached":16,"playtime":666,"items_purged":[],"score":244,"play_id":"f2612975-02b3-4fa9-b2eb-c8b8007f3528","local_time":"20190220135813","is_ascension_mode":true,"campfire_choices":[{"data":"Buffer","floor":8,"key":"SMITH"},{"data":"Thunder Strike","floor":12,"key":"SMITH"},{"data":"Capacitor","floor":15,"key":"SMITH"}],"neow_cost":"NO_GOLD","seed_source_timestamp":244222163937500,"circlet_count":0,"master_deck":["AscendersBane","Strike_B","Strike_B","Defend_B","Defend_B","Defend_B","Defend_B","Zap+1","Dualcast","Core Surge","Buffer+1","Leap","Compile Driver","Glacier","Ball Lightning","Cold Snap","Thunder Strike+1","Capacitor+1","Conserve Battery","Auto Shields"],"relics":["Cracked Core","Matryoshka","Boot","Centennial Puzzle","Odd Mushroom","Lantern"],"potions_floor_usage":[16,16],"damage_taken":[{"damage":0,"enemies":"Cultist","floor":1,"turns":3},{"damage":0,"enemies":"2 Louse","floor":5,"turns":2},{"damage":2,"enemies":"Jaw Worm","floor":6,"turns":5},{"damage":0,"enemies":"Blue Slaver","floor":7,"turns":4},{"damage":0,"enemies":"Looter","floor":10,"turns":4},{"damage":2,"enemies":"The Mushroom Lair","floor":11,"turns":4},{"damage":0,"enemies":"Lagavulin","floor":14,"turns":7},{"damage":65,"enemies":"Hexaghost","floor":16,"turns":16}],"seed_played":"2590943418431562686","potions_obtained":[{"floor":1,"key":"Poison Potion"},{"floor":6,"key":"Block Potion"},{"floor":10,"key":"Weak Potion"}],"is_trial":false,"path_per_floor":["M","?","?","T","M","M","M","R","T","M","?","R","$","E","R","B"],"character_chosen":"DEFECT","items_purchased":["Capacitor","Conserve Battery"],"campfire_rested":0,"item_purchase_floors":[13,13],"current_hp_per_floor":[64,64,64,64,64,62,62,62,62,62,60,60,60,60,60,0],"gold":34,"neow_bonus":"TRANSFORM_TWO_CARDS","is_prod":false,"is_daily":false,"chose_seed":false,"campfire_upgraded":3,"win_rate":0,"timestamp":1550689093,"path_taken":["M","?","?","?","?","M","M","R","T","M","?","R","$","E","R","BOSS"],"build_version":"2019-01-23","purchased_purges":0,"victory":false,"max_hp_per_floor":[71,71,71,71,71,71,71,71,71,71,71,71,71,71,71,71],"card_choices":[{"not_picked":["Turbo","Force Field"],"picked":"Leap","floor":1},{"not_picked":["Heatsinks","Recycle"],"picked":"Compile Driver","floor":5},{"not_picked":["Cold Snap","Beam Cell"],"picked":"Glacier","floor":6},{"not_picked":["Capacitor","Auto Shields"],"picked":"Ball Lightning","floor":7},{"not_picked":["Tempest","Reprogram"],"picked":"Cold Snap","floor":10},{"not_picked":["Skim","Heatsinks"],"picked":"Thunder Strike","floor":11},{"not_picked":["Rip and Tear","Storm"],"picked":"Auto Shields","floor":14}],"player_experience":1248259,"relics_obtained":[{"floor":4,"key":"Matryoshka"},{"floor":9,"key":"Boot"},{"floor":9,"key":"Centennial Puzzle"},{"floor":11,"key":"Odd Mushroom"},{"floor":14,"key":"Lantern"}],"event_choices":[{"damage_healed":0,"gold_gain":0,"player_choice":"Grow","damage_taken":0,"max_hp_gain":0,"max_hp_loss":0,"event_name":"Living Wall","floor":2,"gold_loss":0,"cards_upgraded":["Zap"]},{"damage_healed":0,"gold_gain":0,"player_choice":"Ignored","damage_taken":0,"max_hp_gain":0,"max_hp_loss":0,"event_name":"Golden Idol","floor":3,"gold_loss":0},{"damage_healed":0,"gold_gain":0,"player_choice":"Fought Mushrooms","damage_taken":0,"max_hp_gain":0,"max_hp_loss":0,"event_name":"Mushrooms","floor":11,"gold_loss":0}],"is_beta":false,"boss_relics":[],"items_purged_floors":[],"is_endless":false,"potions_floor_spawned":[1,6,10],"killed_by":"Hexaghost","ascension_level":19}