{"gold_per_floor":[109,121,133,308,308,339,94,109,133,146,146],"floor_reached":11,"playtime":346,"items_purged":[],"score":109,"play_id":"6a6d223d-a27f-4942-9d71-6cec6bb8bd79","local_time":"20180915222513","is_ascension_mode":true,"campfire_choices":[],"neow_cost":"NONE","seed_source_timestamp":1285464046237911,"circlet_count":0,"master_deck":["Defend_G","Defend_G","Defend_G","Defend_G","Defend_G","Strike_G","Strike_G","Strike_G","Strike_G","Strike_G","Survivor","Neutralize+1","Heel Hook","Dagger Spray","Backstab","Skewer","Sucker Punch","Flechettes"],"relics":["Ring of the Snake","Omamori","Dream Catcher","Frozen Egg 2","Vajra"],"potions_floor_usage":[6],"damage_taken":[{"damage":0,"enemies":"Jaw Worm","floor":1,"turns":7},{"damage":1,"enemies":"Cultist","floor":2,"turns":4},{"damage":5,"enemies":"2 Louse","floor":3,"turns":3},{"damage":39,"enemies":"Gremlin Nob","floor":6,"turns":5},{"damage":1,"enemies":"Large Slime","floor":8,"turns":4},{"damage":16,"enemies":"Lots of Slimes","floor":10,"turns":4},{"damage":0,"enemies":"Blue Slaver","floor":11,"turns":2}],"seed_played":"-1195288806804892441","potions_obtained":[{"floor":3,"key":"Explosive Potion"},{"floor":6,"key":"SteroidPotion"}],"is_trial":false,"path_per_floor":["M","M","M","?","?","E","$","M","T","M"],"character_chosen":"THE_SILENT","items_purchased":["Frozen Egg 2"],"campfire_rested":0,"item_purchase_floors":[7],"current_hp_per_floor":[63,62,57,57,57,18,18,17,17,1,1],"gold":146,"neow_bonus":"RANDOM_COMMON_RELIC","is_prod":false,"is_daily":false,"chose_seed":false,"campfire_upgraded":0,"win_rate":0,"timestamp":1537043113,"path_taken":["M","M","M","?","?","E","?","M","T","M","M"],"build_version":"2018-09-06","purchased_purges":0,"victory":false,"max_hp_per_floor":[70,70,70,70,70,70,70,70,70,70,70],"card_choices":[{"not_picked":["Poisoned Stab","Predator"],"picked":"Heel Hook","floor":1},{"not_picked":["Dagger Throw","Concentrate"],"picked":"Dagger Spray","floor":2},{"not_picked":["Setup","Acrobatics"],"picked":"Backstab","floor":3},{"not_picked":["Slice","Deflect"],"picked":"Skewer","floor":6},{"not_picked":["Eviscerate","PiercingWail"],"picked":"Sucker Punch","floor":8},{"not_picked":["PiercingWail","Quick Slash"],"picked":"Flechettes","floor":10}],"player_experience":995786,"relics_obtained":[{"floor":6,"key":"Dream Catcher"},{"floor":9,"key":"Vajra"}],"event_choices":[{"event_name":"Liars Game","player_choice":"agreed","floor":4,"damage_taken":0},{"event_name":"Living Wall","player_choice":"Grow","floor":5,"damage_taken":0}],"is_beta":false,"boss_relics":[],"items_purged_floors":[],"is_endless":false,"potions_floor_spawned":[3,6],"killed_by":"Blue Slaver","ascension_level":9}