{"gold_per_floor":[115,190,190,117,135,135,135,464,542,542,575,587,597,623,623,722,722,733,733,136,235,235,235,263,277,277,277,296,296,316,316,316,316],"floor_reached":33,"playtime":4045,"items_purged":[],"score":484,"play_id":"6d58e165-911c-451a-ac7b-307d16cdc4f6","local_time":"20181201110439","is_ascension_mode":true,"campfire_choices":[{"data":"Footwork","floor":6.0,"key":"SMITH"},{"floor":15,"key":"REST"},{"floor":23,"key":"REST"},{"floor":27,"key":"REST"},{"floor":29,"key":"REST"},{"floor":32,"key":"REST"}],"neow_cost":"NONE","seed_source_timestamp":1168759332344438,"circlet_count":0,"master_deck":["AscendersBane","Defend_G","Defend_G","Defend_G","Defend_G","Strike_G","Strike_G","Strike_G","Survivor","Neutralize","Dagger Throw","Footwork+1","Tactician","Glass Knife","Dagger Throw","Choke","Escape Plan","Flying Knee","Die Die Die","Decay","Injury","Writhe","Flying Knee+1","Slice","Tools of the Trade","After Image","Outmaneuver+1"],"special_seed":0,"relics":["Ring of the Snake","NeowsBlessing","Blue Candle","Old Coin","Pantograph","Bronze Scales","PreservedInsect","Calling Bell","Art of War","Mummified Hand","Pocketwatch","Tingsha","Mango","Blood Vial","Bottled Lightning"],"potions_floor_usage":[14,16,18,33,33],"damage_taken":[{"damage":0.0,"enemies":"2 Louse","floor":1.0,"turns":1.0},{"damage":0.0,"enemies":"Jaw Worm","floor":5.0,"turns":1.0},{"damage":0.0,"enemies":"3 Sentries","floor":8.0,"turns":2.0},{"damage":23.0,"enemies":"Gremlin Nob","floor":11.0,"turns":5.0},{"damage":0.0,"enemies":"Cultist","floor":12.0,"turns":3.0},{"damage":1.0,"enemies":"Red Slaver","floor":13.0,"turns":3.0},{"damage":7,"enemies":"3 Sentries","floor":14,"turns":9},{"damage":52,"enemies":"Hexaghost","floor":16,"turns":12},{"damage":17,"enemies":"2 Thieves","floor":18,"turns":4},{"damage":39,"enemies":"Colosseum Slavers","floor":22,"turns":3},{"damage":22,"enemies":"Gremlin Leader","floor":24,"turns":4},{"damage":7,"enemies":"Chosen","floor":25,"turns":4},{"damage":18,"enemies":"Snecko","floor":28,"turns":5},{"damage":21,"enemies":"Centurion and Healer","floor":30,"turns":6},{"damage":47,"enemies":"Collector","floor":33,"turns":6}],"seed_played":"6903735333894684831","potions_obtained":[{"floor":8.0,"key":"Energy Potion"},{"floor":11.0,"key":"GhostInAJar"},{"floor":12.0,"key":"SpeedPotion"},{"floor":25,"key":"FearPotion"},{"floor":28,"key":"Explosive Potion"}],"is_trial":false,"path_per_floor":["M","?","?","$","M","R","?","E","T","?","E","M","M","E","R","B",null,"M","?","$","?","?","R","E","M","T","R","M","R","M","?","R","B"],"character_chosen":"THE_SILENT","items_purchased":["Footwork","Tingsha","Mango"],"campfire_rested":5,"item_purchase_floors":[4,20,20],"current_hp_per_floor":[63,52,45,45,45,45,45,45,45,45,22,22,21,14,35,8,55,38,38,52,52,13,38,16,11,11,36,20,45,26,10,36,16],"gold":316,"neow_bonus":"THREE_ENEMY_KILL","is_prod":false,"is_daily":false,"chose_seed":false,"campfire_upgraded":1,"win_rate":0,"timestamp":1543658679,"path_taken":["M","?","?","?","?","R","?","E","T","?","E","?","M","E","R","BOSS","M","?","$","?","?","R","E","M","T","R","M","R","M","?","R","BOSS"],"build_version":"2018-11-15","purchased_purges":0,"victory":false,"max_hp_per_floor":[70,70,70,70,70,70,70,70,70,70,70,70,70,70,70,70,70,70,70,84,84,84,84,84,84,84,84,84,84,84,89,89,89],"card_choices":[{"not_picked":["Cloak And Dagger","Eviscerate"],"picked":"Dagger Throw","floor":1.0},{"not_picked":["Endless Agony","Flying Knee"],"picked":"Tactician","floor":5.0},{"not_picked":["Predator","Slice"],"picked":"Glass Knife","floor":8.0},{"not_picked":["Dodge and Roll","PiercingWail"],"picked":"Dagger Throw","floor":11.0},{"not_picked":["Riddle With Holes","Heel Hook"],"picked":"Choke","floor":12.0},{"not_picked":["Noxious Fumes","PiercingWail"],"picked":"Escape Plan","floor":13.0},{"not_picked":["Cloak And Dagger","Crippling Poison"],"picked":"Flying Knee","floor":14},{"not_picked":["Storm of Steel","Corpse Explosion"],"picked":"Die Die Die","floor":16},{"not_picked":["Bane","Wraith Form v2"],"picked":"Flying Knee+1","floor":18},{"not_picked":["Quick Slash","Expertise+1"],"picked":"After Image","floor":24},{"not_picked":["Catalyst+1","Outmaneuver","Finisher+1"],"picked":"SKIP","floor":25},{"not_picked":["Cloak And Dagger","Finisher"],"picked":"Outmaneuver+1","floor":28},{"not_picked":["Deadly Poison+1","Poisoned Stab","Choke"],"picked":"SKIP","floor":30}],"player_experience":1468485,"relics_obtained":[{"floor":8.0,"key":"Old Coin"},{"floor":9.0,"key":"Pantograph"},{"floor":11.0,"key":"Bronze Scales"},{"floor":14,"key":"PreservedInsect"},{"floor":17,"key":"Art of War"},{"floor":17,"key":"Mummified Hand"},{"floor":17,"key":"Pocketwatch"},{"floor":24,"key":"Blood Vial"},{"floor":26,"key":"Bottled Lightning"}],"event_choices":[{"damage_healed":0.0,"max_hp_gain":0.0,"max_hp_loss":0.0,"gold_gain":75.0,"event_name":"World of Goop","player_choice":"Gather Gold","floor":2.0,"gold_loss":0.0,"damage_taken":11.0},{"cards_removed":["Strike_G"],"damage_healed":0.0,"max_hp_gain":0.0,"max_hp_loss":0.0,"gold_gain":0.0,"event_name":"Golden Wing","player_choice":"Card Removal","floor":3.0,"gold_loss":0.0,"damage_taken":7.0},{"damage_healed":0.0,"max_hp_gain":0.0,"max_hp_loss":0.0,"gold_gain":0.0,"event_name":"Big Fish","player_choice":"Box","floor":7.0,"gold_loss":0.0,"damage_taken":0.0,"relics_obtained":["Blue Candle"],"cards_obtained":["Regret"]},{"cards_removed":["Regret"],"damage_healed":0.0,"max_hp_gain":0.0,"max_hp_loss":0.0,"gold_gain":0.0,"event_name":"Fountain of Cleansing","player_choice":"Removed Curses","floor":10.0,"gold_loss":0.0,"damage_taken":0.0},{"damage_healed":0,"gold_gain":0,"cards_transformed":["Strike_G","Defend_G"],"player_choice":"Became Test Subject","damage_taken":0,"max_hp_gain":0,"max_hp_loss":0,"event_name":"Drug Dealer","floor":19,"gold_loss":0,"cards_obtained":["Slice","Tools of the Trade"]},{"damage_healed":0,"gold_gain":99,"player_choice":"Stole From Cult","damage_taken":0,"max_hp_gain":0,"max_hp_loss":0,"event_name":"Nest","floor":21,"gold_loss":0},{"damage_healed":0,"gold_gain":0,"player_choice":"Fight","damage_taken":0,"max_hp_gain":0,"max_hp_loss":0,"event_name":"Colosseum","floor":22,"gold_loss":0},{"damage_healed":0,"gold_gain":0,"player_choice":"Fled From Nobs","damage_taken":0,"max_hp_gain":0,"max_hp_loss":0,"event_name":"Colosseum","floor":22,"gold_loss":0},{"damage_healed":0,"gold_gain":0,"player_choice":"Shed Blood","damage_taken":21,"max_hp_gain":5,"max_hp_loss":0,"event_name":"Forgotten Altar","floor":31,"gold_loss":0}],"is_beta":false,"boss_relics":[{"not_picked":["Velvet Choker","Cursed Key"],"picked":"Calling Bell"}],"items_purged_floors":[],"is_endless":false,"potions_floor_spawned":[8,11,12,25,28],"killed_by":"Collector","ascension_level":10}