{"gold_per_floor":[117,133,208,208,208,248,248,269,292,46,61,105,105,119,119,247,247,262,112,112,112,37,68,87,87,87,87,100,134,148,163,163,291,291,304,320,320,27,47,47,66,130,155,176,214,237,251,584,584,584],"floor_reached":50,"playtime":2887,"items_purged":[],"score":936,"play_id":"6f2200f2-bc7c-465b-84c2-8cefbc956666","local_time":"20181109152629","is_ascension_mode":true,"campfire_choices":[{"data":"Cloak And Dagger","floor":7.0,"key":"SMITH"},{"floor":13.0,"key":"REST"},{"data":"Blade Dance","floor":15.0,"key":"SMITH"},{"data":"Bite","floor":25.0,"key":"SMITH"},{"data":"Bite","floor":27.0,"key":"SMITH"},{"data":"Infinite Blades","floor":32.0,"key":"SMITH"},{"floor":40.0,"key":"REST"},{"data":"Neutralize","floor":49,"key":"SMITH"}],"neow_cost":"NONE","seed_source_timestamp":162056263424013,"circlet_count":0,"master_deck":["AscendersBane","Defend_G","Defend_G","Defend_G","Defend_G+1","Defend_G","Survivor+1","Neutralize+1","Cloak And Dagger+1","PiercingWail","Backflip","Blade Dance+1","Adrenaline+1","Deflect+1","Footwork+1","Venomology+1","Leg Sweep+1","Bite+1","Bite+1","Bite","Bite","Bite","Blade Dance+1","Well Laid Plans+1","Glass Knife","Deflect+1","Infinite Blades+1","Footwork+1","Burst+1","Blade Dance+1","Footwork+1","Accuracy+1","Madness+1","Madness+1","PiercingWail+1","Terror+1","PiercingWail+1","Accuracy+1","Cloak And Dagger+1","Parasite","Heel Hook+1"],"special_seed":0,"relics":["Ring of the Serpent","NeowsBlessing","Art of War","Ancient Tea Set","Toxic Egg 2","Bronze Scales","WristBlade","Pen Nib","Bottled Flame","Pocketwatch","Prayer Wheel","Turnip","StoneCalendar","Orichalcum","Bag of Preparation"],"potions_floor_usage":[41,42,42,42,45,45,47,47,47,50,50,50],"damage_taken":[{"damage":0.0,"enemies":"2 Louse","floor":1.0,"turns":1.0},{"damage":0.0,"enemies":"Small Slimes","floor":2.0,"turns":1.0},{"damage":0.0,"enemies":"Lagavulin","floor":6.0,"turns":1.0},{"damage":1.0,"enemies":"Jaw Worm","floor":8.0,"turns":4.0},{"damage":0.0,"enemies":"Looter","floor":11.0,"turns":4.0},{"damage":9.0,"enemies":"3 Sentries","floor":12.0,"turns":7.0},{"damage":0.0,"enemies":"Exordium Wildlife","floor":14.0,"turns":5.0},{"damage":45.0,"enemies":"The Guardian","floor":16.0,"turns":17.0},{"damage":2.0,"enemies":"Chosen","floor":18.0,"turns":5.0},{"damage":0.0,"enemies":"2 Thieves","floor":22.0,"turns":5.0},{"damage":14.0,"enemies":"Gremlin Leader","floor":23.0,"turns":5.0},{"damage":3.0,"enemies":"Snake Plant","floor":24.0,"turns":4.0},{"damage":1.0,"enemies":"Snecko","floor":28.0,"turns":6.0},{"damage":8.0,"enemies":"Slavers","floor":29.0,"turns":6.0},{"damage":0.0,"enemies":"Cultist and Chosen","floor":30.0,"turns":6.0},{"damage":0.0,"enemies":"3 Cultists","floor":31.0,"turns":4.0},{"damage":28.0,"enemies":"Champ","floor":33.0,"turns":15.0},{"damage":2.0,"enemies":"3 Darklings","floor":35.0,"turns":6.0},{"damage":16.0,"enemies":"3 Shapes","floor":36.0,"turns":5.0},{"damage":0.0,"enemies":"3 Darklings","floor":39.0,"turns":4.0},{"damage":0,"enemies":"Spire Growth","floor":41,"turns":5},{"damage":20,"enemies":"2 Orb Walkers","floor":42,"turns":4},{"damage":2,"enemies":"Sphere and 2 Shapes","floor":44,"turns":5},{"damage":0,"enemies":"Reptomancer","floor":45,"turns":6},{"damage":0,"enemies":"Transient","floor":46,"turns":5},{"damage":0,"enemies":"Writhing Mass","floor":47,"turns":5},{"damage":64,"enemies":"Awakened One","floor":50,"turns":8}],"seed_played":"-9002751174802669855","potions_obtained":[{"floor":2.0,"key":"AttackPotion"},{"floor":6.0,"key":"AttackPotion"},{"floor":12.0,"key":"EssenceOfSteel"},{"floor":18.0,"key":"Ancient Potion"},{"floor":24.0,"key":"SkillPotion"},{"floor":28.0,"key":"Block Potion"},{"floor":30.0,"key":"Poison Potion"},{"floor":36.0,"key":"PowerPotion"},{"floor":39.0,"key":"Block Potion"},{"floor":41,"key":"Strength Potion"},{"floor":46,"key":"Block Potion"},{"floor":47,"key":"AttackPotion"}],"is_trial":false,"path_per_floor":["M","M","?","?","?","E","R","M","T","$","M","E","R","M","R","B",null,"M","$","?","?","M","E","M","R","T","R","M","E","M","M","R","B",null,"M","M","?","$","M","R","M","?","T","M","E","M","M","?","R","B"],"character_chosen":"THE_SILENT","items_purchased":["Toxic Egg 2","Pen Nib","Turnip"],"campfire_rested":2,"item_purchase_floors":[10,19,38],"current_hp_per_floor":[63,63,52,52,39,39,39,38,38,38,38,29,48,48,48,3,50,48,48,45,45,45,37,38,38,38,38,45,44,45,45,45,40,44,45,32,26,26,29,42,45,29,29,34,40,45,45,45,45,0],"gold":584,"neow_bonus":"THREE_ENEMY_KILL","is_prod":false,"is_daily":false,"chose_seed":false,"campfire_upgraded":6,"win_rate":0,"timestamp":1541773589,"path_taken":["M","M","?","?","?","E","R","M","T","?","M","E","R","M","R","BOSS","M","$","?","?","?","E","M","R","T","R","M","E","M","M","R","BOSS","M","M","?","$","M","R","M","?","T","M","E","M","M","?","R","BOSS"],"build_version":"2018-11-08","purchased_purges":0,"victory":false,"max_hp_per_floor":[70,70,70,65,65,65,65,65,65,65,65,65,65,65,65,65,65,65,65,45,45,45,45,45,45,45,45,45,45,45,45,45,45,45,45,45,45,45,45,45,45,45,45,45,45,45,45,45,45,45],"card_choices":[{"not_picked":["Sucker Punch","Concentrate"],"picked":"Cloak And Dagger","floor":1.0},{"not_picked":["Outmaneuver","Slice"],"picked":"PiercingWail","floor":2.0},{"not_picked":["Dash","Bane"],"picked":"Backflip","floor":6.0},{"not_picked":["Underhanded Strike","Backstab"],"picked":"Blade Dance","floor":8.0},{"not_picked":["Backstab","Deflect+1"],"picked":"Adrenaline+1","floor":11.0},{"not_picked":["Reflex+1","Underhanded Strike"],"picked":"Deflect+1","floor":12.0},{"not_picked":["Bane","Underhanded Strike"],"picked":"Footwork","floor":14.0},{"not_picked":["Envenom","Corpse Explosion+1"],"picked":"Venomology+1","floor":16.0},{"not_picked":["Tactician+1","Deflect+1"],"picked":"Leg Sweep+1","floor":18.0},{"not_picked":["Sucker Punch","Expertise+1","Slice"],"picked":"SKIP","floor":22.0},{"not_picked":["Bane+1","Crippling Poison+1"],"picked":"Blade Dance+1","floor":23.0},{"not_picked":["Acrobatics+1","Poisoned Stab+1","Quick Slash+1"],"picked":"SKIP","floor":24.0},{"not_picked":["Backflip+1","Dagger Spray"],"picked":"Well Laid Plans+1","floor":28.0},{"not_picked":["Noxious Fumes","Well Laid Plans"],"picked":"Glass Knife","floor":29.0},{"not_picked":["Dagger Throw+1","Poisoned Stab"],"picked":"Deflect+1","floor":30.0},{"not_picked":["Riddle With Holes","Expertise+1","Deadly Poison+1"],"picked":"SKIP","floor":30.0},{"not_picked":["Prepared+1","Caltrops"],"picked":"Infinite Blades","floor":31.0},{"not_picked":["Predator","Underhanded Strike+1"],"picked":"Footwork+1","floor":31.0},{"not_picked":["Glass Knife","Grand Finale"],"picked":"Burst+1","floor":33.0},{"not_picked":["Acrobatics+1","Blur+1"],"picked":"Blade Dance+1","floor":35.0},{"not_picked":["Acrobatics+1","Bouncing Flask+1","Quick Slash+1"],"picked":"SKIP","floor":35.0},{"not_picked":["Deadly Poison+1","Blade Dance+1"],"picked":"Footwork+1","floor":36.0},{"not_picked":["Prepared+1","Bane+1"],"picked":"Accuracy+1","floor":36.0},{"not_picked":["Slice","Prepared+1"],"picked":"PiercingWail+1","floor":39.0},{"not_picked":["Slice+1","Bane+1"],"picked":"Terror+1","floor":39.0},{"not_picked":["Dagger Spray","Expertise+1","Dagger Throw+1"],"picked":"SKIP","floor":41},{"not_picked":["Catalyst+1","Bouncing Flask+1","Deadly Poison+1"],"picked":"SKIP","floor":41},{"not_picked":["Flying Knee+1","Deadly Poison+1"],"picked":"PiercingWail+1","floor":42},{"not_picked":["Deflect+1","Dagger Spray","Endless Agony"],"picked":"SKIP","floor":44},{"not_picked":["Dodge and Roll+1","Flying Knee+1","Unload"],"picked":"SKIP","floor":44},{"not_picked":["Blur+1","Terror+1"],"picked":"Accuracy+1","floor":45},{"not_picked":["Slice+1","Backflip+1"],"picked":"Cloak And Dagger+1","floor":46},{"not_picked":["Flying Knee","Acrobatics+1","Deadly Poison+1"],"picked":"SKIP","floor":46},{"not_picked":["Catalyst+1","Caltrops+1"],"picked":"Heel Hook+1","floor":47},{"not_picked":["Prepared+1","Poisoned Stab","Deadly Poison+1"],"picked":"SKIP","floor":47}],"player_experience":1148853,"relics_obtained":[{"floor":6.0,"key":"Art of War"},{"floor":9.0,"key":"Ancient Tea Set"},{"floor":12.0,"key":"Bronze Scales"},{"floor":23.0,"key":"Bottled Flame"},{"floor":26.0,"key":"Pocketwatch"},{"floor":29.0,"key":"Prayer Wheel"},{"floor":42,"key":"StoneCalendar"},{"floor":43,"key":"Orichalcum"},{"floor":45,"key":"Bag of Preparation"}],"event_choices":[{"damage_healed":0.0,"max_hp_gain":0.0,"max_hp_loss":0.0,"gold_gain":75.0,"event_name":"World of Goop","player_choice":"Gather Gold","floor":3.0,"gold_loss":0.0,"damage_taken":11.0},{"damage_healed":0.0,"max_hp_gain":0.0,"max_hp_loss":5.0,"gold_gain":0.0,"event_name":"Golden Idol","player_choice":"Lose Max HP","floor":4.0,"gold_loss":0.0,"damage_taken":0.0,"relics_obtained":["Golden Idol"]},{"damage_healed":0.0,"max_hp_gain":0.0,"max_hp_loss":0.0,"gold_gain":0.0,"event_name":"Shining Light","player_choice":"Entered Light","floor":5.0,"gold_loss":0.0,"damage_taken":13.0,"cards_upgraded":["Defend_G","Survivor"]},{"damage_healed":0.0,"max_hp_gain":0.0,"max_hp_loss":20.0,"gold_gain":0.0,"event_name":"Vampires","player_choice":"Became a vampire","floor":20.0,"gold_loss":0.0,"damage_taken":0.0,"cards_obtained":["Bite","Bite","Bite","Bite","Bite"]},{"damage_healed":0.0,"max_hp_gain":0.0,"max_hp_loss":0.0,"gold_gain":0.0,"event_name":"Accursed Blacksmith","player_choice":"Forge","floor":21.0,"gold_loss":0.0,"damage_taken":0.0,"cards_upgraded":["Footwork"]},{"damage_healed":0.0,"max_hp_gain":0.0,"max_hp_loss":0.0,"gold_gain":0.0,"event_name":"Winding Halls","player_choice":"Embrace Madness","floor":37.0,"gold_loss":0.0,"damage_taken":6.0,"cards_obtained":["Madness","Madness"]},{"damage_healed":0,"gold_gain":0,"player_choice":"Fight","damage_taken":0,"max_hp_gain":0,"max_hp_loss":0,"event_name":"Mysterious Sphere","floor":42,"gold_loss":0},{"damage_healed":0,"gold_gain":333,"player_choice":"Gave Idol","damage_taken":0,"max_hp_gain":0,"max_hp_loss":0,"event_name":"The Moai Head","floor":48,"relics_lost":["Golden Idol"],"gold_loss":0}],"is_beta":false,"boss_relics":[{"not_picked":["Orrery","Runic Dome"],"picked":"WristBlade"},{"not_picked":["Empty Cage","Philosopher\u0027s Stone"],"picked":"Ring of the Serpent"}],"items_purged_floors":[],"is_endless":false,"potions_floor_spawned":[2,6,12,18,24,28,30,36,39,41,46,47],"killed_by":"Awakened One","ascension_level":10}