{"gold_per_floor":[114,114,144,156,156,184,128,128,175,175,190,190,224,237,237,308,308,308],"floor_reached":18,"playtime":411,"items_purged":[],"score":386,"play_id":"5ea75459-4a0e-4065-a818-0a6f9710956c","local_time":"20181029002919","is_ascension_mode":true,"campfire_choices":[{"data":"Neutralize","floor":8.0,"key":"SMITH"},{"data":"Endless Agony","floor":10.0,"key":"SMITH"},{"data":"Finisher","floor":12.0,"key":"SMITH"},{"data":"Cloak And Dagger","floor":15,"key":"SMITH"}],"neow_cost":"NONE","seed_source_timestamp":659011394116805,"circlet_count":0,"master_deck":["Defend_G","Defend_G","Defend_G","Defend_G","Defend_G","Strike_G","Strike_G","Strike_G","Strike_G","Strike_G","Survivor","Neutralize+1","AscendersBane","Dagger Spray+1","Unload","Finisher+1","Backstab","Endless Agony+1","Infinite Blades","Cloak And Dagger+1","Infinite Blades","A Thousand Cuts"],"special_seed":0,"relics":["Ring of the Snake","NeowsBlessing","Tiny Chest","Dodecahedron","Juzu Bracelet","Dream Catcher","Philosopher\u0027s Stone"],"potions_floor_usage":[14,16,16,16],"damage_taken":[{"damage":0.0,"enemies":"2 Louse","floor":1.0,"turns":1.0},{"damage":0.0,"enemies":"Cultist","floor":4.0,"turns":1.0},{"damage":0.0,"enemies":"Lagavulin","floor":6.0,"turns":1.0},{"damage":2.0,"enemies":"Jaw Worm","floor":11.0,"turns":2.0},{"damage":15.0,"enemies":"3 Sentries","floor":13.0,"turns":4.0},{"damage":8,"enemies":"Exordium Wildlife","floor":14,"turns":3},{"damage":15,"enemies":"Hexaghost","floor":16,"turns":9},{"damage":10,"enemies":"3 Byrds","floor":18,"turns":2}],"seed_played":"1761068890797934988","potions_obtained":[{"floor":4.0,"key":"Strength Potion"},{"floor":11.0,"key":"EntropicBrew"},{"floor":14,"key":"SpeedPotion"}],"is_trial":false,"path_per_floor":["M","?","T","M","?","E","$","R","T","R","M","R","E","M","R","B",null],"character_chosen":"THE_SILENT","items_purchased":["Explosive Potion"],"campfire_rested":0,"item_purchase_floors":[7],"current_hp_per_floor":[59,59,59,59,59,59,59,59,59,59,57,57,42,34,34,19,54,44],"gold":308,"neow_bonus":"THREE_ENEMY_KILL","is_prod":false,"is_daily":false,"chose_seed":false,"campfire_upgraded":4,"win_rate":0,"timestamp":1540787359,"path_taken":["M","?","?","M","?","E","$","R","T","R","M","R","E","M","R","BOSS","M"],"build_version":"2018-10-25v2","purchased_purges":0,"victory":false,"max_hp_per_floor":[66,66,66,66,66,66,66,66,66,66,66,66,66,66,66,66,66,66],"card_choices":[{"not_picked":["Underhanded Strike","Outmaneuver"],"picked":"Dagger Spray","floor":1.0},{"not_picked":["Calculated Gamble","Underhanded Strike"],"picked":"Backstab","floor":4.0},{"not_picked":["Bane","Sucker Punch"],"picked":"Endless Agony","floor":6.0},{"not_picked":["Dagger Throw","Expertise"],"picked":"Infinite Blades","floor":11.0},{"not_picked":["PiercingWail","Flying Knee"],"picked":"Cloak And Dagger","floor":13.0},{"not_picked":["Slice","Bane"],"picked":"Infinite Blades","floor":14},{"not_picked":["Bullet Time","Burst"],"picked":"A Thousand Cuts","floor":16}],"player_experience":1099322,"relics_obtained":[{"floor":3.0,"key":"Tiny Chest"},{"floor":6.0,"key":"Dodecahedron"},{"floor":9.0,"key":"Juzu Bracelet"},{"floor":13.0,"key":"Dream Catcher"}],"event_choices":[{"damage_healed":0.0,"max_hp_gain":0.0,"max_hp_loss":0.0,"gold_gain":0.0,"event_name":"Match and Keep!","player_choice":"2 cards matched","floor":2.0,"gold_loss":0.0,"damage_taken":0.0,"cards_obtained":["Unload","Finisher"]},{"damage_healed":0.0,"max_hp_gain":0.0,"max_hp_loss":0.0,"gold_gain":0.0,"event_name":"Living Wall","player_choice":"Grow","floor":5.0,"gold_loss":0.0,"damage_taken":0.0,"cards_upgraded":["Dagger Spray"]}],"is_beta":false,"boss_relics":[{"not_picked":["Runic Pyramid","Pandora\u0027s Box"],"picked":"Philosopher\u0027s Stone"}],"items_purged_floors":[],"is_endless":false,"potions_floor_spawned":[4,11,14],"killed_by":"3 Byrds","ascension_level":20}