{"gold_per_floor":[119,119,194,209,209,237,237,269,569,569,582,610,271,286,286,391,391,391,371,178,178,178,178],"floor_reached":23,"playtime":7963,"items_purged":[],"score":371,"play_id":"cafdace9-51e5-4ece-8c01-6db315237a8e","local_time":"20190119135909","is_ascension_mode":true,"campfire_choices":[{"floor":10,"key":"REST"},{"floor":15,"key":"REST"}],"neow_cost":"NONE","seed_source_timestamp":812553861830115,"circlet_count":0,"master_deck":["AscendersBane","Defend_G","Defend_G","Defend_G","Defend_G","Defend_G","Strike_G","Strike_G+1","Strike_G","Strike_G","Strike_G","Survivor","Neutralize+1","Dagger Throw","Footwork","Corpse Explosion","PiercingWail","Poisoned Stab","Leg Sweep","Crippling Poison","Die Die Die","Deadly Poison","Adrenaline","Poisoned Stab","Outmaneuver"],"relics":["Ring of the Snake","NeowsBlessing","WingedGreaves","Darkstone Periapt","Dodecahedron","Old Coin","Lantern","Regal Pillow","Ectoplasm","TwistedFunnel","Bag of Marbles"],"potions_floor_usage":[12,12,23,23],"damage_taken":[{"damage":0,"enemies":"2 Louse","floor":1,"turns":1},{"damage":0,"enemies":"Small Slimes","floor":4,"turns":1},{"damage":0,"enemies":"3 Sentries","floor":6,"turns":1},{"damage":18,"enemies":"Lagavulin","floor":8,"turns":8},{"damage":3,"enemies":"Jaw Worm","floor":11,"turns":5},{"damage":26,"enemies":"Gremlin Nob","floor":12,"turns":6},{"damage":0,"enemies":"Blue Slaver","floor":14,"turns":5},{"damage":30,"enemies":"Hexaghost","floor":16,"turns":12},{"damage":0,"enemies":"3 Byrds","floor":18,"turns":2},{"damage":9,"enemies":"Shell Parasite","floor":22,"turns":5},{"damage":0,"enemies":"Gremlin Leader","floor":23,"turns":3}],"seed_played":"-2650527920248381371","potions_obtained":[{"floor":8,"key":"Ancient Potion"},{"floor":11,"key":"Block Potion"},{"floor":16,"key":"Explosive Potion"},{"floor":19,"key":"Fire Potion"}],"is_trial":false,"path_per_floor":["M","?","?","M","?","E","?","E","T","R","M","E","$","M","R","B",null,"M","?","$","T","M","E"],"character_chosen":"THE_SILENT","items_purchased":["Regal Pillow","Crippling Poison","Die Die Die","TwistedFunnel"],"campfire_rested":2,"item_purchase_floors":[13,13,13,20],"current_hp_per_floor":[63,49,38,38,38,38,31,13,13,34,31,5,5,5,41,11,55,55,55,55,55,46,46],"gold":178,"neow_bonus":"THREE_ENEMY_KILL","is_prod":false,"is_daily":false,"chose_seed":false,"campfire_upgraded":0,"win_rate":0,"timestamp":1547902749,"path_taken":["M","?","?","M","?","E","?","E","T","R","M","E","$","?","R","BOSS","M","?","$","?","?","E"],"build_version":"2019-01-17v2","purchased_purges":0,"victory":false,"max_hp_per_floor":[70,70,70,70,70,70,70,70,70,70,70,70,70,70,70,70,70,70,70,70,70,70,70],"card_choices":[{"not_picked":["Cloak And Dagger","Bane"],"picked":"Dagger Throw","floor":1},{"not_picked":["Blur","Reflex"],"picked":"Footwork","floor":4},{"not_picked":["Dodge and Roll","Poisoned Stab"],"picked":"Corpse Explosion","floor":6},{"not_picked":["Dagger Spray","Sucker Punch"],"picked":"PiercingWail","floor":8},{"not_picked":["Dagger Spray","Deadly Poison"],"picked":"Poisoned Stab","floor":11},{"not_picked":["Dagger Throw","Deadly Poison"],"picked":"Leg Sweep","floor":12},{"not_picked":["Reflex","Tactician"],"picked":"Deadly Poison","floor":14},{"not_picked":["Glass Knife","Malaise"],"picked":"Adrenaline","floor":16},{"not_picked":["Quick Slash","Dagger Spray"],"picked":"Poisoned Stab","floor":18},{"not_picked":["Eviscerate","Dagger Spray"],"picked":"Outmaneuver","floor":22}],"player_experience":1983600,"relics_obtained":[{"floor":6,"key":"Darkstone Periapt"},{"floor":8,"key":"Dodecahedron"},{"floor":9,"key":"Old Coin"},{"floor":12,"key":"Lantern"},{"floor":21,"key":"Bag of Marbles"}],"event_choices":[{"damage_healed":0,"gold_gain":0,"player_choice":"Entered Light","damage_taken":14,"max_hp_gain":0,"max_hp_loss":0,"event_name":"Shining Light","floor":2,"gold_loss":0,"cards_upgraded":["Strike_G","Neutralize"]},{"damage_healed":0,"gold_gain":75,"player_choice":"Gather Gold","damage_taken":11,"max_hp_gain":0,"max_hp_loss":0,"event_name":"World of Goop","floor":3,"gold_loss":0},{"damage_healed":0,"gold_gain":0,"player_choice":"Box","damage_taken":0,"relics_obtained":["WingedGreaves"],"max_hp_gain":0,"max_hp_loss":0,"event_name":"Big Fish","floor":5,"gold_loss":0,"cards_obtained":["Regret"]},{"cards_removed":["Regret"],"damage_healed":0,"gold_gain":0,"player_choice":"Card Removal","damage_taken":7,"max_hp_gain":0,"max_hp_loss":0,"event_name":"Golden Wing","floor":7,"gold_loss":0},{"damage_healed":0,"gold_gain":0,"player_choice":"Bought 1 Potion","damage_taken":0,"max_hp_gain":0,"max_hp_loss":0,"event_name":"The Woman in Blue","floor":19,"gold_loss":0}],"is_beta":false,"boss_relics":[{"not_picked":["Astrolabe","Ring of the Serpent"],"picked":"Ectoplasm"}],"items_purged_floors":[],"is_endless":false,"potions_floor_spawned":[8,11,16,22],"killed_by":"Gremlin Leader","ascension_level":12}