{"gold_per_floor":[112,112,131,56,69,96,96,126,126,155,10,25,60,83,95,202,214,242,254,283,305,317,364,376,402,414,351,383,395,407,435,447,559,571,594,623,635,647,678,720,72,106,106,106,106,132,7,19,19,19],"floor_reached":51,"playtime":4705,"items_purged":["Strike_G","Defend_G","Decay"],"score":839,"play_id":"d067521e-9ff2-4664-85b0-1b23f6557f32","local_time":"20190221164109","is_ascension_mode":true,"campfire_choices":[{"floor":7,"key":"REST"},{"floor":15,"key":"REST"},{"floor":24,"key":"REST"},{"data":"Underhanded Strike","floor":29,"key":"SMITH"},{"floor":32,"key":"REST"},{"floor":45,"key":"REST"},{"floor":49,"key":"REST"}],"neow_cost":"NONE","seed_source_timestamp":94087127444500,"circlet_count":0,"master_deck":["Defend_G+1","Defend_G","Strike_G+1","Strike_G","Strike_G+1","Neutralize","Unload+1","PiercingWail+1","Tools of the Trade+1","Underhanded Strike+1","Underhanded Strike","Prepared+1","Quick Slash+1","Backstab","Finisher","All Out Attack","Dagger Throw","Doppelganger+1","Parasite","Underhanded Strike","Dagger Spray+1","Dagger Throw","Acrobatics+1","Reflex","Eviscerate+1","Envenom","Choke+1","Master of Strategy","Reflex","Finisher+1","Masterful Stab+1","Dagger Throw+1","Catalyst+1"],"relics":["Astrolabe","Matryoshka","Odd Mushroom","Snake Skull","Pantograph","Whetstone","MawBank","Calling Bell","Anchor","Ornamental Fan","Tingsha","Omamori","Shuriken","Nloth\u0027s Gift","Orichalcum","Gremlin Horn","Fusion Hammer","Dream Catcher","Thread and Needle","Sundial","Bottled Tornado","War Paint"],"potions_floor_usage":[33,33,48,50,50,50],"damage_taken":[{"damage":5,"enemies":"Small Slimes","floor":1,"turns":3},{"damage":2,"enemies":"Jaw Worm","floor":3,"turns":3},{"damage":1,"enemies":"Cultist","floor":5,"turns":3},{"damage":21,"enemies":"Gremlin Nob","floor":6,"turns":4},{"damage":7,"enemies":"The Mushroom Lair","floor":8,"turns":4},{"damage":7,"enemies":"Lagavulin","floor":10,"turns":5},{"damage":0,"enemies":"Lots of Slimes","floor":12,"turns":3},{"damage":12,"enemies":"3 Sentries","floor":13,"turns":5},{"damage":8,"enemies":"Red Slaver","floor":14,"turns":2},{"damage":0,"enemies":"Slime Boss","floor":16,"turns":5},{"damage":2,"enemies":"Chosen","floor":18,"turns":4},{"damage":1,"enemies":"Spheric Guardian","floor":20,"turns":3},{"damage":5,"enemies":"Centurion and Healer","floor":21,"turns":4},{"damage":24,"enemies":"Book of Stabbing","floor":23,"turns":5},{"damage":6,"enemies":"Snecko","floor":25,"turns":4},{"damage":8,"enemies":"Cultist and Chosen","floor":28,"turns":5},{"damage":0,"enemies":"Chosen and Byrds","floor":31,"turns":4},{"damage":16,"enemies":"Automaton","floor":33,"turns":6},{"damage":0,"enemies":"Orb Walker","floor":35,"turns":2},{"damage":1,"enemies":"3 Darklings","floor":36,"turns":3},{"damage":12,"enemies":"Spire Growth","floor":39,"turns":3},{"damage":5,"enemies":"Reptomancer","floor":40,"turns":4},{"damage":4,"enemies":"Nemesis","floor":42,"turns":3},{"damage":7,"enemies":"Giant Head","floor":46,"turns":5},{"damage":6,"enemies":"Maw","floor":48,"turns":4},{"damage":70,"enemies":"Time Eater","floor":50,"turns":8}],"seed_played":"-6426919778683087900","potions_obtained":[{"floor":1,"key":"EssenceOfSteel"},{"floor":6,"key":"Fruit Juice"},{"floor":13,"key":"PowerPotion"},{"floor":20,"key":"Regen Potion"},{"floor":33,"key":"Dexterity Potion"},{"floor":36,"key":"Dexterity Potion"},{"floor":42,"key":"Fire Potion"},{"floor":48,"key":"Weak Potion"}],"is_trial":false,"path_per_floor":["M","?","M","$","M","E","R","?","T","E","$","M","E","M","R","B",null,"M","T","M","M","?","E","R","M","T","?","M","R","?","M","R","B",null,"M","M","?","?","M","E","$","E","T","?","R","E","$","M","R","B",null],"character_chosen":"THE_SILENT","items_purchased":["Whetstone","Master of Strategy","Thread and Needle","Reflex"],"campfire_rested":6,"item_purchase_floors":[11,41,41,41],"current_hp_per_floor":[65,51,49,49,48,27,48,41,41,34,34,34,22,14,35,60,70,68,68,67,62,62,38,59,53,53,53,45,45,32,32,54,64,80,80,79,79,79,67,62,62,58,58,58,80,73,73,67,80,25],"gold":19,"neow_bonus":"BOSS_RELIC","is_prod":false,"is_daily":false,"chose_seed":false,"campfire_upgraded":1,"win_rate":0,"timestamp":1550763669,"path_taken":["M","?","M","$","M","E","R","?","T","E","?","?","E","?","R","BOSS","M","?","?","M","?","E","R","?","T","?","M","R","?","M","R","BOSS","M","M","?","?","M","E","$","E","T","?","R","E","$","M","R","BOSS"],"build_version":"2019-01-23","purchased_purges":3,"victory":true,"max_hp_per_floor":[70,70,70,70,70,70,70,70,70,70,70,70,70,70,70,70,70,70,70,70,70,70,70,70,70,70,70,70,70,75,75,75,80,80,80,80,80,80,80,80,80,80,80,80,80,80,80,80,80,80],"card_choices":[{"not_picked":["Leg Sweep","Blur"],"picked":"Underhanded Strike","floor":1},{"not_picked":["Backflip","Sucker Punch"],"picked":"Underhanded Strike","floor":3},{"not_picked":["Distraction","Deadly Poison","Outmaneuver"],"picked":"SKIP","floor":5},{"not_picked":["Distraction","Accuracy"],"picked":"Prepared","floor":6},{"not_picked":["Deadly Poison","Deflect"],"picked":"Quick Slash","floor":8},{"not_picked":["Outmaneuver","Masterful Stab"],"picked":"Backstab","floor":10},{"not_picked":["Accuracy","Outmaneuver"],"picked":"Finisher","floor":12},{"not_picked":["Heel Hook","Poisoned Stab"],"picked":"All Out Attack","floor":13},{"not_picked":["Flying Knee","Sucker Punch"],"picked":"Dagger Throw","floor":14},{"not_picked":["After Image","Corpse Explosion"],"picked":"Doppelganger","floor":16},{"not_picked":["Quick Slash","Crippling Poison"],"picked":"Underhanded Strike","floor":18},{"not_picked":["Outmaneuver","Dodge and Roll+1"],"picked":"Dagger Spray+1","floor":20},{"not_picked":["Deadly Poison","Dodge and Roll+1","Noxious Fumes"],"picked":"SKIP","floor":21},{"not_picked":["Corpse Explosion","Outmaneuver"],"picked":"Dagger Throw","floor":23},{"not_picked":["Dodge and Roll","Unload"],"picked":"Acrobatics+1","floor":25},{"not_picked":["Escape Plan+1","Quick Slash+1"],"picked":"Reflex","floor":28},{"not_picked":["Blade Dance","Dagger Throw"],"picked":"Eviscerate+1","floor":31},{"not_picked":["Doppelganger","Adrenaline"],"picked":"Envenom","floor":33},{"not_picked":["Expertise+1","Calculated Gamble","Skewer"],"picked":"SKIP","floor":35},{"not_picked":["Acrobatics","Quick Slash","Tools of the Trade"],"picked":"SKIP","floor":36},{"not_picked":["Quick Slash","Blade Dance+1","Backflip"],"picked":"SKIP","floor":39},{"not_picked":["Doppelganger","Bane+1"],"picked":"Choke+1","floor":40},{"not_picked":["Deflect","Storm of Steel"],"picked":"Finisher+1","floor":42},{"not_picked":["Noxious Fumes","Backflip"],"picked":"Masterful Stab+1","floor":45},{"not_picked":["Blade Dance","Poisoned Stab+1","Cloak And Dagger+1"],"picked":"SKIP","floor":46},{"not_picked":["Backflip+1","Expertise+1"],"picked":"Dagger Throw+1","floor":48},{"not_picked":["Blade Dance","Backstab"],"picked":"Catalyst+1","floor":49}],"player_experience":36655,"relics_obtained":[{"floor":6,"key":"Matryoshka"},{"floor":8,"key":"Odd Mushroom"},{"floor":9,"key":"Lantern"},{"floor":9,"key":"Snake Skull"},{"floor":10,"key":"Pantograph"},{"floor":13,"key":"MawBank"},{"floor":17,"key":"Anchor"},{"floor":17,"key":"Ornamental Fan"},{"floor":17,"key":"Tingsha"},{"floor":19,"key":"Omamori"},{"floor":19,"key":"Shuriken"},{"floor":23,"key":"Orichalcum"},{"floor":26,"key":"Gremlin Horn"},{"floor":40,"key":"Dream Catcher"},{"floor":42,"key":"Sundial"},{"floor":43,"key":"Bottled Tornado"},{"floor":46,"key":"War Paint"}],"event_choices":[{"damage_healed":0,"gold_gain":0,"player_choice":"Entered Light","damage_taken":14,"max_hp_gain":0,"max_hp_loss":0,"event_name":"Shining Light","floor":2,"gold_loss":0,"cards_upgraded":["Survivor","Strike_G"]},{"damage_healed":0,"gold_gain":0,"player_choice":"Fought Mushrooms","damage_taken":0,"max_hp_gain":0,"max_hp_loss":0,"event_name":"Mushrooms","floor":8,"gold_loss":0},{"damage_healed":0,"gold_gain":0,"player_choice":"Traded Relic","damage_taken":0,"relics_obtained":["Nloth\u0027s Gift"],"max_hp_gain":0,"max_hp_loss":0,"event_name":"N\u0027loth","floor":22,"relics_lost":["Lantern"],"gold_loss":0},{"cards_removed":["Regret"],"damage_healed":0,"gold_gain":0,"player_choice":"Gave Gold","damage_taken":0,"max_hp_gain":0,"max_hp_loss":0,"event_name":"Beggar","floor":27,"gold_loss":75},{"damage_healed":0,"gold_gain":0,"player_choice":"Shed Blood","damage_taken":18,"max_hp_gain":5,"max_hp_loss":0,"event_name":"Forgotten Altar","floor":30,"gold_loss":0},{"damage_healed":0,"gold_gain":0,"player_choice":"Ignored","damage_taken":0,"max_hp_gain":0,"max_hp_loss":0,"event_name":"Tomb of Lord Red Mask","floor":37,"gold_loss":0},{"cards_removed":["Survivor"],"damage_healed":0,"gold_gain":0,"player_choice":"Removed Skill","damage_taken":0,"max_hp_gain":0,"max_hp_loss":0,"event_name":"Falling","floor":38,"gold_loss":0},{"damage_healed":0,"gold_gain":0,"player_choice":"Upgraded","damage_taken":0,"max_hp_gain":0,"max_hp_loss":0,"event_name":"Upgrade Shrine","floor":44,"gold_loss":0,"cards_upgraded":["Doppelganger"]}],"is_beta":false,"boss_relics":[{"not_picked":["Coffee Dripper","Lizard Tail"],"picked":"Calling Bell"},{"not_picked":["Orrery","Philosopher\u0027s Stone"],"picked":"Fusion Hammer"}],"items_purged_floors":[4,41,47],"is_endless":false,"potions_floor_spawned":[1,6,13,16,20,23,31,33,36,42,48],"ascension_level":1}