{"gold_per_floor":[118,134,5,21,37,72,72,72,72,72,90,90,115,115,115,192,192,205,71,83,83,109,142,142,168,168,184,184,216,216,316,316,388,388,399,416,416,443,443,475,490,46,69,69,97,117,117,117],"floor_reached":48,"playtime":2772,"items_purged":["Pain","Strike_G"],"score":1133,"play_id":"5985a718-f913-4987-bc2e-69bce19a61df","local_time":"20190206221932","is_ascension_mode":true,"campfire_choices":[{"data":"Leg Sweep","floor":8.0,"key":"SMITH"},{"data":"Neutralize","floor":10.0,"key":"SMITH"},{"data":"Dash","floor":12.0,"key":"SMITH"},{"floor":15.0,"key":"REST"},{"floor":24.0,"key":"REST"},{"floor":28.0,"key":"REST"},{"floor":32.0,"key":"REST"},{"floor":44,"key":"REST"}],"neow_cost":"NONE","seed_source_timestamp":251380147312754,"circlet_count":0,"master_deck":["AscendersBane","Defend_G","Defend_G","Defend_G","Defend_G","Defend_G","Strike_G","Strike_G","Strike_G","Strike_G","Survivor","Neutralize+1","Dagger Throw","Dash+1","Deflect","Leg Sweep+1","Dagger Spray","Deadly Poison","Poisoned Stab","Cloak And Dagger","Endless Agony","Terror","Corpse Explosion","Crippling Poison+1","Cloak And Dagger","Acrobatics","Caltrops+1","Crippling Poison","Calculated Gamble","Burst+1","Adrenaline","Crippling Poison+1","Backflip","Escape Plan","Cloak And Dagger+1","PiercingWail+1","Backflip"],"special_seed":0,"relics":["Ring of the Snake","Bag of Preparation","Sundial","Darkstone Periapt","WarpedTongs","Fusion Hammer","Omamori","Regal Pillow","Kunai","Thread and Needle","Ornamental Fan","Nunchaku","Orrery","Orichalcum","Turnip","Happy Flower","Pen Nib"],"potions_floor_usage":[36,45,48,48],"damage_taken":[{"damage":0.0,"enemies":"Small Slimes","floor":1.0,"turns":3.0},{"damage":4.0,"enemies":"Jaw Worm","floor":2.0,"turns":5.0},{"damage":2.0,"enemies":"Cultist","floor":4.0,"turns":4.0},{"damage":0.0,"enemies":"Blue Slaver","floor":5.0,"turns":5.0},{"damage":15.0,"enemies":"3 Sentries","floor":6.0,"turns":6.0},{"damage":4.0,"enemies":"Exordium Thugs","floor":11.0,"turns":5.0},{"damage":23.0,"enemies":"Gremlin Nob","floor":13.0,"turns":4.0},{"damage":18.0,"enemies":"Hexaghost","floor":16.0,"turns":9.0},{"damage":22.0,"enemies":"Spheric Guardian","floor":18.0,"turns":4.0},{"damage":7.0,"enemies":"Chosen","floor":20.0,"turns":5.0},{"damage":39.0,"enemies":"Gremlin Leader","floor":23.0,"turns":6.0},{"damage":15.0,"enemies":"Slavers","floor":25.0,"turns":3.0},{"damage":0.0,"enemies":"Snecko","floor":27.0,"turns":4.0},{"damage":4.0,"enemies":"Gremlin Leader","floor":29.0,"turns":5.0},{"damage":4.0,"enemies":"Colosseum Slavers","floor":31.0,"turns":3.0},{"damage":14.0,"enemies":"Colosseum Nobs","floor":31.0,"turns":4.0},{"damage":52.0,"enemies":"Collector","floor":33.0,"turns":10.0},{"damage":0.0,"enemies":"Orb Walker","floor":35.0,"turns":3.0},{"damage":1,"enemies":"3 Darklings","floor":36,"turns":3},{"damage":20,"enemies":"Giant Head","floor":40,"turns":10},{"damage":17,"enemies":"Maw","floor":41,"turns":10},{"damage":24,"enemies":"Reptomancer","floor":45,"turns":9},{"damage":10,"enemies":"Spire Growth","floor":46,"turns":5},{"damage":25,"enemies":"Giant Head","floor":48,"turns":9}],"seed_played":"-5586090911602179382","potions_obtained":[{"floor":1.0,"key":"Weak Potion"},{"floor":4.0,"key":"SpeedPotion"},{"floor":5.0,"key":"Strength Potion"},{"floor":20.0,"key":"Regen Potion"},{"floor":25.0,"key":"GhostInAJar"},{"floor":31.0,"key":"GhostInAJar"},{"floor":40,"key":"Fire Potion"},{"floor":41,"key":"Block Potion"},{"floor":46,"key":"EssenceOfSteel"}],"is_trial":false,"path_per_floor":["M","M","$","M","M","E","?","R","T","R","M","R","E","?","R","B",null,"M","$","M","?","T","E","R","E","T","M","R","E","?","?","R","B",null,"M","M","?","T","?","E","M","$","T","R","E","M","$","E"],"character_chosen":"THE_SILENT","items_purchased":["Leg Sweep","Dagger Spray","Cloak And Dagger","Turnip"],"campfire_rested":5,"item_purchase_floors":[3,3,19,42],"current_hp_per_floor":[59,55,55,53,53,38,38,38,38,38,34,34,11,17,38,20,59,37,37,30,30,30,6,42,27,27,27,63,59,59,41,72,20,59,59,58,58,58,58,38,21,21,21,57,33,23,23,0],"gold":117,"neow_bonus":"THREE_CARDS","is_prod":false,"is_daily":false,"chose_seed":false,"campfire_upgraded":3,"win_rate":0,"timestamp":1549509572,"path_taken":["M","M","$","M","M","E","?","R","T","R","M","R","E","?","R","BOSS","M","?","M","?","?","E","R","E","T","?","R","E","?","?","R","BOSS","M","M","?","?","?","E","?","$","T","R","E","M","$","E"],"build_version":"2019-01-23","purchased_purges":2,"victory":false,"max_hp_per_floor":[66,66,66,66,66,66,66,66,66,66,66,66,66,72,72,72,72,72,72,72,72,72,72,72,72,72,72,72,72,72,72,72,72,72,72,72,72,72,72,72,72,72,72,72,72,72,72,72],"card_choices":[{"not_picked":["Outmaneuver","Escape Plan"],"picked":"Dagger Throw","floor":0.0},{"not_picked":["Accuracy","Dagger Throw"],"picked":"Dash","floor":1.0},{"not_picked":["Catalyst","Dagger Throw"],"picked":"Deflect","floor":2.0},{"not_picked":["Slice","Dagger Throw"],"picked":"Deadly Poison","floor":4.0},{"not_picked":["Escape Plan","PiercingWail"],"picked":"Poisoned Stab","floor":5.0},{"not_picked":["Endless Agony","Blade Dance"],"picked":"Cloak And Dagger","floor":6.0},{"not_picked":["Prepared","Acrobatics"],"picked":"Endless Agony","floor":11.0},{"not_picked":["Phantasmal Killer","Choke"],"picked":"Terror","floor":13.0},{"not_picked":["Venomology","Bullet Time"],"picked":"Corpse Explosion","floor":16.0},{"not_picked":["Setup","Poisoned Stab"],"picked":"Crippling Poison+1","floor":18.0},{"not_picked":["Dagger Spray","Sucker Punch","Finisher"],"picked":"SKIP","floor":20.0},{"not_picked":["Flying Knee","Dodge and Roll"],"picked":"Acrobatics","floor":23.0},{"not_picked":["Dagger Throw","Backflip"],"picked":"Caltrops+1","floor":25.0},{"not_picked":["Riddle With Holes","Eviscerate"],"picked":"Crippling Poison","floor":27.0},{"not_picked":["Underhanded Strike","Expertise","Heel Hook"],"picked":"SKIP","floor":29.0},{"not_picked":["Deflect","Flying Knee"],"picked":"Calculated Gamble","floor":31.0},{"not_picked":["Venomology","Night Terror"],"picked":"Burst","floor":33.0},{"not_picked":["Setup","Poisoned Stab"],"picked":"Adrenaline","floor":34.0},{"not_picked":["Cloak And Dagger","Backflip"],"picked":"Crippling Poison+1","floor":34.0},{"not_picked":["Underhanded Strike","Catalyst"],"picked":"Backflip","floor":34.0},{"not_picked":["Flying Knee","Crippling Poison"],"picked":"Escape Plan","floor":35.0},{"not_picked":["Blade Dance","Bane"],"picked":"Cloak And Dagger+1","floor":36},{"not_picked":["Accuracy","Phantasmal Killer"],"picked":"PiercingWail+1","floor":40},{"not_picked":["Dagger Throw","Flying Knee","Choke"],"picked":"SKIP","floor":41},{"not_picked":["Dodge and Roll","Outmaneuver"],"picked":"Backflip","floor":45},{"not_picked":["Flying Knee+1","Tools of the Trade","Setup+1"],"picked":"SKIP","floor":46}],"player_experience":1146705,"relics_obtained":[{"floor":6.0,"key":"Bag of Preparation"},{"floor":9.0,"key":"Sundial"},{"floor":13.0,"key":"Darkstone Periapt"},{"floor":22.0,"key":"Omamori"},{"floor":23.0,"key":"Regal Pillow"},{"floor":25.0,"key":"Kunai"},{"floor":26.0,"key":"Thread and Needle"},{"floor":29.0,"key":"Ornamental Fan"},{"floor":31.0,"key":"Nunchaku"},{"floor":40,"key":"Orichalcum"},{"floor":43,"key":"Happy Flower"},{"floor":45,"key":"Pen Nib"}],"event_choices":[{"damage_healed":0.0,"max_hp_gain":0.0,"max_hp_loss":0.0,"gold_gain":0.0,"event_name":"Liars Game","player_choice":"Ignored","floor":7.0,"gold_loss":0.0,"damage_taken":0.0},{"damage_healed":0.0,"max_hp_gain":0.0,"max_hp_loss":0.0,"gold_gain":0.0,"event_name":"Accursed Blacksmith","player_choice":"Rummage","floor":14.0,"gold_loss":0.0,"damage_taken":0.0,"relics_obtained":["WarpedTongs"],"cards_obtained":["Pain"]},{"damage_healed":0.0,"max_hp_gain":0.0,"max_hp_loss":0.0,"gold_gain":0.0,"event_name":"Cursed Tome","player_choice":"Ignored","floor":21.0,"gold_loss":0.0,"damage_taken":0.0},{"damage_healed":0.0,"max_hp_gain":0.0,"max_hp_loss":0.0,"gold_gain":0.0,"event_name":"Forgotten Altar","player_choice":"Smashed Altar","floor":30.0,"gold_loss":0.0,"damage_taken":0.0,"cards_obtained":["Decay"]},{"damage_healed":0.0,"max_hp_gain":0.0,"max_hp_loss":0.0,"gold_gain":0.0,"event_name":"Colosseum","player_choice":"Fight","floor":31.0,"gold_loss":0.0,"damage_taken":0.0},{"damage_healed":0.0,"max_hp_gain":0.0,"max_hp_loss":0.0,"gold_gain":0.0,"event_name":"Colosseum","player_choice":"Fought Nobs","floor":31.0,"gold_loss":0.0,"damage_taken":0.0},{"damage_healed":0,"gold_gain":0,"player_choice":"Ignored","damage_taken":0,"max_hp_gain":0,"max_hp_loss":0,"event_name":"Tomb of Lord Red Mask","floor":37,"gold_loss":0},{"damage_healed":0,"gold_gain":0,"player_choice":"Upgraded","damage_taken":0,"max_hp_gain":0,"max_hp_loss":0,"event_name":"Upgrade Shrine","floor":39,"gold_loss":0,"cards_upgraded":["Burst"]}],"is_beta":false,"boss_relics":[{"not_picked":["HoveringKite","Busted Crown"],"picked":"Fusion Hammer"},{"not_picked":["Black Star","WristBlade"],"picked":"Orrery"}],"items_purged_floors":[19,42],"is_endless":false,"potions_floor_spawned":[1,4,5,20,25,31,40,41,46],"killed_by":"Giant Head","ascension_level":20}