{"gold_per_floor":[115,115,40,60,135,135,169,187,214,237,280,298,333,349,349,473,536,551,551,294,317,26,26,41,80,161,161,181,255,271,271,271,271],"floor_reached":33,"playtime":1277,"items_purged":["Regret","Injury"],"score":458,"play_id":"68e1a084-d14e-4ac6-a4a0-25bbc01630a2","local_time":"20181009195531","is_ascension_mode":true,"campfire_choices":[{"data":"Flex","floor":6.0,"key":"SMITH"},{"data":"Heavy Blade","floor":15.0,"key":"SMITH"},{"data":"Shrug It Off","floor":23.0,"key":"SMITH"},{"data":"Immolate","floor":27.0,"key":"SMITH"},{"data":"Spot Weakness","floor":32.0,"key":"SMITH"}],"neow_cost":"CURSE","seed_source_timestamp":0,"circlet_count":0,"master_deck":["Strike_R+1","Strike_R+1","Strike_R+1","Strike_R+1","Strike_R+1","Defend_R+1","Defend_R+1","Defend_R+1","Defend_R+1","Bash","AscendersBane","Flex+1","Cleave","Headbutt","Warcry+1","Pummel","Heavy Blade+1","Sword Boomerang","Twin Strike","Immolate+1","Iron Wave","Thunderclap","Warcry","Wild Strike","Shrug It Off+1","Power Through","Bloodletting","Warcry+1","Spot Weakness+1","Feel No Pain+1"],"special_seed":0,"relics":["Burning Blood","Thread and Needle","Bloody Idol","Happy Flower","Red Skull","Pen Nib","Pantograph","Ancient Tea Set","Tiny House","Vajra","Medical Kit","Blood Vial","Sundial","Tiny Chest"],"potions_floor_usage":[],"damage_taken":[{"damage":2.0,"enemies":"Jaw Worm","floor":1.0,"turns":4.0},{"damage":0.0,"enemies":"Cultist","floor":4.0,"turns":4.0},{"damage":16.0,"enemies":"Gremlin Nob","floor":7.0,"turns":5.0},{"damage":0.0,"enemies":"Small Slimes","floor":8.0,"turns":3.0},{"damage":33.0,"enemies":"Lagavulin","floor":11.0,"turns":5.0},{"damage":0.0,"enemies":"2 Fungi Beasts","floor":12.0,"turns":2.0},{"damage":8.0,"enemies":"3 Sentries","floor":13.0,"turns":6.0},{"damage":0.0,"enemies":"Large Slime","floor":14.0,"turns":3.0},{"damage":52.0,"enemies":"Slime Boss","floor":16.0,"turns":10.0},{"damage":6.0,"enemies":"3 Byrds","floor":18.0,"turns":3.0},{"damage":0.0,"enemies":"Chosen","floor":21.0,"turns":3.0},{"damage":1.0,"enemies":"Shelled Parasite and Fungi","floor":24.0,"turns":3.0},{"damage":16.0,"enemies":"Book of Stabbing","floor":25.0,"turns":5.0},{"damage":1.0,"enemies":"Sentry and Sphere","floor":28.0,"turns":5.0},{"damage":11.0,"enemies":"Slavers","floor":29.0,"turns":4.0},{"damage":11.0,"enemies":"Cultist and Chosen","floor":30.0,"turns":4.0},{"damage":94,"enemies":"Collector","floor":33,"turns":8}],"seed_played":"-8073858140742652548","potions_obtained":[{"floor":4.0,"key":"Block Potion"},{"floor":11.0,"key":"SpeedPotion"},{"floor":12.0,"key":"Fruit Juice"},{"floor":14.0,"key":"FearPotion"},{"floor":16.0,"key":"Strength Potion"},{"floor":17.0,"key":"LiquidBronze"},{"floor":21.0,"key":"FearPotion"},{"floor":24.0,"key":"FearPotion"},{"floor":25.0,"key":"SkillPotion"}],"is_trial":false,"path_per_floor":["M","?","$","M","?","R","E","M","T","T","E","M","E","M","R","B",null,"M","?","$","M","$","R","M","E","T","R","M","E","M","?","R"],"character_chosen":"IRONCLAD","items_purchased":["Vajra","Medical Kit","Wild Strike","Shrug It Off"],"campfire_rested":0,"item_purchase_floors":[20,22,22,22],"current_hp_per_floor":[76,76,76,80,69,69,59,65,65,65,38,44,47,53,53,32,77,77,77,77,83,83,83,88,78,78,78,85,82,79,79,79,0],"gold":271,"neow_bonus":"ONE_RARE_RELIC","is_prod":false,"is_daily":false,"chose_seed":false,"campfire_upgraded":5,"win_rate":0,"timestamp":1539107731,"path_taken":["M","?","?","?","?","R","E","M","T","?","E","?","E","M","R","BOSS","M","?","?","M","$","R","M","E","T","R","?","E","M","?","R","BOSS"],"build_version":"2018-10-04v2","purchased_purges":2,"victory":false,"max_hp_per_floor":[80,80,80,80,80,80,80,80,80,80,80,80,85,85,85,85,90,90,90,90,90,90,90,90,90,90,90,90,90,90,90,90,90],"card_choices":[{"not_picked":["Headbutt","True Grit"],"picked":"Flex","floor":1.0},{"not_picked":["Anger","Wild Strike"],"picked":"Cleave","floor":4.0},{"not_picked":["Body Slam","Fiend Fire"],"picked":"Headbutt","floor":7.0},{"not_picked":["Entrench","Second Wind"],"picked":"Warcry","floor":8.0},{"not_picked":["Wild Strike","Brutality"],"picked":"Pummel","floor":11.0},{"not_picked":["Carnage","Sentinel"],"picked":"Heavy Blade","floor":12.0},{"not_picked":["Clothesline","Heavy Blade"],"picked":"Sword Boomerang","floor":13.0},{"not_picked":["Intimidate","Thunderclap"],"picked":"Twin Strike","floor":14.0},{"not_picked":["Berserk","Dark Embrace"],"picked":"Immolate","floor":16.0},{"not_picked":["Power Through","Anger"],"picked":"Iron Wave","floor":17.0},{"not_picked":["Seeing Red","Searing Blow"],"picked":"Thunderclap","floor":18.0},{"not_picked":["Intimidate","Cleave"],"picked":"Warcry","floor":21.0},{"not_picked":["Shrug It Off","Perfected Strike"],"picked":"Power Through","floor":24.0},{"not_picked":["Anger+1","Iron Wave"],"picked":"Bloodletting","floor":25.0},{"not_picked":["Corruption","Headbutt"],"picked":"Warcry+1","floor":28.0},{"not_picked":["Disarm+1","Entrench+1"],"picked":"Spot Weakness","floor":29.0},{"not_picked":["Perfected Strike","Barricade"],"picked":"Feel No Pain+1","floor":30.0}],"player_experience":1069952,"relics_obtained":[{"floor":7.0,"key":"Happy Flower"},{"floor":9.0,"key":"Red Skull"},{"floor":10.0,"key":"Pen Nib"},{"floor":11.0,"key":"Pantograph"},{"floor":13.0,"key":"Ancient Tea Set"},{"floor":25.0,"key":"Blood Vial"},{"floor":26.0,"key":"Sundial"},{"floor":29.0,"key":"Tiny Chest"}],"event_choices":[{"event_name":"Golden Idol","player_choice":"Take Wound","floor":2.0,"damage_taken":0.0},{"event_name":"World of Goop","player_choice":"Gather Gold","floor":5.0,"damage_taken":0.0},{"event_name":"Back to Basics","player_choice":"Simplicity","floor":19.0,"damage_taken":0.0},{"event_name":"Forgotten Altar","player_choice":"Gave Idol","floor":31.0,"damage_taken":0.0}],"is_beta":false,"boss_relics":[{"not_picked":["Lizard Tail","White Beast Statue"],"picked":"Tiny House"}],"items_purged_floors":[3,20],"is_endless":false,"potions_floor_spawned":[4,11,12,14,16,21,24,25],"killed_by":"Collector","ascension_level":10}