{"gold_per_floor":[113,113,33,308,321,321,340,373,449,462,462,637,656,695,695,791,791,814,827,259,274,274,274,313,313,313,313,313,336,359,397,397,487,487,511,4,4,4,27,27,58,58,58,9,342,117,137,155,155,155],"floor_reached":51,"playtime":1895,"items_purged":["Doubt","Decay"],"score":1244,"play_id":"7951f363-26b5-4aae-b541-43454c066f54","local_time":"20190219202023","is_ascension_mode":true,"campfire_choices":[{"data":"Metallicize","floor":6.0,"key":"SMITH"},{"floor":15.0,"key":"REST"},{"data":"Inflame","floor":27.0,"key":"SMITH"},{"data":"Uppercut","floor":32.0,"key":"SMITH"},{"data":"Demon Form","floor":40,"key":"SMITH"},{"data":"Uppercut","floor":42,"key":"SMITH"},{"floor":49,"key":"REST"}],"neow_cost":"NONE","seed_source_timestamp":229138880640491,"circlet_count":0,"master_deck":["AscendersBane","Strike_R+1","Strike_R+1","Strike_R+1","Strike_R+1","Strike_R+1","Defend_R+1","Defend_R+1","Defend_R+1","Defend_R+1","Bash","Pommel Strike","Metallicize+1","Anger","Anger","Battle Trance","Uppercut+1","Uppercut+1","Double Tap+1","Havoc+1","Shockwave+1","Inflame+1","Flame Barrier+1","Dropkick","Disarm+1","Clothesline","Pummel","Demon Form+1","Mayhem","Writhe","Dropkick+1"],"special_seed":0,"relics":["Burning Blood","NeowsBlessing","Strawberry","Mummified Hand","Toxic Egg 2","Snecko Eye","Red Skull","Champion Belt","MutagenicStrength","WingedGreaves","Darkstone Periapt","Anchor","Cursed Key","Potion Belt","Ginger","Oddly Smooth Stone","Orichalcum"],"potions_floor_usage":[41,50,50,50],"damage_taken":[{"damage":0.0,"enemies":"2 Louse","floor":1.0,"turns":1.0},{"damage":0.0,"enemies":"Cultist","floor":5.0,"turns":1.0},{"damage":0.0,"enemies":"Jaw Worm","floor":7.0,"turns":1.0},{"damage":35.0,"enemies":"Lagavulin","floor":8.0,"turns":7.0},{"damage":21.0,"enemies":"3 Louse","floor":10.0,"turns":3.0},{"damage":4.0,"enemies":"Exordium Wildlife","floor":13.0,"turns":5.0},{"damage":21.0,"enemies":"Gremlin Nob","floor":14.0,"turns":5.0},{"damage":29.0,"enemies":"Hexaghost","floor":16.0,"turns":11.0},{"damage":31.0,"enemies":"Shell Parasite","floor":18.0,"turns":4.0},{"damage":0.0,"enemies":"3 Byrds","floor":19.0,"turns":5.0},{"damage":4.0,"enemies":"Sentry and Sphere","floor":21.0,"turns":3.0},{"damage":28.0,"enemies":"Gremlin Leader","floor":24.0,"turns":6.0},{"damage":0.0,"enemies":"Centurion and Healer","floor":29.0,"turns":3.0},{"damage":0.0,"enemies":"Snake Plant","floor":30.0,"turns":2.0},{"damage":5.0,"enemies":"Book of Stabbing","floor":31.0,"turns":4.0},{"damage":55,"enemies":"Champ","floor":33,"turns":8},{"damage":14,"enemies":"Orb Walker","floor":35,"turns":3},{"damage":8,"enemies":"3 Darklings","floor":39,"turns":5},{"damage":15,"enemies":"Giant Head","floor":41,"turns":6},{"damage":18,"enemies":"Sphere and 2 Shapes","floor":47,"turns":4},{"damage":4,"enemies":"Maw","floor":48,"turns":4},{"damage":53,"enemies":"Donu and Deca","floor":50,"turns":8}],"seed_played":"8499916157412594289","potions_obtained":[{"floor":7.0,"key":"SpeedPotion"},{"floor":8.0,"key":"Poison Potion"},{"floor":10.0,"key":"Ancient Potion"},{"floor":14.0,"key":"Dexterity Potion"},{"floor":19.0,"key":"Energy Potion"},{"floor":21.0,"key":"EssenceOfSteel"},{"floor":24.0,"key":"EssenceOfSteel"},{"floor":30.0,"key":"SkillPotion"},{"floor":39,"key":"SteroidPotion"},{"floor":47,"key":"FairyPotion"}],"is_trial":false,"path_per_floor":["M","?","$","?","M","R","M","E","T","M","?","?","M","E","R","B",null,"M","M","$","M","?","?","E","?","T","R","?","M","M","E","R","B",null,"M","$","?","?","M","R","E","R","T","$","?","$","M","M","R","B",null],"character_chosen":"IRONCLAD","items_purchased":["Metallicize","Red Skull","Champion Belt","Inflame","Potion Belt","Ginger","Regen Potion","SteroidPotion","SpeedPotion","LiquidBronze"],"campfire_rested":2,"item_purchase_floors":[3,20,20,20,36,36,36,44,46,46],"current_hp_per_floor":[74,56,56,56,62,62,68,46,46,31,24,24,26,11,35,12,65,40,46,46,48,48,48,26,53,53,53,53,59,65,66,66,17,66,58,58,58,85,83,83,74,74,80,80,80,80,68,70,94,53],"gold":155,"neow_bonus":"THREE_ENEMY_KILL","is_prod":false,"is_daily":false,"chose_seed":false,"campfire_upgraded":5,"win_rate":0,"timestamp":1550604023,"path_taken":["M","?","$","?","?","R","M","E","T","M","?","?","?","E","R","BOSS","M","M","$","M","?","?","E","?","T","R","?","M","?","E","R","BOSS","M","$","?","?","M","R","E","R","T","?","?","$","?","M","R","BOSS"],"build_version":"2019-01-23","purchased_purges":2,"victory":true,"max_hp_per_floor":[75,75,75,75,75,75,75,82,82,82,82,82,82,82,82,82,82,82,82,82,82,82,82,82,82,82,82,82,82,82,82,82,82,82,82,82,82,88,88,88,88,88,94,94,94,94,94,94,94,94],"card_choices":[{"not_picked":["Sword Boomerang","Armaments"],"picked":"Pommel Strike","floor":1.0},{"not_picked":["Clash","Rage"],"picked":"Anger","floor":5.0},{"not_picked":["Twin Strike","Blood for Blood"],"picked":"Anger","floor":7.0},{"not_picked":["Wild Strike","Searing Blow","Sever Soul"],"picked":"SKIP","floor":8.0},{"not_picked":["Shrug It Off","Heavy Blade"],"picked":"Battle Trance","floor":10.0},{"not_picked":["Twin Strike","Cleave"],"picked":"Uppercut","floor":13.0},{"not_picked":["Thunderclap","Seeing Red"],"picked":"Uppercut","floor":14.0},{"not_picked":["Exhume+1","Limit Break+1"],"picked":"Double Tap+1","floor":16.0},{"not_picked":["Twin Strike","Iron Wave"],"picked":"Havoc+1","floor":18.0},{"not_picked":["Anger","Warcry+1"],"picked":"Shockwave+1","floor":19.0},{"not_picked":["Anger","Uppercut"],"picked":"Flame Barrier+1","floor":21.0},{"not_picked":["Pommel Strike","Twin Strike"],"picked":"Dropkick","floor":24.0},{"not_picked":["Thunderclap","Exhume+1"],"picked":"Disarm+1","floor":29.0},{"not_picked":["Perfected Strike","Havoc+1"],"picked":"Clothesline","floor":30.0},{"not_picked":["Perfected Strike+1","Second Wind+1"],"picked":"Pummel","floor":31.0},{"not_picked":["Reaper","Offering+1"],"picked":"Demon Form","floor":33},{"not_picked":["Feel No Pain+1","Headbutt","Rage+1"],"picked":"SKIP","floor":35},{"not_picked":["The Bomb+1","Jack Of All Trades+1"],"picked":"Mayhem","floor":37},{"not_picked":["Clash","True Grit+1","Iron Wave"],"picked":"SKIP","floor":39},{"not_picked":["Wild Strike","Warcry+1","Rage+1"],"picked":"SKIP","floor":41},{"not_picked":["Armaments+1","Pommel Strike","Warcry+1"],"picked":"SKIP","floor":47},{"not_picked":["Fire Breathing","Second Wind+1"],"picked":"Dropkick+1","floor":48}],"player_experience":2292127,"relics_obtained":[{"floor":8.0,"key":"Strawberry"},{"floor":9.0,"key":"Mummified Hand"},{"floor":14.0,"key":"Toxic Egg 2"},{"floor":24.0,"key":"WingedGreaves"},{"floor":26.0,"key":"Darkstone Periapt"},{"floor":31.0,"key":"Anchor"},{"floor":41,"key":"Oddly Smooth Stone"},{"floor":43,"key":"Orichalcum"}],"event_choices":[{"damage_healed":0.0,"max_hp_gain":0.0,"max_hp_loss":0.0,"gold_gain":0.0,"event_name":"Golden Idol","player_choice":"Take Damage","floor":2.0,"gold_loss":0.0,"damage_taken":18.0,"relics_obtained":["Golden Idol"]},{"damage_healed":0.0,"max_hp_gain":0.0,"max_hp_loss":0.0,"gold_gain":275.0,"event_name":"Golden Shrine","player_choice":"Desecrate","floor":4.0,"gold_loss":0.0,"damage_taken":0.0,"cards_obtained":["Regret"]},{"cards_removed":["Regret"],"damage_healed":0.0,"max_hp_gain":0.0,"max_hp_loss":0.0,"gold_gain":0.0,"event_name":"Golden Wing","player_choice":"Card Removal","floor":11.0,"gold_loss":0.0,"damage_taken":7.0},{"damage_healed":0.0,"max_hp_gain":0.0,"max_hp_loss":0.0,"gold_gain":175.0,"event_name":"Liars Game","player_choice":"AGREE","floor":12.0,"gold_loss":0.0,"damage_taken":0.0,"cards_obtained":["Doubt"]},{"damage_healed":0.0,"max_hp_gain":0.0,"max_hp_loss":0.0,"gold_gain":0.0,"event_name":"Back to Basics","player_choice":"Simplicity","floor":22.0,"gold_loss":0.0,"damage_taken":0.0,"cards_upgraded":["Strike_R","Strike_R","Strike_R","Strike_R","Strike_R","Defend_R","Defend_R","Defend_R","Defend_R"]},{"damage_healed":0.0,"max_hp_gain":0.0,"max_hp_loss":0.0,"gold_gain":0.0,"event_name":"Drug Dealer","player_choice":"Inject Mutagens","floor":23.0,"gold_loss":0.0,"damage_taken":0.0,"relics_obtained":["MutagenicStrength"]},{"damage_healed":27.0,"max_hp_gain":0.0,"max_hp_loss":0.0,"gold_gain":0.0,"event_name":"The Library","player_choice":"Heal","floor":25.0,"gold_loss":0.0,"damage_taken":0.0},{"damage_healed":0.0,"max_hp_gain":0.0,"max_hp_loss":0.0,"gold_gain":0.0,"event_name":"Ghosts","player_choice":"Ignored","floor":28.0,"gold_loss":0.0,"damage_taken":0.0},{"damage_healed":0,"gold_gain":0,"player_choice":"Memory 1","damage_taken":0,"max_hp_gain":0,"max_hp_loss":0,"event_name":"SensoryStone","floor":37,"gold_loss":0},{"damage_healed":21,"gold_gain":0,"player_choice":"Writhe","damage_taken":0,"max_hp_gain":0,"max_hp_loss":0,"event_name":"Winding Halls","floor":38,"gold_loss":0,"cards_obtained":["Writhe"]},{"damage_healed":0,"gold_gain":333,"player_choice":"Gave Idol","damage_taken":0,"max_hp_gain":0,"max_hp_loss":0,"event_name":"The Moai Head","floor":45,"relics_lost":["Golden Idol"],"gold_loss":0}],"is_beta":false,"boss_relics":[{"not_picked":["Empty Cage","Fusion Hammer"],"picked":"Snecko Eye"},{"not_picked":["Sozu","Philosopher\u0027s Stone"],"picked":"Cursed Key"}],"items_purged_floors":[20,46],"is_endless":false,"potions_floor_spawned":[7,8,10,14,19,21,24,30,39,47,48],"ascension_level":14}