{"gold_per_floor":[112,124,134,187,187,187,197,224,276,291,303,320,320,350,350,350],"floor_reached":16,"playtime":602,"items_purged":[],"score":228,"play_id":"cbb9535c-cffd-4781-8855-3a97879540f6","local_time":"20181103114945","is_ascension_mode":true,"campfire_choices":[{"data":"Corruption","floor":6.0,"key":"SMITH"},{"data":"Clothesline","floor":13,"key":"SMITH"},{"data":"Disarm","floor":15,"key":"SMITH"}],"neow_cost":"NONE","seed_source_timestamp":147955189228357,"circlet_count":0,"master_deck":["AscendersBane","Strike_R","Strike_R","Strike_R","Strike_R","Strike_R","Defend_R","Defend_R","Defend_R","Defend_R","Bash","Feed","Corruption+1","Inflame","Clothesline+1","Whirlwind","Armaments","Disarm+1","Iron Wave"],"special_seed":0,"relics":["Burning Blood","Bag of Preparation","PreservedInsect"],"potions_floor_usage":[8,8,11],"damage_taken":[{"damage":13.0,"enemies":"2 Louse","floor":1.0,"turns":3.0},{"damage":21.0,"enemies":"Jaw Worm","floor":2.0,"turns":5.0},{"damage":7.0,"enemies":"Cultist","floor":3.0,"turns":4.0},{"damage":8.0,"enemies":"Large Slime","floor":7.0,"turns":7.0},{"damage":30,"enemies":"3 Sentries","floor":8,"turns":10},{"damage":6,"enemies":"Exordium Wildlife","floor":10,"turns":3},{"damage":3,"enemies":"2 Fungi Beasts","floor":11,"turns":3},{"damage":13,"enemies":"Large Slime","floor":12,"turns":6},{"damage":11,"enemies":"Lagavulin","floor":14,"turns":7},{"damage":19,"enemies":"Hexaghost","floor":16,"turns":9}],"seed_played":"-1370010824251571786","potions_obtained":[{"floor":3.0,"key":"FearPotion"},{"floor":5.0,"key":"SpeedPotion"},{"floor":7.0,"key":"SpeedPotion"},{"floor":8,"key":"Ancient Potion"},{"floor":10,"key":"EssenceOfSteel"}],"is_trial":false,"path_per_floor":["M","M","M","?","?","R","M","E","T","M","M","M","R","E","R","B"],"character_chosen":"IRONCLAD","items_purchased":[],"campfire_rested":0,"item_purchase_floors":[],"current_hp_per_floor":[64,49,51,51,51,51,52,31,31,34,37,33,33,28,28,9],"gold":350,"neow_bonus":"ONE_RANDOM_RARE_CARD","is_prod":false,"is_daily":false,"chose_seed":false,"campfire_upgraded":3,"win_rate":0,"timestamp":1541260185,"path_taken":["M","M","M","?","?","R","M","E","T","M","M","M","R","E","R","BOSS"],"build_version":"2018-11-02","purchased_purges":0,"victory":false,"max_hp_per_floor":[78,78,81,81,81,81,84,87,87,90,90,93,93,93,93,93],"card_choices":[{"not_picked":["Clash","Feel No Pain"],"picked":"Corruption","floor":1.0},{"not_picked":["True Grit","Flex","Clash"],"picked":"SKIP","floor":2.0},{"not_picked":["Intimidate","Spot Weakness"],"picked":"Inflame","floor":3.0},{"not_picked":["Thunderclap","Pommel Strike"],"picked":"Clothesline","floor":7.0},{"not_picked":["Sword Boomerang","Havoc"],"picked":"Whirlwind","floor":8},{"not_picked":["Headbutt","Perfected Strike"],"picked":"Armaments","floor":10},{"not_picked":["Clash","Barricade"],"picked":"Disarm","floor":11},{"not_picked":["Seeing Red","Carnage","Wild Strike"],"picked":"SKIP","floor":12},{"not_picked":["Rupture","Thunderclap"],"picked":"Iron Wave","floor":14}],"player_experience":1138565,"relics_obtained":[{"floor":9,"key":"Bag of Preparation"},{"floor":14,"key":"PreservedInsect"}],"event_choices":[{"damage_healed":0.0,"max_hp_gain":0.0,"max_hp_loss":0.0,"gold_gain":53.0,"event_name":"Golden Wing","player_choice":"Gained Gold","floor":4.0,"gold_loss":0.0,"damage_taken":0.0},{"damage_healed":0.0,"max_hp_gain":0.0,"max_hp_loss":0.0,"gold_gain":0.0,"event_name":"Lab","player_choice":"Got Potions","floor":5.0,"gold_loss":0.0,"damage_taken":0.0}],"is_beta":true,"boss_relics":[],"items_purged_floors":[],"is_endless":false,"potions_floor_spawned":[3,7,8,10],"killed_by":"Hexaghost","ascension_level":20}