{"gold_per_floor":[117,135,135,93,105,105,105,105,129,156,156,156,170,213,213,213],"floor_reached":16,"playtime":340,"items_purged":[],"score":266,"play_id":"95289c22-dbcb-4427-8f37-82ef82a69775","local_time":"20181104224026","is_ascension_mode":true,"campfire_choices":[{"data":"Rip and Tear","floor":6.0,"key":"SMITH"},{"floor":8.0,"key":"REST"},{"data":"Defragment","floor":15,"key":"SMITH"}],"neow_cost":"NONE","seed_source_timestamp":180376962968480,"circlet_count":0,"master_deck":["AscendersBane","Strike_B","Strike_B","Strike_B","Strike_B","Defend_B","Defend_B","Defend_B","Defend_B","Zap+1","Dualcast","Loop","Barrage","Rip and Tear+1","Go for the Eyes","Stack","Chill","Defragment+1"],"special_seed":0,"relics":["Cracked Core","PreservedInsect","Pantograph","Golden Idol","Blue Candle"],"potions_floor_usage":[14],"damage_taken":[{"damage":1.0,"enemies":"2 Louse","floor":1.0,"turns":3.0},{"damage":1.0,"enemies":"Cultist","floor":2.0,"turns":3.0},{"damage":19.0,"enemies":"Jaw Worm","floor":5.0,"turns":4.0},{"damage":35.0,"enemies":"Lagavulin","floor":10.0,"turns":6.0},{"damage":21,"enemies":"Large Slime","floor":13,"turns":5},{"damage":0,"enemies":"3 Sentries","floor":14,"turns":4},{"damage":36,"enemies":"The Guardian","floor":16,"turns":2}],"seed_played":"-2262473453129683602","potions_obtained":[{"floor":0.0,"key":"Fire Potion"},{"floor":0.0,"key":"FearPotion"},{"floor":1.0,"key":"Strength Potion"}],"is_trial":false,"path_per_floor":["M","M","?","$","M","R","?","R","T","E","E","$","?","M","E","R","B"],"character_chosen":"DEFECT","items_purchased":["Rip and Tear"],"campfire_rested":1,"item_purchase_floors":[4],"current_hp_per_floor":[63,62,62,62,43,43,43,64,64,29,29,29,8,8,8,0],"gold":213,"neow_bonus":"THREE_SMALL_POTIONS","is_prod":false,"is_daily":false,"chose_seed":false,"campfire_upgraded":2,"win_rate":0,"timestamp":1541389226,"path_taken":["M","M","?","?","?","R","?","R","T","E","$","?","?","E","R","BOSS"],"build_version":"2018-11-02","purchased_purges":0,"victory":false,"max_hp_per_floor":[71,71,71,71,71,71,71,71,71,71,71,64,64,64,64,64],"card_choices":[{"not_picked":["Heatsinks","Coolheaded"],"picked":"Loop","floor":1.0},{"not_picked":["Force Field","Gash"],"picked":"Barrage","floor":2.0},{"not_picked":["Steam","Redo"],"picked":"Go for the Eyes","floor":5.0},{"not_picked":["Self Repair","Amplify"],"picked":"Stack","floor":10.0},{"not_picked":["Coolheaded","Gash"],"picked":"Chill","floor":13},{"not_picked":["Conserve Battery","White Noise"],"picked":"Defragment","floor":14}],"player_experience":1153131,"relics_obtained":[{"floor":9.0,"key":"PreservedInsect"},{"floor":10.0,"key":"Pantograph"},{"floor":14,"key":"Blue Candle"}],"event_choices":[{"damage_healed":0.0,"max_hp_gain":0.0,"max_hp_loss":0.0,"gold_gain":0.0,"event_name":"Upgrade Shrine","player_choice":"Upgraded","floor":3.0,"gold_loss":0.0,"damage_taken":0.0,"cards_upgraded":["Zap"]},{"damage_healed":0.0,"max_hp_gain":0.0,"max_hp_loss":0.0,"gold_gain":30.0,"event_name":"Dead Adventurer","player_choice":"Searched \u00271\u0027 times","floor":7.0,"gold_loss":0.0,"damage_taken":0.0},{"damage_healed":0.0,"max_hp_gain":0.0,"max_hp_loss":7.0,"gold_gain":0.0,"event_name":"Golden Idol","player_choice":"Lose Max HP","floor":12.0,"gold_loss":0.0,"damage_taken":0.0,"relics_obtained":["Golden Idol"]}],"is_beta":true,"boss_relics":[],"items_purged_floors":[],"is_endless":false,"potions_floor_spawned":[1,13],"killed_by":"The Guardian","ascension_level":20}