{"gold_per_floor":[111,121,11,11,86,86,120,131,155,175,175],"floor_reached":11,"playtime":746,"items_purged":["Defend_B"],"score":73,"play_id":"b10325c2-2078-4939-b516-31bd2f774644","local_time":"20190220151611","is_ascension_mode":false,"campfire_choices":[{"data":"Storm","floor":6,"key":"SMITH"}],"neow_cost":"NONE","seed_source_timestamp":6555696632800,"circlet_count":0,"master_deck":["Strike_B+1","Strike_B","Strike_B","Strike_B","Defend_B","Defend_B","Defend_B","Zap","Dualcast","Storm+1","Ball Lightning","White Noise","Hologram","Ball Lightning+1","Hologram"],"relics":["Cracked Core","Oddly Smooth Stone","Whetstone"],"potions_floor_usage":[],"damage_taken":[{"damage":1,"enemies":"Jaw Worm","floor":1,"turns":3},{"damage":2,"enemies":"2 Louse","floor":2,"turns":2},{"damage":40,"enemies":"3 Sentries","floor":7,"turns":6},{"damage":0,"enemies":"Cultist","floor":8,"turns":3},{"damage":22,"enemies":"Exordium Wildlife","floor":10,"turns":3},{"damage":8,"enemies":"3 Louse","floor":11,"turns":1}],"seed_played":"-8876552246448371924","potions_obtained":[{"floor":1,"key":"Energy Potion"},{"floor":2,"key":"Swift Potion"},{"floor":7,"key":"Weak Potion"}],"is_trial":false,"path_per_floor":["M","M","$","?","?","R","E","M","T","M","M"],"character_chosen":"DEFECT","items_purchased":["White Noise"],"campfire_rested":0,"item_purchase_floors":[3],"current_hp_per_floor":[81,79,79,79,68,68,28,28,28,6,0],"gold":175,"neow_bonus":"TEN_PERCENT_HP_BONUS","is_prod":false,"is_daily":false,"chose_seed":false,"campfire_upgraded":1,"win_rate":0.0,"timestamp":1550672171,"path_taken":["M","M","$","?","?","R","E","M","T","M","M"],"build_version":"2019-01-23","purchased_purges":1,"victory":false,"max_hp_per_floor":[82,82,82,82,82,82,82,82,82,82,82],"card_choices":[{"not_picked":["Redo","Skim"],"picked":"Storm","floor":1},{"not_picked":["Go for the Eyes","Genetic Algorithm"],"picked":"Ball Lightning","floor":2},{"not_picked":["Chaos","Coolheaded"],"picked":"Hologram","floor":7},{"not_picked":["Barrage","Force Field"],"picked":"Ball Lightning","floor":8},{"not_picked":["Redo","Doom and Gloom"],"picked":"Hologram","floor":10}],"player_experience":15439,"relics_obtained":[{"floor":7,"key":"Oddly Smooth Stone"},{"floor":9,"key":"Whetstone"}],"event_choices":[{"damage_healed":0,"gold_gain":0,"player_choice":"Leave","damage_taken":0,"max_hp_gain":0,"max_hp_loss":0,"event_name":"The Cleric","floor":4,"gold_loss":0},{"damage_healed":0,"gold_gain":75,"player_choice":"Gather Gold","damage_taken":11,"max_hp_gain":0,"max_hp_loss":0,"event_name":"World of Goop","floor":5,"gold_loss":0}],"is_beta":false,"boss_relics":[],"items_purged_floors":[3],"is_endless":false,"potions_floor_spawned":[1,2,7],"killed_by":"3 Louse","ascension_level":0}