{"gold_per_floor":[113,113,113,126,183,183,208,22,101,25,69,85,85,98,98,223,223,238,238,238,163,179,179],"floor_reached":23,"playtime":7426,"items_purged":[],"score":281,"play_id":"b36b4ecc-ed5b-4794-a7e4-9565c294550d","local_time":"20181130141147","is_ascension_mode":true,"campfire_choices":[{"data":"Underhanded Strike","floor":6.0,"key":"SMITH"},{"data":"Distraction","floor":15.0,"key":"SMITH"}],"neow_cost":"TEN_PERCENT_HP_LOSS","seed_source_timestamp":1090003855865752,"circlet_count":0,"master_deck":["AscendersBane","Defend_G+1","Defend_G+1","Defend_G","Defend_G","Defend_G","Strike_G","Strike_G+1","Strike_G","Strike_G","Survivor","Neutralize+1","Underhanded Strike+1","PiercingWail","Well Laid Plans","All Out Attack","Heel Hook","Underhanded Strike","Distraction+1","Unload","Prepared+1","After Image","RitualDagger","Eviscerate"],"special_seed":0,"relics":["Ring of the Snake","Thread and Needle","Golden Idol","Whetstone","Bronze Scales","Question Card","FossilizedHelix","White Beast Statue"],"potions_floor_usage":[22,23,23],"damage_taken":[{"damage":1.0,"enemies":"Small Slimes","floor":1.0,"turns":5.0},{"damage":0.0,"enemies":"2 Louse","floor":4.0,"turns":3.0},{"damage":16.0,"enemies":"3 Sentries","floor":11.0,"turns":7.0},{"damage":0.0,"enemies":"Cultist","floor":12.0,"turns":3.0},{"damage":0.0,"enemies":"Large Slime","floor":14.0,"turns":6.0},{"damage":7.0,"enemies":"Hexaghost","floor":16.0,"turns":12.0},{"damage":11,"enemies":"Spheric Guardian","floor":18,"turns":3},{"damage":0,"enemies":"Chosen","floor":22,"turns":4},{"damage":0,"enemies":"Gremlin Leader","floor":23,"turns":4}],"seed_played":"-4275688206626326810","potions_obtained":[{"floor":11.0,"key":"EssenceOfSteel"},{"floor":14.0,"key":"FearPotion"},{"floor":18,"key":"Explosive Potion"},{"floor":22,"key":"GhostInAJar"}],"is_trial":false,"path_per_floor":["M","?","?","M","?","R","T","$","T","$","E","M","$","M","R","B",null,"M","?","?","?","M","E"],"character_chosen":"THE_SILENT","items_purchased":["Bronze Scales","Well Laid Plans","All Out Attack"],"campfire_rested":0,"item_purchase_floors":[8,8,10],"current_hp_per_floor":[62,58,46,46,46,46,46,46,46,46,30,30,30,30,30,23,49,38,38,32,32,32,32],"gold":179,"neow_bonus":"ONE_RARE_RELIC","is_prod":false,"is_daily":false,"chose_seed":false,"campfire_upgraded":2,"win_rate":0,"timestamp":1543583507,"path_taken":["M","?","?","M","?","R","?","$","T","?","E","?","?","M","R","BOSS","M","?","?","?","?","E"],"build_version":"2018-11-15","purchased_purges":0,"victory":false,"max_hp_per_floor":[63,58,58,58,58,58,58,58,58,58,58,58,58,58,58,58,58,58,58,58,58,58,58],"card_choices":[{"not_picked":["Bane","Outmaneuver"],"picked":"Underhanded Strike","floor":1.0},{"not_picked":["Crippling Poison","Poisoned Stab"],"picked":"PiercingWail","floor":4.0},{"not_picked":["Infinite Blades","Concentrate","Tactician"],"picked":"Heel Hook","floor":11.0},{"not_picked":["Skewer","Quick Slash","Backflip"],"picked":"Underhanded Strike","floor":12.0},{"not_picked":["Predator","Flying Knee","Underhanded Strike"],"picked":"Distraction","floor":14.0},{"not_picked":["Corpse Explosion","Malaise","After Image"],"picked":"Unload","floor":16.0},{"not_picked":["Setup","Dagger Spray","Underhanded Strike"],"picked":"Prepared+1","floor":18},{"not_picked":["Bane+1","Slice+1","Reflex"],"picked":"Eviscerate","floor":22}],"player_experience":1411311,"relics_obtained":[{"floor":7.0,"key":"Whetstone"},{"floor":9.0,"key":"Question Card"},{"floor":11.0,"key":"FossilizedHelix"}],"event_choices":[{"damage_healed":0.0,"max_hp_gain":0.0,"max_hp_loss":5.0,"gold_gain":0.0,"event_name":"Golden Idol","player_choice":"Lose Max HP","floor":2.0,"gold_loss":0.0,"damage_taken":0.0,"relics_obtained":["Golden Idol"]},{"damage_healed":0.0,"max_hp_gain":0.0,"max_hp_loss":0.0,"gold_gain":0.0,"event_name":"Shining Light","player_choice":"Entered Light","floor":3.0,"gold_loss":0.0,"damage_taken":12.0,"cards_upgraded":["Defend_G","Defend_G"]},{"damage_healed":0.0,"max_hp_gain":0.0,"max_hp_loss":0.0,"gold_gain":57.0,"event_name":"Golden Wing","player_choice":"Gained Gold","floor":5.0,"gold_loss":0.0,"damage_taken":0.0},{"damage_healed":0,"gold_gain":0,"player_choice":"Read","damage_taken":0,"max_hp_gain":0,"max_hp_loss":0,"event_name":"The Library","floor":19,"gold_loss":0,"cards_obtained":["After Image"]},{"damage_healed":0,"gold_gain":0,"player_choice":"Joined the Cult","damage_taken":6,"max_hp_gain":0,"max_hp_loss":0,"event_name":"Nest","floor":20,"gold_loss":0,"cards_obtained":["RitualDagger"]},{"cards_removed":["Strike_G"],"damage_healed":0,"gold_gain":0,"player_choice":"Gave Gold","damage_taken":0,"max_hp_gain":0,"max_hp_loss":0,"event_name":"Beggar","floor":21,"gold_loss":75}],"is_beta":false,"boss_relics":[{"not_picked":["Philosopher\u0027s Stone","Runic Dome"],"picked":"White Beast Statue"}],"items_purged_floors":[],"is_endless":false,"potions_floor_spawned":[11,14,18,22],"killed_by":"Gremlin Leader","ascension_level":10}