{"gold_per_floor":[115,135,154,31,31,31,50,50,50,76,86,2,64,64,64,163,163,184,309,151,170,170,170,209,234,234,252,285,285,304,337,337,436,436,460,475,475,494,559,595,629,629,679,717,150,164,207,225,225,225,225],"floor_reached":52,"playtime":3238,"items_purged":["Strike_R","Strike_R"],"score":2230,"play_id":"4588ae74-36f6-42a5-b92b-a3d35fd642ac","local_time":"20181103154723","is_ascension_mode":true,"campfire_choices":[{"data":"Uppercut","floor":6.0,"key":"SMITH"},{"data":"Corruption","floor":8.0,"key":"SMITH"},{"data":"Disarm","floor":15.0,"key":"SMITH"},{"data":"Juggernaut","floor":23.0,"key":"SMITH"},{"data":"Whirlwind","floor":29.0,"key":"SMITH"},{"data":"Feel No Pain","floor":32.0,"key":"SMITH"},{"data":"Demon Form","floor":42,"key":"SMITH"},{"data":"Dual Wield","floor":49,"key":"SMITH"}],"neow_cost":"NONE","seed_source_timestamp":0,"circlet_count":0,"master_deck":["AscendersBane","Strike_R","Strike_R","Defend_R","Defend_R","Defend_R","Defend_R","Bash","Disarm+1","Shrug It Off","True Grit","Corruption+1","Uppercut+1","Feel No Pain+1","Reaper","Armaments+1","Juggernaut+1","Iron Wave","Feed","Shrug It Off","Sentinel+1","Flame Barrier+1","Sword Boomerang","Spot Weakness","Whirlwind+1","Metallicize","Spot Weakness","Reaper","Flame Barrier","Heavy Blade+1","Pommel Strike","Demon Form+1","Inflame+1","Dual Wield+1","Pummel+1","Disarm"],"special_seed":0,"relics":["Burning Blood","Smiling Mask","Mummified Hand","Tiny Chest","Golden Idol","Snecko Eye","Pocketwatch","Question Card","Art of War","Ornamental Fan","Meat on the Bone","Dream Catcher","Runic Dome","WingedGreaves","Matryoshka","Magic Flower","Oddly Smooth Stone","War Paint","Ginger","Medical Kit","Lantern","Darkstone Periapt"],"potions_floor_usage":[47,51],"damage_taken":[{"damage":14.0,"enemies":"Jaw Worm","floor":1.0,"turns":3.0},{"damage":6.0,"enemies":"Cultist","floor":2.0,"turns":3.0},{"damage":7.0,"enemies":"Small Slimes","floor":3.0,"turns":4.0},{"damage":2.0,"enemies":"3 Louse","floor":7.0,"turns":6.0},{"damage":13.0,"enemies":"3 Sentries","floor":10.0,"turns":8.0},{"damage":22.0,"enemies":"Gremlin Gang","floor":11.0,"turns":4.0},{"damage":20.0,"enemies":"Gremlin Nob","floor":13.0,"turns":4.0},{"damage":37.0,"enemies":"The Guardian","floor":16.0,"turns":11.0},{"damage":0.0,"enemies":"Chosen","floor":18.0,"turns":5.0},{"damage":5.0,"enemies":"Colosseum Slavers","floor":19.0,"turns":3.0},{"damage":16.0,"enemies":"Colosseum Nobs","floor":19.0,"turns":4.0},{"damage":0.0,"enemies":"3 Byrds","floor":21.0,"turns":6.0},{"damage":15.0,"enemies":"Book of Stabbing","floor":24.0,"turns":4.0},{"damage":22.0,"enemies":"Centurion and Healer","floor":25.0,"turns":5.0},{"damage":9.0,"enemies":"Snake Plant","floor":27.0,"turns":3.0},{"damage":12.0,"enemies":"Slavers","floor":28.0,"turns":3.0},{"damage":0.0,"enemies":"Snecko","floor":30.0,"turns":4.0},{"damage":7.0,"enemies":"Book of Stabbing","floor":31.0,"turns":5.0},{"damage":1.0,"enemies":"Champ","floor":33.0,"turns":8.0},{"damage":36.0,"enemies":"3 Darklings","floor":35.0,"turns":4.0},{"damage":0.0,"enemies":"Orb Walker","floor":36.0,"turns":3.0},{"damage":40.0,"enemies":"Writhing Mass","floor":38.0,"turns":3.0},{"damage":15.0,"enemies":"2 Orb Walkers","floor":39.0,"turns":3.0},{"damage":0.0,"enemies":"Giant Head","floor":40.0,"turns":5.0},{"damage":20,"enemies":"Reptomancer","floor":41,"turns":5},{"damage":0,"enemies":"Giant Head","floor":44,"turns":6},{"damage":10,"enemies":"4 Shapes","floor":46,"turns":5},{"damage":9,"enemies":"Reptomancer","floor":47,"turns":3},{"damage":11,"enemies":"3 Darklings","floor":48,"turns":4},{"damage":26,"enemies":"Donu and Deca","floor":50,"turns":6},{"damage":86,"enemies":"Awakened One","floor":51,"turns":8}],"seed_played":"6126217273766312517","potions_obtained":[{"floor":1.0,"key":"Dexterity Potion"},{"floor":3.0,"key":"LiquidBronze"},{"floor":5.0,"key":"Explosive Potion"},{"floor":13.0,"key":"Explosive Potion"},{"floor":18.0,"key":"Ancient Potion"},{"floor":21.0,"key":"SpeedPotion"},{"floor":27.0,"key":"Explosive Potion"},{"floor":33.0,"key":"Ancient Potion"},{"floor":39.0,"key":"Fire Potion"},{"floor":44,"key":"GamblersBrew"},{"floor":47,"key":"SteroidPotion"}],"is_trial":false,"path_per_floor":["M","M","M","$","?","R","M","R","T","E","M","$","E","?","R","B",null,"M","?","$","M","?","R","E","M","T","M","E","R","M","E","R","B",null,"M","M","?","M","?","E","E","R","T","E","$","M","E","M","R","B","B",null],"character_chosen":"IRONCLAD","items_purchased":["Corruption","Uppercut","Juggernaut","Shrug It Off","PowerPotion","Medical Kit","Dual Wield","Lantern","Strength Potion"],"campfire_rested":0,"item_purchase_floors":[4,4,12,20,20,45,45,45,45],"current_hp_per_floor":[67,67,66,66,66,66,70,70,70,63,56,56,42,42,42,17,60,75,71,71,84,84,84,75,84,84,81,78,78,90,89,89,90,90,75,90,90,79,81,90,76,76,76,93,93,96,96,96,96,93,96],"gold":225,"neow_bonus":"TEN_PERCENT_HP_BONUS","is_prod":false,"is_daily":false,"chose_seed":false,"campfire_upgraded":8,"win_rate":0,"timestamp":1541274443,"path_taken":["M","M","M","$","?","R","M","R","T","E","M","?","E","?","R","BOSS","M","?","$","M","?","R","E","M","T","M","E","R","M","E","R","BOSS","M","M","?","?","?","E","E","R","T","E","$","M","E","M","R","BOSS","BOSS"],"build_version":"2018-11-02","purchased_purges":2,"victory":true,"max_hp_per_floor":[82,82,82,82,82,82,82,82,82,82,82,82,82,74,74,74,74,77,81,81,84,84,84,84,84,84,84,87,87,90,90,90,90,90,90,90,90,90,90,90,90,90,90,93,93,96,96,96,96,96,96],"card_choices":[{"not_picked":["Burning Pact","Wild Strike"],"picked":"Disarm","floor":1.0},{"not_picked":["Entrench","Sword Boomerang"],"picked":"Shrug It Off","floor":2.0},{"not_picked":["Armaments","Metallicize"],"picked":"True Grit","floor":3.0},{"not_picked":["Clash","Rage"],"picked":"Feel No Pain","floor":7.0},{"not_picked":["Flex","Anger"],"picked":"Reaper","floor":10.0},{"not_picked":["Corruption","Perfected Strike"],"picked":"Armaments","floor":11.0},{"not_picked":["Headbutt","Anger"],"picked":"Iron Wave","floor":13.0},{"not_picked":["Brutality","Bludgeon"],"picked":"Feed","floor":16.0},{"not_picked":["Twin Strike","Havoc","Seeing Red"],"picked":"SKIP","floor":18.0},{"not_picked":["Intimidate","Armaments"],"picked":"Anger+1","floor":19.0},{"not_picked":["Cleave","Clothesline+1","Flex"],"picked":"Sentinel+1","floor":21.0},{"not_picked":["Feed","Body Slam","Havoc+1"],"picked":"Spot Weakness","floor":24.0},{"not_picked":["Shrug It Off","Havoc+1","Hemokinesis+1"],"picked":"Whirlwind","floor":25.0},{"not_picked":["Pommel Strike","Havoc","Flex","Thunderclap"],"picked":"SKIP","floor":27.0},{"not_picked":["Rupture","Infernal Blade","Pommel Strike","Anger"],"picked":"SKIP","floor":28.0},{"not_picked":["Cleave","Flame Barrier","Headbutt"],"picked":"Metallicize","floor":30.0},{"not_picked":["Intimidate","Reckless Charge","Bludgeon"],"picked":"Spot Weakness","floor":31.0},{"not_picked":["Feed","Offering","Bludgeon"],"picked":"Reaper","floor":33.0},{"not_picked":["Seeing Red","Burning Pact","Corruption","Combust+1"],"picked":"SKIP","floor":35.0},{"not_picked":["Anger","Iron Wave","Burning Pact","Rupture"],"picked":"SKIP","floor":36.0},{"not_picked":["Perfected Strike","Pommel Strike","Feed","Flex+1"],"picked":"SKIP","floor":38.0},{"not_picked":["Warcry","Sever Soul","Battle Trance"],"picked":"Heavy Blade+1","floor":39.0},{"not_picked":["Carnage","Warcry","Havoc","Pommel Strike"],"picked":"SKIP","floor":40.0},{"not_picked":["Carnage","Warcry","Havoc"],"picked":"Pommel Strike","floor":40.0},{"not_picked":["Rage","Corruption+1","Armaments"],"picked":"Demon Form","floor":41},{"not_picked":["True Grit","Pummel","Sword Boomerang"],"picked":"Inflame+1","floor":44},{"not_picked":["Rupture","Heavy Blade","Sword Boomerang"],"picked":"Pummel+1","floor":46},{"not_picked":["Bloodletting","Clash","Flex","Power Through"],"picked":"SKIP","floor":47},{"not_picked":["Body Slam","Wild Strike+1","Blood for Blood+1"],"picked":"Disarm","floor":48}],"player_experience":1144386,"relics_obtained":[{"floor":9.0,"key":"Smiling Mask"},{"floor":10.0,"key":"Mummified Hand"},{"floor":13.0,"key":"Tiny Chest"},{"floor":19.0,"key":"Pocketwatch"},{"floor":19.0,"key":"Question Card"},{"floor":24.0,"key":"Art of War"},{"floor":26.0,"key":"Ornamental Fan"},{"floor":28.0,"key":"Meat on the Bone"},{"floor":31.0,"key":"Dream Catcher"},{"floor":39.0,"key":"WingedGreaves"},{"floor":40.0,"key":"Matryoshka"},{"floor":41,"key":"Magic Flower"},{"floor":43,"key":"Oddly Smooth Stone"},{"floor":43,"key":"War Paint"},{"floor":44,"key":"Ginger"},{"floor":47,"key":"Darkstone Periapt"}],"event_choices":[{"damage_healed":0.0,"max_hp_gain":0.0,"max_hp_loss":0.0,"gold_gain":0.0,"event_name":"Lab","player_choice":"Got Potions","floor":5.0,"gold_loss":0.0,"damage_taken":0.0},{"damage_healed":0.0,"max_hp_gain":0.0,"max_hp_loss":8.0,"gold_gain":0.0,"event_name":"Golden Idol","player_choice":"Lose Max HP","floor":14.0,"gold_loss":0.0,"damage_taken":0.0,"relics_obtained":["Golden Idol"]},{"damage_healed":0.0,"max_hp_gain":0.0,"max_hp_loss":0.0,"gold_gain":0.0,"event_name":"Colosseum","player_choice":"Fight","floor":19.0,"gold_loss":0.0,"damage_taken":0.0},{"damage_healed":0.0,"max_hp_gain":0.0,"max_hp_loss":0.0,"gold_gain":0.0,"event_name":"Colosseum","player_choice":"Fought Nobs","floor":19.0,"gold_loss":0.0,"damage_taken":0.0},{"damage_healed":0.0,"max_hp_gain":0.0,"max_hp_loss":0.0,"gold_gain":0.0,"cards_transformed":["Anger","Strike_R"],"event_name":"Drug Dealer","player_choice":"Became Test Subject","floor":22.0,"gold_loss":0.0,"damage_taken":0.0,"cards_obtained":["Flame Barrier","Sword Boomerang"]},{"damage_healed":0.0,"max_hp_gain":0.0,"max_hp_loss":0.0,"gold_gain":0.0,"event_name":"Match and Keep!","player_choice":"1 cards matched","floor":37.0,"gold_loss":0.0,"damage_taken":0.0,"cards_obtained":["Flame Barrier"]},{"damage_healed":0.0,"max_hp_gain":0.0,"max_hp_loss":0.0,"gold_gain":0.0,"event_name":"Mysterious Sphere","player_choice":"Fight","floor":39.0,"gold_loss":0.0,"damage_taken":0.0}],"is_beta":true,"boss_relics":[{"not_picked":["White Beast Statue","Calling Bell"],"picked":"Snecko Eye"},{"not_picked":["Runic Pyramid","Lizard Tail"],"picked":"Runic Dome"}],"items_purged_floors":[20,45],"is_endless":false,"potions_floor_spawned":[1,3,7,13,18,21,25,27,33,39,44,46,47],"ascension_level":20}