{"path_per_floor":["M","M","M","M","?","R","E","?","T","R","M","E","M","M","R"],"character_chosen":"THE_SILENT","items_purchased":[],"gold_per_floor":[15,28,45,62,62,62,89,89,89,89,109,144,163,182,182,182],"floor_reached":16,"campfire_rested":2,"playtime":969,"item_purchase_floors":[],"current_hp_per_floor":[62,62,60,60,60,60,42,17,17,38,38,7,7,7,28,0],"items_purged":[],"gold":182,"score":148,"play_id":"ab279652-9666-4d4a-826d-d63974a7a5d6","local_time":"20180613194900","is_prod":false,"is_daily":false,"chose_seed":false,"is_ascension_mode":true,"campfire_upgraded":1,"win_rate":0,"timestamp":1528912140,"campfire_choices":[{"data":"Endless Agony","floor":6,"key":"SMITH"},{"floor":10,"key":"REST"},{"floor":15,"key":"REST"}],"path_taken":["M","M","M","M","?","R","E","?","T","R","M","E","M","M","R","BOSS"],"build_version":"2018-06-07v3","seed_source_timestamp":6929365850864,"purchased_purges":0,"victory":false,"master_deck":["Defend_G","Defend_G","Defend_G","Strike_G","Strike_G","Strike_G","Strike_G","Survivor","Neutralize","Endless Agony+1","Cloak And Dagger","PiercingWail","Dodge and Roll","Dagger Spray","Cloak And Dagger","Flying Knee","Storm of Steel","Masterful Stab"],"max_hp_per_floor":[70,70,70,70,70,70,70,70,70,70,70,70,70,70,70,70],"relics":["Ring of the Snake","Mummified Hand","Torii","Thread and Needle","Anchor"],"card_choices":[{"not_picked":["Acrobatics","Bane"],"picked":"Endless Agony","floor":1},{"not_picked":["Reflex","Escape Plan"],"picked":"Cloak And Dagger","floor":2},{"not_picked":["Predator","Poisoned Stab"],"picked":"PiercingWail","floor":3},{"not_picked":["Concentrate","Bane"],"picked":"Dodge and Roll","floor":4},{"not_picked":["Underhanded Strike","Bouncing Flask"],"picked":"Dagger Spray","floor":7},{"not_picked":["Eviscerate","Prepared"],"picked":"Cloak And Dagger","floor":11},{"not_picked":["Distraction","Underhanded Strike"],"picked":"Flying Knee","floor":12},{"not_picked":["Deflect","Expertise"],"picked":"Storm of Steel","floor":13},{"not_picked":["Deadly Poison","Acrobatics"],"picked":"Masterful Stab","floor":14}],"player_experience":681139,"potions_floor_usage":[7,12],"damage_taken":[{"damage":1,"enemies":"2 Louse","floor":1,"turns":4},{"damage":0,"enemies":"Cultist","floor":2,"turns":3},{"damage":2,"enemies":"Jaw Worm","floor":3,"turns":4},{"damage":0,"enemies":"Looter","floor":4,"turns":4},{"damage":18,"enemies":"Gremlin Nob","floor":7,"turns":4},{"damage":0,"enemies":"Exordium Wildlife","floor":11,"turns":6},{"damage":31,"enemies":"Lagavulin","floor":12,"turns":10},{"damage":0,"enemies":"Large Slime","floor":13,"turns":7},{"damage":0,"enemies":"Red Slaver","floor":14,"turns":2},{"damage":28,"enemies":"The Guardian","floor":16,"turns":18}],"relics_obtained":[{"floor":7,"key":"Mummified Hand"},{"floor":9,"key":"Thread and Needle"},{"floor":12,"key":"Anchor"}],"event_choices":[{"event_name":"Purifier","player_choice":"One Purge","floor":5,"damage_taken":0},{"event_name":"Scrap Ooze","player_choice":"success","floor":8,"damage_taken":25}],"boss_relics":[],"items_purged_floors":[],"potions_floor_spawned":[3,7,13],"seed_played":"-5040526148057430485","killed_by":"The Guardian","ascension_level":6,"potions_obtained":[{"floor":3,"key":"FearPotion"},{"floor":7,"key":"PowerPotion"},{"floor":13,"key":"Energy Potion"}],"is_trial":false}