{"gold_per_floor":[113,123,150,150,166,197,197,228,252,252,267,301,107,282,282,378,378,378,303,303,303,54,54,54,54,54,54,54,54,54,54,54,54,54,54,54,54,54,54,54,54,54],"floor_reached":42,"playtime":1672,"items_purged":[],"score":747,"play_id":"8060cda2-e1f4-4c07-b9ca-ea6dd63c3040","local_time":"20181104141424","is_ascension_mode":true,"campfire_choices":[{"data":"Setup","floor":7.0,"key":"SMITH"},{"data":"Bouncing Flask","floor":10.0,"key":"SMITH"},{"data":"Apotheosis","floor":15.0,"key":"SMITH"},{"data":"Bouncing Flask","floor":23.0,"key":"SMITH"},{"floor":25.0,"key":"REST"},{"floor":30.0,"key":"REST"},{"floor":32.0,"key":"REST"},{"floor":41,"key":"REST"}],"neow_cost":"NONE","seed_source_timestamp":0,"circlet_count":0,"master_deck":["AscendersBane","Defend_G","Defend_G","Defend_G","Defend_G","Defend_G","Strike_G","Strike_G","Strike_G","Strike_G","Survivor","Neutralize","Bouncing Flask+1","Setup+1","Quick Slash","Neutralize","Leg Sweep","Escape Plan","Riddle With Holes","Deadly Poison","Corpse Explosion","Apotheosis+1","Venomology","Underhanded Strike+1","Bouncing Flask+1","Poisoned Stab","Prepared","RitualDagger","Backflip","Catalyst+1","Burst","Backstab+1","Prepared+1","Catalyst+1"],"special_seed":0,"relics":["Ring of the Snake","NeowsBlessing","Lantern","Ginger","Art of War","Bag of Marbles","Pocketwatch","Ectoplasm","Shuriken","Pen Nib","Anchor","Juzu Bracelet","Dead Branch","Tiny House","Oddly Smooth Stone"],"potions_floor_usage":[],"damage_taken":[{"damage":0.0,"enemies":"Cultist","floor":1.0,"turns":1.0},{"damage":0.0,"enemies":"2 Louse","floor":2.0,"turns":1.0},{"damage":0.0,"enemies":"Small Slimes","floor":5.0,"turns":1.0},{"damage":11.0,"enemies":"3 Sentries","floor":6.0,"turns":8.0},{"damage":12.0,"enemies":"Lagavulin","floor":8.0,"turns":9.0},{"damage":0.0,"enemies":"2 Fungi Beasts","floor":11.0,"turns":3.0},{"damage":10.0,"enemies":"Gremlin Nob","floor":12.0,"turns":3.0},{"damage":2.0,"enemies":"Hexaghost","floor":16.0,"turns":7.0},{"damage":0.0,"enemies":"Chosen","floor":18.0,"turns":4.0},{"damage":6.0,"enemies":"3 Byrds","floor":21.0,"turns":3.0},{"damage":20.0,"enemies":"Book of Stabbing","floor":24.0,"turns":5.0},{"damage":18.0,"enemies":"Slavers","floor":27.0,"turns":4.0},{"damage":0.0,"enemies":"Centurion and Healer","floor":29.0,"turns":4.0},{"damage":1.0,"enemies":"Book of Stabbing","floor":31.0,"turns":5.0},{"damage":64.0,"enemies":"Automaton","floor":33.0,"turns":8.0},{"damage":5.0,"enemies":"3 Darklings","floor":35.0,"turns":2.0},{"damage":0.0,"enemies":"Orb Walker","floor":39.0,"turns":1.0},{"damage":25,"enemies":"Reptomancer","floor":40,"turns":5},{"damage":78,"enemies":"Nemesis","floor":42,"turns":4}],"seed_played":"-3730541802027716364","potions_obtained":[{"floor":2.0,"key":"SteroidPotion"},{"floor":8.0,"key":"GhostInAJar"},{"floor":12.0,"key":"EssenceOfSteel"},{"floor":16.0,"key":"PowerPotion"},{"floor":27.0,"key":"PowerPotion"},{"floor":33.0,"key":"Energy Potion"},{"floor":34.0,"key":"LiquidBronze"},{"floor":40,"key":"Regen Potion"}],"is_trial":false,"path_per_floor":["M","M","T","?","M","E","R","E","T","R","M","E","$","?","R","B",null,"M","?","?","M","$","R","E","R","T","E","?","M","R","E","R","B",null,"M","?","$","?","M","E","R","E"],"character_chosen":"THE_SILENT","items_purchased":["Apotheosis","Shuriken"],"campfire_rested":4,"item_purchase_floors":[13,22],"current_hp_per_floor":[63,63,63,63,63,52,52,40,40,40,40,30,30,30,30,28,60,60,60,60,54,54,54,34,55,55,37,31,31,52,51,70,6,59,54,75,75,75,75,50,72,0],"gold":54,"neow_bonus":"THREE_ENEMY_KILL","is_prod":false,"is_daily":false,"chose_seed":false,"campfire_upgraded":4,"win_rate":0,"timestamp":1541337264,"path_taken":["M","M","?","?","M","E","R","E","T","R","?","E","?","?","R","BOSS","M","?","?","?","$","R","E","R","T","E","?","M","R","E","R","BOSS","M","?","?","?","M","E","R","E"],"build_version":"2018-11-01","purchased_purges":0,"victory":false,"max_hp_per_floor":[70,70,70,70,70,70,70,70,70,70,70,70,70,70,70,70,70,70,70,70,70,70,70,70,70,70,70,70,70,70,70,70,70,75,75,75,75,75,75,75,75,75],"card_choices":[{"not_picked":["Bane","Dagger Spray"],"picked":"Bouncing Flask","floor":1.0},{"not_picked":["Dagger Throw","Acrobatics"],"picked":"Setup","floor":2.0},{"not_picked":["Bane","Backstab"],"picked":"Leg Sweep","floor":5.0},{"not_picked":["Blade Dance","Bullet Time"],"picked":"Escape Plan","floor":6.0},{"not_picked":["Finisher","Deflect"],"picked":"Riddle With Holes","floor":8.0},{"not_picked":["Dash","Blade Dance"],"picked":"Deadly Poison","floor":11.0},{"not_picked":["Well Laid Plans","Flechettes"],"picked":"Corpse Explosion","floor":12.0},{"not_picked":["Corpse Explosion","Phantasmal Killer"],"picked":"Venomology","floor":16.0},{"not_picked":["Deflect","Setup","Eviscerate"],"picked":"SKIP","floor":18.0},{"not_picked":["Setup","Quick Slash"],"picked":"Bouncing Flask","floor":21.0},{"not_picked":["Masterful Stab","Reflex+1"],"picked":"Poisoned Stab","floor":24.0},{"not_picked":["Wraith Form v2","Underhanded Strike"],"picked":"Prepared","floor":27.0},{"not_picked":["Blade Dance","Acrobatics+1"],"picked":"Backflip","floor":29.0},{"not_picked":["Heel Hook+1","Noxious Fumes"],"picked":"Catalyst+1","floor":31.0},{"not_picked":["Glass Knife","Venomology"],"picked":"Burst","floor":33.0},{"not_picked":["Acrobatics","Cloak And Dagger+1"],"picked":"Poisoned Stab","floor":34.0},{"not_picked":["Well Laid Plans","Caltrops+1"],"picked":"Backstab+1","floor":35.0},{"not_picked":["Tactician","Dagger Spray"],"picked":"Prepared+1","floor":39.0},{"not_picked":["Backflip","Envenom"],"picked":"Catalyst+1","floor":40}],"player_experience":1119453,"relics_obtained":[{"floor":3.0,"key":"Lantern"},{"floor":6.0,"key":"Ginger"},{"floor":8.0,"key":"Art of War"},{"floor":9.0,"key":"Bag of Marbles"},{"floor":12.0,"key":"Pocketwatch"},{"floor":24.0,"key":"Pen Nib"},{"floor":26.0,"key":"Anchor"},{"floor":27.0,"key":"Juzu Bracelet"},{"floor":31.0,"key":"Dead Branch"},{"floor":40,"key":"Oddly Smooth Stone"}],"event_choices":[{"damage_healed":0.0,"max_hp_gain":0.0,"max_hp_loss":0.0,"gold_gain":0.0,"event_name":"Match and Keep!","player_choice":"3 cards matched","floor":4.0,"gold_loss":0.0,"damage_taken":0.0,"cards_obtained":["Quick Slash","Neutralize","Masterful Stab"]},{"damage_healed":0.0,"max_hp_gain":0.0,"max_hp_loss":0.0,"gold_gain":175.0,"event_name":"Liars Game","player_choice":"AGREE","floor":14.0,"gold_loss":0.0,"damage_taken":0.0,"cards_obtained":["Doubt"]},{"cards_removed":["Doubt"],"damage_healed":0.0,"max_hp_gain":0.0,"max_hp_loss":0.0,"gold_gain":0.0,"event_name":"Beggar","player_choice":"Gave Gold","floor":19.0,"gold_loss":75.0,"damage_taken":0.0},{"damage_healed":0.0,"max_hp_gain":0.0,"max_hp_loss":0.0,"gold_gain":0.0,"cards_transformed":["Strike_G"],"event_name":"Transmorgrifier","player_choice":"Transformed","floor":20.0,"gold_loss":0.0,"damage_taken":0.0,"cards_obtained":["Underhanded Strike"]},{"damage_healed":0.0,"max_hp_gain":0.0,"max_hp_loss":0.0,"gold_gain":0.0,"event_name":"Nest","player_choice":"Joined the Cult","floor":28.0,"gold_loss":0.0,"damage_taken":6.0,"cards_obtained":["RitualDagger"]},{"cards_removed":["Masterful Stab"],"damage_healed":21.0,"max_hp_gain":0.0,"max_hp_loss":0.0,"gold_gain":0.0,"event_name":"Bonfire Elementals","player_choice":"Offered Uncommon","floor":36.0,"gold_loss":0.0,"damage_taken":0.0},{"cards_removed":["Poisoned Stab"],"damage_healed":0.0,"max_hp_gain":0.0,"max_hp_loss":0.0,"gold_gain":0.0,"event_name":"Falling","player_choice":"Removed Attack","floor":38.0,"gold_loss":0.0,"damage_taken":0.0}],"is_beta":false,"boss_relics":[{"not_picked":["Orrery","WristBlade"],"picked":"Ectoplasm"},{"not_picked":["Velvet Choker","Coffee Dripper"],"picked":"Tiny House"}],"items_purged_floors":[],"is_endless":false,"potions_floor_spawned":[2,8,12,16,27,33,40],"killed_by":"Nemesis","ascension_level":10}