{"gold_per_floor":[117,21,33,33,43,43,71,71,147,161,53,53,63,79,79,177,177,193,193,204,218,218,218,229,244,244,260,271,281,281,47,47,148,148,163,179,195,195],"floor_reached":38,"playtime":10483,"items_purged":["Defend_G"],"score":399,"play_id":"1821b583-b544-42fd-ab9a-f6c31750ce84","local_time":"20190214025958","is_ascension_mode":false,"campfire_choices":[{"data":"Dagger Spray","floor":6,"key":"SMITH"},{"floor":8,"key":"REST"},{"data":"Leg Sweep","floor":12,"key":"SMITH"},{"data":"Well Laid Plans","floor":15,"key":"SMITH"},{"floor":23,"key":"REST"},{"floor":30,"key":"REST"},{"floor":32,"key":"REST"}],"neow_cost":"NONE","seed_source_timestamp":1916652708283662,"circlet_count":0,"master_deck":["Defend_G","Defend_G","Defend_G","Defend_G+1","Strike_G","Strike_G","Strike_G","Strike_G","Strike_G","Survivor","Neutralize","Blind","Dagger Spray+1","Noxious Fumes","Sucker Punch+1","Poisoned Stab","PiercingWail","Deadly Poison","Leg Sweep+1","Well Laid Plans+1","Bouncing Flask","Blade Dance","Adrenaline","Infinite Blades","Catalyst+1","Backflip","Deadly Poison+1","Skewer","Quick Slash+1","Prepared+1","Burst","Calculated Gamble","Wraith Form v2","Footwork","Cloak And Dagger","Dagger Spray","Parasite"],"relics":["Ring of the Snake","Odd Mushroom","Question Card","White Beast Statue","Dodecahedron","Sundial","Frozen Eye","Sozu"],"potions_floor_usage":[14,16,16,21,24,28,29,29,33,33,36],"damage_taken":[{"damage":10,"enemies":"Jaw Worm","floor":1,"turns":6},{"damage":0,"enemies":"Small Slimes","floor":3,"turns":3},{"damage":0,"enemies":"Cultist","floor":5,"turns":4},{"damage":16,"enemies":"The Mushroom Lair","floor":7,"turns":5},{"damage":1,"enemies":"Exordium Thugs","floor":10,"turns":5},{"damage":2,"enemies":"Looter","floor":13,"turns":3},{"damage":0,"enemies":"3 Louse","floor":14,"turns":3},{"damage":18,"enemies":"Hexaghost","floor":16,"turns":8},{"damage":16,"enemies":"Chosen","floor":18,"turns":5},{"damage":4,"enemies":"Spheric Guardian","floor":20,"turns":4},{"damage":20,"enemies":"Centurion and Healer","floor":21,"turns":9},{"damage":2,"enemies":"Snake Plant","floor":24,"turns":3},{"damage":20,"enemies":"Shelled Parasite and Fungi","floor":25,"turns":6},{"damage":9,"enemies":"Cultist and Chosen","floor":27,"turns":5},{"damage":10,"enemies":"Centurion and Healer","floor":28,"turns":6},{"damage":6,"enemies":"Snake Plant","floor":29,"turns":4},{"damage":51,"enemies":"Automaton","floor":33,"turns":11},{"damage":7,"enemies":"Orb Walker","floor":35,"turns":5},{"damage":9,"enemies":"3 Shapes","floor":36,"turns":5},{"damage":40,"enemies":"Spire Growth","floor":37,"turns":8},{"damage":26,"enemies":"Writhing Mass","floor":38,"turns":4}],"seed_played":"256658327186562147","potions_obtained":[{"floor":3,"key":"EssenceOfSteel"},{"floor":5,"key":"Explosive Potion"},{"floor":10,"key":"LiquidBronze"},{"floor":13,"key":"Poison Potion"},{"floor":14,"key":"Fruit Juice"},{"floor":18,"key":"Strength Potion"},{"floor":20,"key":"Swift Potion"},{"floor":21,"key":"Swift Potion"},{"floor":24,"key":"SteroidPotion"},{"floor":25,"key":"Strength Potion"},{"floor":27,"key":"EssenceOfSteel"},{"floor":28,"key":"GhostInAJar"},{"floor":29,"key":"Weak Potion"},{"floor":33,"key":"Dexterity Potion"}],"is_trial":false,"path_per_floor":["M","$","M","?","M","R","?","R","T","M","$","R","M","M","R","B",null,"M","?","M","M","T","R","M","M","T","M","M","M","R","$","R","B",null,"M","M","M","M"],"character_chosen":"THE_SILENT","items_purchased":["Noxious Fumes","Sucker Punch","Well Laid Plans","Frozen Eye","Calculated Gamble"],"campfire_rested":4,"item_purchase_floors":[2,2,11,31,31],"current_hp_per_floor":[60,60,60,46,46,46,30,51,51,50,50,50,48,53,53,35,75,59,59,55,35,35,57,55,35,35,26,16,10,32,32,54,3,75,68,59,19,0],"gold":195,"neow_bonus":"RANDOM_COLORLESS","is_prod":false,"is_daily":false,"chose_seed":false,"campfire_upgraded":3,"win_rate":0.0,"timestamp":1550080798,"path_taken":["M","$","M","?","M","R","?","R","T","M","$","R","M","M","R","BOSS","M","?","?","M","?","R","M","M","T","M","M","M","R","$","R","BOSS","M","M","M","M"],"build_version":"2019-01-23","purchased_purges":1,"victory":false,"max_hp_per_floor":[70,70,70,70,70,70,70,70,70,70,70,70,70,75,75,75,75,75,75,75,75,75,75,75,75,75,75,75,75,75,75,75,75,75,75,75,75,75],"card_choices":[{"not_picked":["Flying Knee","Dodge and Roll"],"picked":"Dagger Spray","floor":1},{"not_picked":["Deflect","Bane"],"picked":"Poisoned Stab","floor":3},{"not_picked":["Escape Plan","Noxious Fumes"],"picked":"PiercingWail","floor":5},{"not_picked":["PiercingWail","Heel Hook"],"picked":"Deadly Poison","floor":7},{"not_picked":["Eviscerate","Deflect","Deadly Poison"],"picked":"Leg Sweep","floor":10},{"not_picked":["Flechettes","Dagger Spray","Bane"],"picked":"Bouncing Flask","floor":13},{"not_picked":["PiercingWail","Finisher","Underhanded Strike"],"picked":"Blade Dance","floor":14},{"not_picked":["Storm of Steel","Glass Knife","Tools of the Trade"],"picked":"Adrenaline","floor":16},{"not_picked":["Reflex+1","Well Laid Plans","Accuracy"],"picked":"All Out Attack","floor":18},{"not_picked":["Deflect","Poisoned Stab","Slice"],"picked":"Catalyst+1","floor":20},{"not_picked":["Caltrops","Dodge and Roll","Deflect"],"picked":"Backflip","floor":21},{"not_picked":["Outmaneuver","Slice","Caltrops"],"picked":"Deadly Poison+1","floor":24},{"not_picked":["Reflex","Outmaneuver","Well Laid Plans"],"picked":"Skewer","floor":25},{"not_picked":["Heel Hook","Prepared+1","Leg Sweep"],"picked":"Quick Slash+1","floor":27},{"not_picked":["Backflip","Slice","Tactician"],"picked":"Prepared+1","floor":28},{"not_picked":["Deadly Poison","Riddle With Holes","Outmaneuver"],"picked":"Burst","floor":29},{"not_picked":["Venomology","Tools of the Trade","Bullet Time"],"picked":"Wraith Form v2","floor":33},{"not_picked":["Leg Sweep+1","Acrobatics+1","All Out Attack"],"picked":"Footwork","floor":35},{"not_picked":["Heel Hook","Deadly Poison","Acrobatics"],"picked":"Cloak And Dagger","floor":36},{"not_picked":["Blade Dance","Acrobatics+1","Dagger Throw"],"picked":"Dagger Spray","floor":37}],"player_experience":71845,"relics_obtained":[{"floor":7,"key":"Odd Mushroom"},{"floor":9,"key":"Question Card"},{"floor":22,"key":"Dodecahedron"},{"floor":26,"key":"Sundial"}],"event_choices":[{"damage_healed":0,"gold_gain":0,"player_choice":"Entered Light","damage_taken":14,"max_hp_gain":0,"max_hp_loss":0,"event_name":"Shining Light","floor":4,"gold_loss":0,"cards_upgraded":["Defend_G","Sucker Punch"]},{"damage_healed":0,"gold_gain":0,"player_choice":"Fought Mushrooms","damage_taken":0,"max_hp_gain":0,"max_hp_loss":0,"event_name":"Mushrooms","floor":7,"gold_loss":0},{"damage_healed":0,"gold_gain":0,"cards_transformed":["All Out Attack"],"player_choice":"Transformed","damage_taken":0,"max_hp_gain":0,"max_hp_loss":0,"event_name":"Transmorgrifier","floor":19,"gold_loss":0,"cards_obtained":["Infinite Blades"]}],"is_beta":false,"boss_relics":[{"not_picked":["Fusion Hammer","WristBlade"],"picked":"White Beast Statue"},{"not_picked":["Busted Crown","Philosopher\u0027s Stone"],"picked":"Sozu"}],"items_purged_floors":[11],"is_endless":false,"potions_floor_spawned":[3,5,10,13,14,18,20,21,24,25,27,28,29,33,35,36,37],"killed_by":"Writhing Mass","ascension_level":0}