{"gold_per_floor":[113,113,126,89,106,106,125,125,177,177,177,151,168,201,201,303,303,322,322,50,50,61,61,61,80,80,90,90,15,67,67,67,67],"floor_reached":33,"playtime":14047,"items_purged":["Writhe"],"score":377,"play_id":"01b939a5-8a5b-4a18-b944-26044bbe692d","local_time":"20181202235428","is_ascension_mode":true,"campfire_choices":[{"floor":6.0,"key":"DIG"},{"floor":8.0,"key":"DIG"},{"floor":11.0,"key":"DIG"},{"floor":15.0,"key":"DIG"},{"floor":23.0,"key":"DIG"},{"floor":28.0,"key":"DIG"},{"floor":32.0,"key":"DIG"}],"neow_cost":"CURSE","seed_source_timestamp":0,"circlet_count":0,"master_deck":["AscendersBane","Defend_G","Defend_G","Defend_G","Defend_G","Defend_G","Strike_G+1","Strike_G","Strike_G","Strike_G","Survivor","Neutralize","Dash","Flying Knee","Endless Agony","Deflect","Leg Sweep","Skewer+1","Dagger Spray","After Image","Deadly Poison","Malaise","Dodge and Roll","Noxious Fumes+1","Decay","Sucker Punch","Poisoned Stab","Distraction+1"],"special_seed":0,"relics":["Ring of the Snake","Shovel","Dream Catcher","Ice Cream","Ancient Tea Set","Bag of Preparation","Kunai","Matryoshka","Eternal Feather","Happy Flower","Chemical X","Meat on the Bone","Prayer Wheel","Smiling Mask","Dodecahedron","Gambling Chip","Whetstone","Art of War","Enchiridion","Anchor"],"potions_floor_usage":[33],"damage_taken":[{"damage":0.0,"enemies":"2 Louse","floor":1.0,"turns":4.0},{"damage":0.0,"enemies":"Cultist","floor":3.0,"turns":6.0},{"damage":1.0,"enemies":"Jaw Worm","floor":5.0,"turns":3.0},{"damage":6.0,"enemies":"Red Slaver","floor":7.0,"turns":4.0},{"damage":1.0,"enemies":"Large Slime","floor":13.0,"turns":6.0},{"damage":12.0,"enemies":"Lagavulin","floor":14.0,"turns":7.0},{"damage":18.0,"enemies":"The Guardian","floor":16.0,"turns":15.0},{"damage":6.0,"enemies":"Spheric Guardian","floor":18.0,"turns":10.0},{"damage":2.0,"enemies":"Chosen","floor":22.0,"turns":7.0},{"damage":9.0,"enemies":"Shelled Parasite and Fungi","floor":25.0,"turns":9.0},{"damage":10.0,"enemies":"Snake Plant","floor":27.0,"turns":7.0},{"damage":17,"enemies":"Collector","floor":33,"turns":9}],"seed_played":"-1062728279364958948","potions_obtained":[{"floor":1.0,"key":"Ancient Potion"},{"floor":7.0,"key":"Dexterity Potion"}],"is_trial":false,"path_per_floor":["M","?","M","$","M","R","M","R","T","?","R","$","M","E","R","B",null,"M","?","$","?","M","R","?","M","T","M","R","?","T","?","R","B"],"character_chosen":"THE_SILENT","items_purchased":["Endless Agony","Dagger Spray","Chemical X"],"campfire_rested":0,"item_purchase_floors":[4,12,20],"current_hp_per_floor":[63,63,63,63,62,62,56,56,56,56,56,56,55,43,43,25,59,53,53,53,53,51,66,66,57,57,47,62,62,62,46,61,44],"gold":67,"neow_bonus":"ONE_RARE_RELIC","is_prod":false,"is_daily":false,"chose_seed":false,"campfire_upgraded":0,"win_rate":0,"timestamp":1543791268,"path_taken":["M","?","?","?","M","R","M","R","T","?","R","$","M","E","R","BOSS","M","?","$","?","M","R","?","M","T","?","R","?","?","?","R","BOSS"],"build_version":"2018-11-15","purchased_purges":1,"victory":false,"max_hp_per_floor":[70,70,70,70,70,70,70,70,70,70,70,70,70,70,70,70,70,70,70,70,70,70,70,70,70,70,70,70,70,70,70,70,70],"card_choices":[{"not_picked":["Outmaneuver","Prepared"],"picked":"Dash","floor":1.0},{"not_picked":["Dodge and Roll","Blade Dance"],"picked":"Flying Knee","floor":3.0},{"not_picked":["Catalyst","Quick Slash"],"picked":"Deflect","floor":5.0},{"not_picked":["Eviscerate","Prepared"],"picked":"Leg Sweep","floor":7.0},{"not_picked":["Expertise","Skewer"],"picked":"After Image","floor":13.0},{"not_picked":["Cloak And Dagger","Acrobatics"],"picked":"Deadly Poison","floor":14.0},{"not_picked":["Wraith Form v2","Unload"],"picked":"Malaise","floor":16.0},{"not_picked":["Poisoned Stab","Accuracy"],"picked":"Dodge and Roll","floor":18.0},{"not_picked":["Deadly Poison","Dagger Throw"],"picked":"Noxious Fumes+1","floor":22.0},{"not_picked":["Deflect+1","Concentrate+1"],"picked":"Sucker Punch","floor":25.0},{"not_picked":["Prepared","Caltrops"],"picked":"Poisoned Stab","floor":25.0},{"not_picked":["Prepared+1","Grand Finale"],"picked":"Distraction+1","floor":27.0},{"not_picked":["Deadly Poison","Skewer","Blade Dance"],"picked":"SKIP","floor":27.0}],"player_experience":1537382,"relics_obtained":[{"floor":6.0,"key":"Dream Catcher"},{"floor":8.0,"key":"Ice Cream"},{"floor":9.0,"key":"Ancient Tea Set"},{"floor":11.0,"key":"Bag of Preparation"},{"floor":14.0,"key":"Kunai"},{"floor":15.0,"key":"Matryoshka"},{"floor":23.0,"key":"Prayer Wheel"},{"floor":26.0,"key":"Smiling Mask"},{"floor":26.0,"key":"Dodecahedron"},{"floor":28.0,"key":"Gambling Chip"},{"floor":30.0,"key":"Whetstone"},{"floor":30.0,"key":"Art of War"},{"floor":31.0,"key":"Enchiridion"},{"floor":32.0,"key":"Anchor"}],"event_choices":[{"cards_removed":["Regret"],"damage_healed":0.0,"max_hp_gain":0.0,"max_hp_loss":0.0,"gold_gain":0.0,"event_name":"Fountain of Cleansing","player_choice":"Removed Curses","floor":2.0,"gold_loss":0.0,"damage_taken":0.0},{"damage_healed":0.0,"max_hp_gain":0.0,"max_hp_loss":0.0,"gold_gain":0.0,"cards_transformed":["Strike_G"],"event_name":"Transmorgrifier","player_choice":"Transformed","floor":10.0,"gold_loss":0.0,"damage_taken":0.0,"cards_obtained":["Skewer"]},{"damage_healed":0.0,"max_hp_gain":0.0,"max_hp_loss":0.0,"gold_gain":0.0,"event_name":"The Mausoleum","player_choice":"Opened","floor":19.0,"gold_loss":0.0,"damage_taken":0.0,"relics_obtained":["Happy Flower"],"cards_obtained":["Writhe"]},{"damage_healed":0.0,"max_hp_gain":0.0,"max_hp_loss":0.0,"gold_gain":0.0,"event_name":"Addict","player_choice":"Stole Relic","floor":21.0,"gold_loss":0.0,"damage_taken":0.0,"relics_obtained":["Meat on the Bone"],"cards_obtained":["Shame"]},{"damage_healed":0.0,"max_hp_gain":0.0,"max_hp_loss":0.0,"gold_gain":0.0,"event_name":"Wheel of Change","player_choice":"Cursed","floor":24.0,"gold_loss":0.0,"damage_taken":0.0,"cards_obtained":["Decay"]},{"cards_removed":["Shame"],"damage_healed":0.0,"max_hp_gain":0.0,"max_hp_loss":0.0,"gold_gain":0.0,"event_name":"Beggar","player_choice":"Gave Gold","floor":29.0,"gold_loss":75.0,"damage_taken":0.0},{"damage_healed":0.0,"max_hp_gain":0.0,"max_hp_loss":0.0,"gold_gain":0.0,"event_name":"Cursed Tome","player_choice":"Obtained Book","floor":31.0,"gold_loss":0.0,"damage_taken":16.0}],"is_beta":false,"boss_relics":[{"not_picked":["Velvet Choker","Cursed Key"],"picked":"Eternal Feather"}],"items_purged_floors":[20],"is_endless":false,"potions_floor_spawned":[1,7,25,27],"killed_by":"Collector","ascension_level":11}