{"gold_per_floor":[114,114,114,129,304,304,67,67,115,145,161,161,196,196,196,267,267,267],"floor_reached":18,"playtime":401,"items_purged":["Regret"],"score":325,"play_id":"5ea75fe8-b139-4081-9b07-3f0e2f9a7dfc","local_time":"20190211105931","is_ascension_mode":true,"campfire_choices":[{"data":"Infernal Blade","floor":6,"key":"SMITH"},{"data":"Bash","floor":12,"key":"SMITH"},{"floor":15,"key":"DIG"}],"neow_cost":"NONE","seed_source_timestamp":295436347961376,"circlet_count":0,"master_deck":["AscendersBane","Strike_R","Strike_R","Strike_R","Strike_R","Strike_R","Defend_R","Defend_R","Defend_R","Defend_R","Bash+1","Infernal Blade+1","Burning Pact","Blind","Sword Boomerang","Reaper","Havoc","Inflame","Immolate"],"relics":["Burning Blood","NeowsBlessing","Dream Catcher","Mummified Hand","PreservedInsect","Boot","Shovel","Self Forming Clay","Runic Pyramid"],"potions_floor_usage":[13,13,16],"damage_taken":[{"damage":0,"enemies":"2 Louse","floor":1,"turns":1},{"damage":0,"enemies":"Small Slimes","floor":4,"turns":2},{"damage":0,"enemies":"Lagavulin","floor":10,"turns":1},{"damage":7,"enemies":"Jaw Worm","floor":11,"turns":2},{"damage":15,"enemies":"Gremlin Nob","floor":13,"turns":4},{"damage":38,"enemies":"Hexaghost","floor":16,"turns":10},{"damage":1,"enemies":"Spheric Guardian","floor":18,"turns":3}],"seed_played":"3091050464694131680","potions_obtained":[{"floor":10,"key":"EssenceOfSteel"},{"floor":13,"key":"Block Potion"}],"is_trial":false,"path_per_floor":["M","?","?","M","?","R","$","T","T","E","M","R","E","?","R","B",null,"M"],"character_chosen":"IRONCLAD","items_purchased":["Blind","Sword Boomerang","SteroidPotion"],"campfire_rested":0,"item_purchase_floors":[7,7,7],"current_hp_per_floor":[74,74,74,75,75,75,75,75,75,75,74,74,66,66,66,34,65,64],"gold":267,"neow_bonus":"THREE_ENEMY_KILL","is_prod":false,"is_daily":false,"chose_seed":false,"campfire_upgraded":2,"win_rate":0,"timestamp":1549879171,"path_taken":["M","?","?","M","?","R","$","?","T","E","M","R","E","?","R","BOSS","M"],"build_version":"2019-01-23","purchased_purges":1,"victory":false,"max_hp_per_floor":[75,75,75,75,75,75,75,75,75,75,75,75,75,75,75,75,75,75],"card_choices":[{"not_picked":["Clash","Heavy Blade"],"picked":"Infernal Blade","floor":1},{"not_picked":["Flex","Havoc"],"picked":"Burning Pact","floor":4},{"not_picked":["Body Slam","Hemokinesis"],"picked":"Reaper","floor":10},{"not_picked":["Clash","Thunderclap"],"picked":"Havoc","floor":11},{"not_picked":["Shockwave","Wild Strike"],"picked":"Inflame","floor":13},{"not_picked":["Bludgeon","Berserk"],"picked":"Immolate","floor":16}],"player_experience":2281964,"relics_obtained":[{"floor":8,"key":"Mummified Hand"},{"floor":9,"key":"PreservedInsect"},{"floor":10,"key":"Boot"},{"floor":13,"key":"Shovel"},{"floor":15,"key":"Self Forming Clay"}],"event_choices":[{"damage_healed":0,"gold_gain":0,"player_choice":"Ignored","damage_taken":0,"max_hp_gain":0,"max_hp_loss":0,"event_name":"Golden Wing","floor":2,"gold_loss":0},{"damage_healed":0,"gold_gain":0,"player_choice":"Box","damage_taken":0,"relics_obtained":["Dream Catcher"],"max_hp_gain":0,"max_hp_loss":0,"event_name":"Big Fish","floor":3,"gold_loss":0,"cards_obtained":["Regret"]},{"damage_healed":0,"gold_gain":175,"player_choice":"AGREE","damage_taken":0,"max_hp_gain":0,"max_hp_loss":0,"event_name":"Liars Game","floor":5,"gold_loss":0,"cards_obtained":["Doubt"]},{"cards_removed":["Doubt"],"damage_healed":0,"gold_gain":0,"player_choice":"Forget","damage_taken":0,"max_hp_gain":0,"max_hp_loss":0,"event_name":"Living Wall","floor":14,"gold_loss":0}],"is_beta":false,"boss_relics":[{"not_picked":["Snecko Eye","Busted Crown"],"picked":"Runic Pyramid"}],"items_purged_floors":[7],"is_endless":false,"potions_floor_spawned":[10,13],"killed_by":"Spheric Guardian","ascension_level":14}