{"gold_per_floor":[118,136,155,167,90,122,122,87,87,87,87],"floor_reached":11,"playtime":496,"items_purged":[],"score":73,"play_id":"801e656a-d570-4795-833b-6590c10933ad","local_time":"20190201155355","is_ascension_mode":false,"campfire_choices":[],"neow_cost":"NONE","seed_source_timestamp":197160933904066,"circlet_count":0,"master_deck":["Strike_B+1","Strike_B","Strike_B","Strike_B","Defend_B","Defend_B","Defend_B","Defend_B+1","Zap","Dualcast","Ball Lightning+1","Auto Shields+1","Rebound","Loop"],"relics":["Cracked Core","NeowsBlessing","War Paint","Pear","Lantern"],"potions_floor_usage":[6],"damage_taken":[{"damage":0,"enemies":"Jaw Worm","floor":1,"turns":1},{"damage":0,"enemies":"2 Louse","floor":2,"turns":1},{"damage":0,"enemies":"Small Slimes","floor":3,"turns":1},{"damage":19,"enemies":"Exordium Thugs","floor":4,"turns":4},{"damage":20,"enemies":"Lagavulin","floor":6,"turns":6},{"damage":0,"enemies":"Exordium Wildlife","floor":11,"turns":1}],"seed_played":"476461648905682549","potions_obtained":[{"floor":4,"key":"PowerPotion"}],"is_trial":false,"path_per_floor":["M","M","M","M","$","E","?","?","T","?","M"],"character_chosen":"DEFECT","items_purchased":["Loop"],"campfire_rested":0,"item_purchase_floors":[5],"current_hp_per_floor":[75,75,75,56,56,36,28,49,49,32,32],"gold":87,"neow_bonus":"THREE_ENEMY_KILL","is_prod":false,"is_daily":false,"chose_seed":false,"campfire_upgraded":0,"win_rate":0.0,"timestamp":1549065235,"path_taken":["M","M","M","M","$","E","?","?","T","?","M"],"build_version":"2019-01-23","purchased_purges":0,"victory":false,"max_hp_per_floor":[75,75,75,75,75,75,85,85,85,85,85],"card_choices":[{"not_picked":["Conserve Battery","Force Field"],"picked":"Ball Lightning","floor":1},{"not_picked":["Streamline","Hologram"],"picked":"Auto Shields","floor":2},{"not_picked":["Compile Driver","Cold Snap"],"picked":"Rebound","floor":3},{"not_picked":["Redo","Go for the Eyes","Hologram"],"picked":"SKIP","floor":4},{"not_picked":["Multi-Cast","Chill","Redo"],"picked":"SKIP","floor":6}],"player_experience":20116,"relics_obtained":[{"floor":6,"key":"War Paint"},{"floor":9,"key":"Lantern"}],"event_choices":[{"damage_healed":0,"gold_gain":0,"player_choice":"Success","damage_taken":18,"relics_obtained":["Pear"],"max_hp_gain":0,"max_hp_loss":0,"event_name":"Scrap Ooze","floor":7,"gold_loss":0},{"damage_healed":21,"gold_gain":0,"player_choice":"Healed","damage_taken":0,"max_hp_gain":0,"max_hp_loss":0,"event_name":"The Cleric","floor":8,"gold_loss":35},{"damage_healed":0,"gold_gain":0,"player_choice":"Entered Light","damage_taken":17,"max_hp_gain":0,"max_hp_loss":0,"event_name":"Shining Light","floor":10,"gold_loss":0,"cards_upgraded":["Ball Lightning","Strike_B"]}],"is_beta":false,"boss_relics":[],"items_purged_floors":[],"is_endless":false,"potions_floor_spawned":[4],"killed_by":"Exordium Wildlife","ascension_level":0}