{"gold_per_floor":[110,110,110,110,134,175,198,42,42,78,78,43,63,101,101,190,253,173,144,59,59,75,75,116,129,153,193,193,193,216,231,231,321,321,336,316,41,60,83,117,137,175,175,175,208,224,224,240,240,240,240,240,240,23,56,56],"floor_reached":57,"playtime":3170,"items_purged":[],"score":3006,"play_id":"bad4cd49-f404-4fc8-a9fa-d3ce0b27e3f9","local_time":"20181205012748","is_ascension_mode":true,"campfire_choices":[{"floor":11.0,"key":"REST"},{"data":"Noxious Fumes","floor":15.0,"key":"SMITH"},{"data":"Footwork","floor":23.0,"key":"SMITH"},{"floor":29.0,"key":"REST"},{"floor":32.0,"key":"REST"},{"floor":44.0,"key":"RECALL"},{"data":"Caltrops","floor":49.0,"key":"SMITH"},{"data":"Footwork","floor":53,"key":"SMITH"}],"neow_cost":"NONE","seed_source_timestamp":174048594969792,"circlet_count":0,"master_deck":["AscendersBane","Defend_G","Defend_G","Defend_G","Defend_G+1","Defend_G+1","Strike_G+1","Strike_G","Strike_G","Strike_G","Strike_G","Survivor+1","Neutralize","Crippling Poison+1","Deflect+1","Dodge and Roll+1","Dagger Spray","Blade Dance+1","Noxious Fumes+1","Crippling Poison+1","Crippling Poison+1","Night Terror+1","Footwork+1","Dodge and Roll+1","Cloak And Dagger+1","Caltrops+1","Blur+1","PiercingWail+1","Calculated Gamble+1","Acrobatics+1","Doppelganger+1","Backflip+1","Footwork+1","Venomology+1","Backflip+1"],"special_seed":0,"relics":["Ring of the Snake","NeowsBlessing","Golden Idol","Toxic Egg 2","Oddly Smooth Stone","Blue Candle","Paper Crane","Tiny House","War Paint","Sundial","Anchor","Bag of Preparation","Mummified Hand","Snecko Eye","Letter Opener","Regal Pillow","Lantern","Turnip","TwistedFunnel","Orichalcum"],"potions_floor_usage":[55,56,56],"damage_taken":[{"damage":0.0,"enemies":"Small Slimes","floor":1.0,"turns":1.0},{"damage":0.0,"enemies":"2 Louse","floor":5.0,"turns":1.0},{"damage":0.0,"enemies":"3 Sentries","floor":6.0,"turns":1.0},{"damage":0.0,"enemies":"Jaw Worm","floor":7.0,"turns":6.0},{"damage":24.0,"enemies":"Gremlin Nob","floor":10.0,"turns":4.0},{"damage":1.0,"enemies":"Large Slime","floor":13.0,"turns":7.0},{"damage":17.0,"enemies":"3 Sentries","floor":14.0,"turns":8.0},{"damage":6.0,"enemies":"Slime Boss","floor":16.0,"turns":9.0},{"damage":7.0,"enemies":"2 Thieves","floor":18.0,"turns":4.0},{"damage":12.0,"enemies":"Spheric Guardian","floor":22.0,"turns":7.0},{"damage":11.0,"enemies":"Slavers","floor":24.0,"turns":5.0},{"damage":8.0,"enemies":"Snecko","floor":25.0,"turns":6.0},{"damage":15.0,"enemies":"Gremlin Leader","floor":27.0,"turns":8.0},{"damage":2.0,"enemies":"Chosen and Byrds","floor":30.0,"turns":7.0},{"damage":0.0,"enemies":"3 Cultists","floor":31.0,"turns":4.0},{"damage":4.0,"enemies":"Collector","floor":33.0,"turns":12.0},{"damage":0.0,"enemies":"3 Shapes","floor":35.0,"turns":5.0},{"damage":0.0,"enemies":"Orb Walker","floor":38.0,"turns":4.0},{"damage":0.0,"enemies":"Transient","floor":39.0,"turns":6.0},{"damage":0.0,"enemies":"Reptomancer","floor":40.0,"turns":6.0},{"damage":0.0,"enemies":"Maw","floor":41.0,"turns":8.0},{"damage":11.0,"enemies":"Giant Head","floor":42.0,"turns":12.0},{"damage":12.0,"enemies":"Reptomancer","floor":45.0,"turns":8.0},{"damage":0.0,"enemies":"Sphere and 2 Shapes","floor":46.0,"turns":4.0},{"damage":2.0,"enemies":"Spire Growth","floor":48.0,"turns":6.0},{"damage":0.0,"enemies":"Donu and Deca","floor":50.0,"turns":9.0},{"damage":3,"enemies":"Time Eater","floor":51,"turns":19},{"damage":6,"enemies":"Shield and Spear","floor":55,"turns":8},{"damage":49,"enemies":"The Heart","floor":56,"turns":9}],"seed_played":"-3422723967025160853","potions_obtained":[{"floor":1.0,"key":"Dexterity Potion"},{"floor":6.0,"key":"Strength Potion"},{"floor":10.0,"key":"EssenceOfSteel"},{"floor":13.0,"key":"Block Potion"},{"floor":14.0,"key":"GhostInAJar"},{"floor":17.0,"key":"Block Potion"},{"floor":25.0,"key":"AttackPotion"},{"floor":30.0,"key":"Swift Potion"},{"floor":31.0,"key":"SteroidPotion"},{"floor":39.0,"key":"Weak Potion"},{"floor":42.0,"key":"Regen Potion"}],"is_trial":false,"path_per_floor":["M","?","?","?","M","E","M","$","T","E","R","?","M","E","R","B",null,"M","$","?","T","M","R","E","M","T","E","?","R","M","M","R","B",null,"M","?","$","M","M","E","M","E","T","R","E","M","?","M","R","B","B",null,"R","$","E","B",null],"character_chosen":"THE_SILENT","items_purchased":["Dagger Spray","Blade Dance+1","Noxious Fumes","Cloak And Dagger+1","Letter Opener","TwistedFunnel"],"campfire_rested":3,"item_purchase_floors":[8,8,8,19,37,54],"current_hp_per_floor":[59,64,43,43,43,43,43,43,43,19,38,54,53,36,36,30,61,54,54,54,54,42,42,31,23,23,8,8,28,26,26,46,42,62,62,62,62,62,62,62,62,51,51,51,54,54,54,52,52,66,63,65,65,65,59,25],"gold":56,"neow_bonus":"THREE_ENEMY_KILL","is_prod":false,"is_daily":false,"chose_seed":false,"campfire_upgraded":4,"win_rate":0,"timestamp":1543991268,"path_taken":["M","?","?","?","M","E","M","?","T","E","R","?","M","E","R","BOSS","M","$","?","?","M","R","E","M","T","E","?","R","M","M","R","BOSS","M","?","$","M","M","E","M","E","T","R","E","?","?","M","R","BOSS","BOSS","R","$","E","BOSS"],"build_version":"2018-12-4","purchased_purges":0,"victory":true,"max_hp_per_floor":[66,71,71,64,64,64,64,64,64,64,64,64,64,64,64,64,69,69,69,69,69,69,69,69,69,69,69,69,69,69,69,69,69,69,69,69,69,69,69,69,69,69,69,69,69,69,66,66,66,66,66,66,66,66,66,66],"card_choices":[{"not_picked":["All Out Attack","Distraction"],"picked":"Crippling Poison","floor":1.0},{"not_picked":["Flechettes","Distraction","Underhanded Strike"],"picked":"SKIP","floor":5.0},{"not_picked":["Choke","Dagger Spray"],"picked":"Deflect","floor":6.0},{"not_picked":["Sucker Punch","Flying Knee"],"picked":"Dodge and Roll+1","floor":7.0},{"not_picked":["Flechettes","Skewer"],"picked":"Crippling Poison+1","floor":10.0},{"not_picked":["Bane","Dodge and Roll+1"],"picked":"Crippling Poison+1","floor":13.0},{"not_picked":["Bane","Noxious Fumes","Prepared+1"],"picked":"SKIP","floor":14.0},{"not_picked":["Doppelganger+1","Tools of the Trade"],"picked":"Night Terror+1","floor":16.0},{"not_picked":["Noxious Fumes","Sucker Punch"],"picked":"Footwork","floor":17.0},{"not_picked":["Flying Knee","Poisoned Stab"],"picked":"Dodge and Roll+1","floor":18.0},{"not_picked":["Masterful Stab+1","Quick Slash"],"picked":"Caltrops","floor":22.0},{"not_picked":["Bane","Outmaneuver+1"],"picked":"Blur+1","floor":24.0},{"not_picked":["Slice","Tools of the Trade"],"picked":"PiercingWail+1","floor":25.0},{"not_picked":["Deadly Poison+1","Flechettes"],"picked":"Calculated Gamble+1","floor":27.0},{"not_picked":["Underhanded Strike","Reflex+1","Outmaneuver+1"],"picked":"SKIP","floor":30.0},{"not_picked":["Outmaneuver+1","Poisoned Stab"],"picked":"Acrobatics+1","floor":31.0},{"not_picked":["Die Die Die","Unload"],"picked":"Doppelganger+1","floor":33.0},{"not_picked":["Dagger Spray","Quick Slash","Deadly Poison+1"],"picked":"SKIP","floor":35.0},{"not_picked":["Sucker Punch","Infinite Blades+1"],"picked":"Backflip+1","floor":38.0},{"not_picked":["Flechettes","Dagger Throw"],"picked":"Footwork","floor":40.0},{"not_picked":["Finisher","Dagger Throw"],"picked":"Venomology+1","floor":41.0},{"not_picked":["PiercingWail+1","Dagger Throw","Quick Slash+1"],"picked":"SKIP","floor":42.0},{"not_picked":["Slice","Blade Dance+1","Tools of the Trade"],"picked":"SKIP","floor":45.0},{"not_picked":["Deadly Poison+1","PiercingWail+1","Concentrate+1"],"picked":"SKIP","floor":46.0},{"not_picked":["Blade Dance+1","All Out Attack+1"],"picked":"Backflip+1","floor":48.0},{"not_picked":["Setup+1","Poisoned Stab","Dodge and Roll+1"],"picked":"SKIP","floor":55}],"player_experience":1172654,"relics_obtained":[{"floor":6.0,"key":"Toxic Egg 2"},{"floor":9.0,"key":"Oddly Smooth Stone"},{"floor":10.0,"key":"Blue Candle"},{"floor":14.0,"key":"Paper Crane"},{"floor":21.0,"key":"Sundial"},{"floor":24.0,"key":"Anchor"},{"floor":26.0,"key":"Bag of Preparation"},{"floor":27.0,"key":"Mummified Hand"},{"floor":40.0,"key":"Regal Pillow"},{"floor":42.0,"key":"Lantern"},{"floor":45.0,"key":"Turnip"},{"floor":55,"key":"Orichalcum"}],"event_choices":[{"damage_healed":0.0,"max_hp_gain":5.0,"max_hp_loss":0.0,"gold_gain":0.0,"event_name":"Big Fish","player_choice":"Donut","floor":2.0,"gold_loss":0.0,"damage_taken":0.0},{"damage_healed":0.0,"max_hp_gain":0.0,"max_hp_loss":0.0,"gold_gain":0.0,"event_name":"Shining Light","player_choice":"Entered Light","floor":3.0,"gold_loss":0.0,"damage_taken":21.0,"cards_upgraded":["Strike_G","Defend_G"]},{"damage_healed":0.0,"max_hp_gain":0.0,"max_hp_loss":7.0,"gold_gain":0.0,"event_name":"Golden Idol","player_choice":"Lose Max HP","floor":4.0,"gold_loss":0.0,"damage_taken":0.0,"relics_obtained":["Golden Idol"]},{"damage_healed":16.0,"max_hp_gain":0.0,"max_hp_loss":0.0,"gold_gain":0.0,"event_name":"The Cleric","player_choice":"Healed","floor":12.0,"gold_loss":35.0,"damage_taken":0.0},{"damage_healed":0.0,"max_hp_gain":0.0,"max_hp_loss":0.0,"gold_gain":0.0,"event_name":"Addict","player_choice":"Obtained Relic","floor":20.0,"gold_loss":85.0,"damage_taken":0.0,"relics_obtained":["War Paint"]},{"damage_healed":0.0,"max_hp_gain":0.0,"max_hp_loss":0.0,"gold_gain":0.0,"event_name":"Vampires","player_choice":"Ignored","floor":28.0,"gold_loss":0.0,"damage_taken":0.0},{"damage_healed":0.0,"max_hp_gain":0.0,"max_hp_loss":0.0,"gold_gain":0.0,"event_name":"The Woman in Blue","player_choice":"Bought 1 Potion","floor":36.0,"gold_loss":0.0,"damage_taken":0.0},{"damage_healed":0.0,"max_hp_gain":0.0,"max_hp_loss":3.0,"gold_gain":0.0,"event_name":"Winding Halls","player_choice":"Max HP","floor":47.0,"gold_loss":0.0,"damage_taken":0.0}],"is_beta":true,"boss_relics":[{"not_picked":["Runic Pyramid","Busted Crown"],"picked":"Tiny House"},{"not_picked":["Ring of the Serpent","Coffee Dripper"],"picked":"Snecko Eye"}],"items_purged_floors":[],"is_endless":false,"potions_floor_spawned":[1,6,10,13,14,25,30,31,33,39,42,45,48],"ascension_level":20}