{"path_per_floor":["M","M","M","M","?","E","M","E","T","R","T","M","M","M","R","B",null,"M","$","M","?","M","R","M","R","T","M","R","E","M","M","R"],"character_chosen":"IRONCLAD","items_purchased":["Lantern"],"gold_per_floor":[11,24,42,56,56,81,95,158,204,204,259,269,284,300,300,401,401,421,268,284,209,220,220,230,230,230,242,242,269,287,298,298,298],"floor_reached":33,"campfire_rested":2,"playtime":1775,"item_purchase_floors":[19],"current_hp_per_floor":[77,80,80,66,71,37,42,35,35,60,60,65,56,62,62,32,72,74,74,68,68,62,62,57,82,82,83,83,78,84,85,85,0],"items_purged":[],"gold":298,"score":385,"play_id":"507d5156-9f65-45e8-b454-cd7f685dd2b3","local_time":"20180619000706","is_prod":false,"is_daily":false,"chose_seed":false,"is_ascension_mode":true,"campfire_upgraded":4,"win_rate":0,"timestamp":1529359626,"campfire_choices":[{"floor":10,"key":"REST"},{"data":"Bludgeon","floor":15,"key":"SMITH"},{"data":"Armaments","floor":23,"key":"SMITH"},{"floor":25,"key":"REST"},{"data":"Demon Form","floor":28,"key":"SMITH"},{"data":"Shockwave","floor":32,"key":"SMITH"}],"path_taken":["M","M","M","M","?","E","M","E","T","R","?","M","M","M","R","BOSS","M","$","M","?","M","R","M","R","T","M","R","E","?","M","R","BOSS"],"build_version":"2018-06-14v2","seed_source_timestamp":453574913910686,"purchased_purges":0,"victory":false,"master_deck":["Strike_R","Strike_R","Strike_R","Strike_R","Strike_R","Defend_R","Defend_R","Defend_R","Bash","Perfected Strike","Clothesline","Armaments+1","Cleave","Spot Weakness","Warcry","Shrug It Off","Headbutt","Battle Trance","Bludgeon+1","Impervious","Clothesline+1","Flex+1","Shockwave+1","Parasite","Demon Form+1"],"max_hp_per_floor":[80,80,80,80,85,85,85,85,85,85,85,85,85,85,85,85,85,85,85,85,85,85,85,85,85,85,85,85,90,90,90,90,90],"special_seed":0,"relics":["Burning Blood","Incense Burner","Boot","Tiny Chest","Anchor","Bag of Preparation","Cursed Key","Lantern","Pantograph","Shuriken"],"card_choices":[{"not_picked":["True Grit","Iron Wave"],"picked":"Perfected Strike","floor":1.0},{"not_picked":["Iron Wave","Wild Strike"],"picked":"Clothesline","floor":2.0},{"not_picked":["Anger","Wild Strike"],"picked":"Armaments","floor":3.0},{"not_picked":["Heavy Blade","Clash"],"picked":"Cleave","floor":4.0},{"not_picked":["Intimidate","Thunderclap"],"picked":"Spot Weakness","floor":6},{"not_picked":["Reaper","Sword Boomerang"],"picked":"Warcry","floor":7},{"not_picked":["Sever Soul","Uppercut"],"picked":"Shrug It Off","floor":8},{"not_picked":["Second Wind","Power Through"],"picked":"Headbutt","floor":12},{"not_picked":["Havoc","Anger"],"picked":"Battle Trance","floor":13},{"not_picked":["Havoc","Warcry"],"picked":"Bludgeon","floor":14},{"not_picked":["Demon Form","Fiend Fire"],"picked":"Impervious","floor":16},{"not_picked":["Entrench","Warcry"],"picked":"Clothesline+1","floor":18},{"not_picked":["Sever Soul","Cleave"],"picked":"Flex+1","floor":20},{"not_picked":["Pommel Strike","Pummel"],"picked":"Shockwave","floor":22},{"not_picked":["True Grit","Thunderclap","Intimidate"],"picked":"SKIP","floor":24},{"not_picked":["Wild Strike","Whirlwind"],"picked":"Demon Form","floor":27},{"not_picked":["Combust+1","Body Slam","Barricade"],"picked":"SKIP","floor":29},{"not_picked":["Carnage","Intimidate","Heavy Blade"],"picked":"SKIP","floor":30},{"not_picked":["Clash","Body Slam","Pummel"],"picked":"SKIP","floor":31}],"player_experience":748591,"potions_floor_usage":[6,7,8,13,16,29,29,30,33],"damage_taken":[{"damage":1.0,"enemies":"Cultist","floor":1.0,"turns":4.0},{"damage":1.0,"enemies":"Jaw Worm","floor":2.0,"turns":2.0},{"damage":5.0,"enemies":"2 Louse","floor":3.0,"turns":2.0},{"damage":20.0,"enemies":"Large Slime","floor":4.0,"turns":6.0},{"damage":40,"enemies":"Lagavulin","floor":6,"turns":4},{"damage":1,"enemies":"Looter","floor":7,"turns":3},{"damage":13,"enemies":"3 Sentries","floor":8,"turns":7},{"damage":1,"enemies":"Exordium Thugs","floor":12,"turns":3},{"damage":15,"enemies":"2 Fungi Beasts","floor":13,"turns":3},{"damage":0,"enemies":"Lots of Slimes","floor":14,"turns":2},{"damage":36,"enemies":"Hexaghost","floor":16,"turns":11},{"damage":4,"enemies":"Shell Parasite","floor":18,"turns":4},{"damage":12,"enemies":"2 Thieves","floor":20,"turns":4},{"damage":12,"enemies":"Snecko","floor":22,"turns":4},{"damage":11,"enemies":"Slaver and Parasite","floor":24,"turns":5},{"damage":5,"enemies":"Centurion and Healer","floor":27,"turns":5},{"damage":16,"enemies":"Slavers","floor":29,"turns":3},{"damage":0,"enemies":"3 Cultists","floor":30,"turns":4},{"damage":5,"enemies":"Slaver and Parasite","floor":31,"turns":6},{"damage":111,"enemies":"Automaton","floor":33,"turns":6}],"relics_obtained":[{"floor":6,"key":"Boot"},{"floor":8,"key":"Tiny Chest"},{"floor":9,"key":"Anchor"},{"floor":11,"key":"Bag of Preparation"},{"floor":26,"key":"Pantograph"},{"floor":29,"key":"Shuriken"}],"event_choices":[{"event_name":"Big Fish","player_choice":"Donut","floor":5.0,"damage_taken":0.0},{"event_name":"Beggar","player_choice":"Gave Gold","floor":21,"damage_taken":0}],"boss_relics":[{"not_picked":["Snecko Eye","Busted Crown"],"picked":"Cursed Key"}],"items_purged_floors":[],"is_endless":false,"potions_floor_spawned":[4,6,7,8,14,16,22,27,29],"seed_played":"4194304454593675523","killed_by":"Automaton","ascension_level":7,"potions_obtained":[{"floor":4.0,"key":"Strength Potion"},{"floor":6,"key":"SteroidPotion"},{"floor":7,"key":"SkillPotion"},{"floor":8,"key":"AttackPotion"},{"floor":14,"key":"SkillPotion"},{"floor":16,"key":"LiquidBronze"},{"floor":22,"key":"Explosive Potion"},{"floor":27,"key":"Fruit Juice"},{"floor":29,"key":"Fire Potion"}],"is_trial":false}