{"gold_per_floor":[116,116,126,137,137,170,199,258,282,282,300,334,22,39,39,138,138,154,154,166,91,14,14,14],"floor_reached":24,"playtime":687,"items_purged":["Decay"],"score":268,"play_id":"769efaf0-f050-4143-b778-994ba110ae88","local_time":"20180703043904","is_ascension_mode":true,"campfire_choices":[{"floor":10,"key":"REST"},{"floor":15,"key":"REST"},{"data":"White Noise","floor":23,"key":"SMITH"}],"neow_cost":"","seed_source_timestamp":383511147741159,"circlet_count":0,"master_deck":["Strike_B","Strike_B","Strike_B","Strike_B","Defend_B","Defend_B","Defend_B","Defend_B","Zap+1","Dualcast","Sweeping Beam","Reinforced Body","Streamline","Conserve Battery+1","Ball Lightning","White Noise+1","Ball Lightning","Leap","Ball Lightning","Reboot","White Noise+1","Sunder+1","J.A.X."],"special_seed":0,"relics":["Cracked Core","Bag of Marbles","Odd Mushroom","Tiny Chest","Singing Bowl","Happy Flower","War Paint","Lantern","Nuclear Battery"],"potions_floor_usage":[6,6,6,7,12,18],"damage_taken":[{"damage":11.0,"enemies":"Jaw Worm","floor":1.0,"turns":4.0},{"damage":1.0,"enemies":"Cultist","floor":3.0,"turns":3.0},{"damage":7.0,"enemies":"Small Slimes","floor":4.0,"turns":2.0},{"damage":9,"enemies":"3 Sentries","floor":6,"turns":3},{"damage":10,"floor":7,"turns":3},{"damage":20,"enemies":"Gremlin Nob","floor":8,"turns":4},{"damage":10,"enemies":"Exordium Thugs","floor":11,"turns":4},{"damage":20,"enemies":"3 Sentries","floor":12,"turns":5},{"damage":0,"enemies":"Red Slaver","floor":14,"turns":2},{"damage":13,"enemies":"The Guardian","floor":16,"turns":9},{"damage":0,"enemies":"3 Byrds","floor":18,"turns":3},{"damage":19,"enemies":"Spheric Guardian","floor":20,"turns":4},{"damage":54,"enemies":"Gremlin Leader","floor":24,"turns":6}],"seed_played":"4136242715484492980","potions_obtained":[{"floor":1.0,"key":"Strength Potion"},{"floor":2.0,"key":"Fire Potion"},{"floor":2.0,"key":"SkillPotion"},{"floor":6,"key":"PowerPotion"},{"floor":8,"key":"FearPotion"},{"floor":12,"key":"LiquidBronze"}],"is_trial":false,"path_per_floor":["M","?","M","M","?","E","?","E","T","R","M","E","$","M","R","B",null,"M","?","M","$","?","R"],"character_chosen":"DEFECT","items_purchased":["War Paint","Leap","Lantern"],"campfire_rested":2,"item_purchase_floors":[13,13,13],"current_hp_per_floor":[64,64,63,56,56,47,37,17,17,39,31,18,18,18,41,28,65,65,65,46,46,46,46,0],"gold":14,"neow_bonus":"","is_prod":false,"is_daily":false,"chose_seed":false,"campfire_upgraded":1,"win_rate":0,"timestamp":1530585544,"path_taken":["M","?","M","M","?","E","?","E","T","R","M","E","$","M","R","BOSS","M","?","?","$","?","R","E"],"build_version":"2018-06-28","purchased_purges":1,"victory":false,"max_hp_per_floor":[75,75,75,75,75,75,75,75,75,75,77,77,77,77,77,77,77,77,77,77,77,77,77,77],"card_choices":[{"not_picked":["Heatsinks","Aggregate"],"picked":"Sweeping Beam","floor":1.0},{"not_picked":["Hologram","Rebound"],"picked":"Reinforced Body","floor":3.0},{"not_picked":["Leap","Melter"],"picked":"Streamline","floor":4.0},{"not_picked":["Gash","Self Repair"],"picked":"Conserve Battery","floor":6},{"not_picked":["Barrage","Streamline"],"picked":"Ball Lightning","floor":7},{"not_picked":["Thunder Strike","Coolheaded"],"picked":"White Noise","floor":8},{"not_picked":["Turbo","Hologram","Chaos"],"picked":"Singing Bowl","floor":11},{"not_picked":["Undo","Go for the Eyes"],"picked":"Ball Lightning","floor":12},{"not_picked":["Heatsinks","Blizzard"],"picked":"Ball Lightning","floor":14},{"not_picked":["Buffer","Fission"],"picked":"Reboot","floor":16},{"not_picked":["Fusion+1","Compile Driver"],"picked":"White Noise+1","floor":18},{"not_picked":["Stack","Hologram"],"picked":"Sunder+1","floor":20}],"player_experience":812714,"relics_obtained":[{"floor":6,"key":"Bag of Marbles"},{"floor":7,"key":"Odd Mushroom"},{"floor":8,"key":"Tiny Chest"},{"floor":9,"key":"Singing Bowl"},{"floor":12,"key":"Happy Flower"}],"event_choices":[{"event_name":"The Lab","player_choice":"Got Potions","floor":2.0,"damage_taken":0.0},{"event_name":"The Woman in Blue","player_choice":"Bought 0 Potions","floor":5.0,"damage_taken":0.0},{"event_name":"Mushrooms","player_choice":"Fought Mushrooms","floor":7,"damage_taken":0},{"event_name":"Wheel of Change","player_choice":"Curse","floor":19,"damage_taken":0},{"event_name":"Drug Dealer","player_choice":"Got JAXXED","floor":22,"damage_taken":0}],"boss_relics":[{"not_picked":["Coffee Dripper","Velvet Choker"],"picked":"Nuclear Battery"}],"items_purged_floors":[21],"is_endless":false,"potions_floor_spawned":[1,6,8,12],"killed_by":"Gremlin Leader","ascension_level":5}