{"gold_per_floor":[212,222,222,187,206,250,250,263,263,297,297,318,361,13,13,143,143,164,79,86,111,161,173],"floor_reached":23,"playtime":1662,"items_purged":[],"score":317,"play_id":"fc1ca0af-451c-4e31-b04f-537a46411aee","local_time":"20181112193255","is_ascension_mode":true,"campfire_choices":[{"data":"White Noise","floor":7,"key":"SMITH"},{"data":"Zap","floor":15,"key":"SMITH"}],"neow_cost":"NONE","seed_source_timestamp":437330114269796,"circlet_count":0,"master_deck":["AscendersBane","Strike_B+1","Strike_B+1","Defend_B","Defend_B","Zap+1","Dualcast","White Noise+1","Conserve Battery","Conserve Battery","BootSequence","Cold Snap","Rebound","Auto Shields","Coolheaded","Chill","Machine Learning","Reinforced Body+1","Leap+1","Fusion+1","Hologram+1","Conserve Battery","Steam+1"],"relics":["Cracked Core","Golden Idol","Whetstone","Omamori","Mercury Hourglass","Blood Vial","ClockworkSouvenir","Bag of Marbles","Astrolabe","MawBank","Red Mask"],"potions_floor_usage":[6,8,16],"damage_taken":[{"damage":11,"enemies":"2 Louse","floor":1,"turns":3},{"damage":9,"enemies":"Jaw Worm","floor":2,"turns":4},{"damage":0,"enemies":"Cultist","floor":5,"turns":3},{"damage":13,"enemies":"3 Sentries","floor":6,"turns":5},{"damage":3,"enemies":"Lots of Slimes","floor":8,"turns":6},{"damage":8,"enemies":"Lagavulin","floor":10,"turns":6},{"damage":0,"enemies":"Exordium Thugs","floor":12,"turns":5},{"damage":1,"enemies":"3 Sentries","floor":13,"turns":6},{"damage":38,"enemies":"Hexaghost","floor":16,"turns":13},{"damage":0,"enemies":"Spheric Guardian","floor":18,"turns":5},{"damage":0,"enemies":"2 Thieves","floor":20,"turns":4},{"damage":12,"enemies":"Centurion and Healer","floor":21,"turns":9},{"damage":3,"enemies":"Masked Bandits","floor":22,"turns":3},{"damage":54,"enemies":"Book of Stabbing","floor":23,"turns":9}],"seed_played":"-2576109679992790337","potions_obtained":[{"floor":1,"key":"Regen Potion"},{"floor":6,"key":"Regen Potion"},{"floor":8,"key":"Block Potion"},{"floor":16,"key":"Weak Potion"},{"floor":21,"key":"SteroidPotion"},{"floor":22,"key":"EssenceOfSteel"}],"is_trial":false,"path_per_floor":["M","M","?","?","M","E","R","M","T","E","?","M","E","$","R","B",null,"M","?","M","M","?","E"],"character_chosen":"DEFECT","items_purchased":["ClockworkSouvenir","Bag of Marbles"],"campfire_rested":0,"item_purchase_floors":[14,14],"current_hp_per_floor":[57,48,48,65,65,63,63,69,69,61,61,61,60,60,60,24,58,60,60,62,52,51,0],"gold":173,"neow_bonus":"HUNDRED_GOLD","is_prod":false,"is_daily":false,"chose_seed":false,"campfire_upgraded":2,"win_rate":0,"timestamp":1542047575,"path_taken":["M","M","?","?","M","E","R","M","T","E","?","?","E","?","R","BOSS","M","?","M","M","?","E"],"build_version":"2018-11-08","purchased_purges":0,"victory":false,"max_hp_per_floor":[75,75,69,69,69,69,69,69,69,69,69,69,69,69,69,69,69,69,69,69,69,69,69],"card_choices":[{"not_picked":["Hologram","Rebound"],"picked":"White Noise","floor":1},{"not_picked":["Turbo","Hologram"],"picked":"Conserve Battery","floor":2},{"not_picked":["Force Field","Lockon"],"picked":"Conserve Battery","floor":5},{"not_picked":["Steam","Steam Power"],"picked":"BootSequence","floor":6},{"not_picked":["Sweeping Beam","Genetic Algorithm"],"picked":"Cold Snap","floor":8},{"not_picked":["Gash","Sweeping Beam"],"picked":"Rebound","floor":10},{"not_picked":["Consume","Compile Driver"],"picked":"Coolheaded","floor":12},{"not_picked":["Biased Cognition","Coolheaded"],"picked":"Chill","floor":13},{"not_picked":["Amplify","Meteor Strike"],"picked":"Machine Learning","floor":16},{"not_picked":["Streamline","Melter","Reinforced Body+1"],"picked":"SKIP","floor":18},{"not_picked":["Redo","Stack"],"picked":"Hologram+1","floor":20},{"not_picked":["Stack","Blizzard"],"picked":"Conserve Battery","floor":21},{"not_picked":["Skim+1","Redo"],"picked":"Steam+1","floor":22}],"player_experience":1170179,"relics_obtained":[{"floor":6,"key":"Whetstone"},{"floor":9,"key":"Omamori"},{"floor":10,"key":"Mercury Hourglass"},{"floor":13,"key":"Blood Vial"},{"floor":22,"key":"Red Mask"}],"event_choices":[{"damage_healed":0,"gold_gain":0,"player_choice":"Lose Max HP","damage_taken":0,"relics_obtained":["Golden Idol"],"max_hp_gain":0,"max_hp_loss":6,"event_name":"Golden Idol","floor":3,"gold_loss":0},{"damage_healed":17,"gold_gain":0,"player_choice":"Healed","damage_taken":0,"max_hp_gain":0,"max_hp_loss":0,"event_name":"The Cleric","floor":4,"gold_loss":35},{"damage_healed":0,"gold_gain":0,"cards_transformed":["Strike_B"],"player_choice":"Transformed","damage_taken":0,"max_hp_gain":0,"max_hp_loss":0,"event_name":"Transmorgrifier","floor":11,"gold_loss":0,"cards_obtained":["Auto Shields"]},{"damage_healed":0,"gold_gain":0,"player_choice":"Obtained Relic","damage_taken":0,"relics_obtained":["MawBank"],"max_hp_gain":0,"max_hp_loss":0,"event_name":"Addict","floor":19,"gold_loss":85},{"damage_healed":0,"gold_gain":0,"player_choice":"Fought Bandits","damage_taken":0,"max_hp_gain":0,"max_hp_loss":0,"event_name":"Masked Bandits","floor":22,"gold_loss":0}],"is_beta":false,"boss_relics":[{"not_picked":["Velvet Choker","Calling Bell"],"picked":"Astrolabe"}],"items_purged_floors":[],"is_endless":false,"potions_floor_spawned":[1,6,8,16,21,22],"killed_by":"Book of Stabbing","ascension_level":10}