{"gold_per_floor":[109,123,298,298,309,309,309,309,309,335,335,335,352,366,366,466,466,481,481,219,219,219,219,230,255,255,255],"floor_reached":27,"playtime":1167,"items_purged":[],"score":381,"play_id":"b32890ef-5e2a-4219-8baa-e36dbfbbac1a","local_time":"20181114134021","is_ascension_mode":true,"campfire_choices":[{"data":"Cold Snap","floor":6.0,"key":"SMITH"},{"data":"Zap","floor":8.0,"key":"SMITH"},{"floor":15.0,"key":"REST"},{"data":"Zap","floor":23,"key":"SMITH"}],"neow_cost":"NONE","seed_source_timestamp":0,"circlet_count":0,"master_deck":["AscendersBane","Zap+1","Dualcast+1","Cold Snap+1","Sweeping Beam","Doubt","Leap","BootSequence","Fission","Sweeping Beam","Steam","BootSequence","Ball Lightning","Gash","Stack","Go for the Eyes","Hello World","Ball Lightning","Zap+1","Hologram+1","Defragment"],"special_seed":0,"relics":["Cracked Core","NeowsBlessing","Potion Belt","Bag of Preparation","Singing Bowl","Blue Candle","Pandora\u0027s Box","Molten Egg 2","Darkstone Periapt","Frozen Egg 2"],"potions_floor_usage":[16,16,25],"damage_taken":[{"damage":0.0,"enemies":"Cultist","floor":1.0,"turns":1.0},{"damage":0.0,"enemies":"Jaw Worm","floor":2.0,"turns":1.0},{"damage":0.0,"enemies":"Small Slimes","floor":5.0,"turns":1.0},{"damage":39.0,"enemies":"Lagavulin","floor":10.0,"turns":6.0},{"damage":1.0,"enemies":"2 Fungi Beasts","floor":13.0,"turns":3.0},{"damage":6.0,"enemies":"Large Slime","floor":14.0,"turns":5.0},{"damage":4,"enemies":"Slime Boss","floor":16,"turns":8},{"damage":6,"enemies":"2 Thieves","floor":18,"turns":4},{"damage":7,"enemies":"3 Byrds","floor":24,"turns":4},{"damage":1,"enemies":"Book of Stabbing","floor":25,"turns":5},{"damage":22,"enemies":"Gremlin Leader","floor":27,"turns":5}],"seed_played":"314067938572783203","potions_obtained":[{"floor":5.0,"key":"Energy Potion"},{"floor":10.0,"key":"Block Potion"},{"floor":13.0,"key":"PowerPotion"},{"floor":16,"key":"PowerPotion"},{"floor":24,"key":"FairyPotion"}],"is_trial":false,"path_per_floor":["M","M","?","?","M","R","?","R","T","E","?","T","M","M","R","B",null,"M","?","$","?","?","R","M","E","T","E"],"character_chosen":"DEFECT","items_purchased":["Molten Egg 2"],"campfire_rested":1,"item_purchase_floors":[20],"current_hp_per_floor":[68,68,68,68,68,68,61,61,61,24,9,9,10,4,27,23,65,61,61,61,45,45,45,38,37,37,15],"gold":255,"neow_bonus":"THREE_ENEMY_KILL","is_prod":false,"is_daily":false,"chose_seed":false,"campfire_upgraded":3,"win_rate":0,"timestamp":1542199221,"path_taken":["M","M","?","?","M","R","?","R","T","E","?","?","?","M","R","BOSS","M","?","?","?","?","R","?","E","T","E"],"build_version":"2018-11-08","purchased_purges":0,"victory":false,"max_hp_per_floor":[75,75,75,75,75,75,75,75,75,77,77,77,79,79,79,79,79,81,81,81,81,81,81,81,81,81,81],"card_choices":[{"not_picked":["Stack","Leap"],"picked":"Cold Snap","floor":1.0},{"not_picked":["Double Energy","Reprogram"],"picked":"Sweeping Beam","floor":2.0},{"not_picked":["Storm","Sweeping Beam"],"picked":"Leap","floor":5.0},{"not_picked":["Multi-Cast","Barrage","Darkness"],"picked":"Singing Bowl","floor":10.0},{"not_picked":["Capacitor","Reinforced Body","Compile Driver"],"picked":"Singing Bowl","floor":13.0},{"not_picked":["Hologram","Chaos"],"picked":"BootSequence","floor":14.0},{"not_picked":["Meteor Strike","Machine Learning"],"picked":"Fission","floor":16},{"not_picked":["Go for the Eyes+1","Cold Snap","Self Repair"],"picked":"Singing Bowl","floor":18},{"not_picked":["Conserve Battery","Darkness"],"picked":"Hologram+1","floor":24},{"not_picked":["Rebound+1","Skim"],"picked":"Defragment","floor":25}],"player_experience":1202355,"relics_obtained":[{"floor":9.0,"key":"Bag of Preparation"},{"floor":10.0,"key":"Singing Bowl"},{"floor":12.0,"key":"Blue Candle"},{"floor":25,"key":"Darkstone Periapt"},{"floor":26,"key":"Frozen Egg 2"}],"event_choices":[{"damage_healed":0.0,"max_hp_gain":0.0,"max_hp_loss":0.0,"gold_gain":175.0,"event_name":"Liars Game","player_choice":"AGREE","floor":3.0,"gold_loss":0.0,"damage_taken":0.0,"cards_obtained":["Doubt"]},{"damage_healed":0.0,"max_hp_gain":0.0,"max_hp_loss":0.0,"gold_gain":0.0,"event_name":"Big Fish","player_choice":"Box","floor":4.0,"gold_loss":0.0,"damage_taken":0.0,"relics_obtained":["Potion Belt"],"cards_obtained":["Regret"]},{"cards_removed":["Regret"],"damage_healed":0.0,"max_hp_gain":0.0,"max_hp_loss":0.0,"gold_gain":0.0,"event_name":"Golden Wing","player_choice":"Card Removal","floor":7.0,"gold_loss":0.0,"damage_taken":7.0},{"damage_healed":0.0,"max_hp_gain":0.0,"max_hp_loss":0.0,"gold_gain":0.0,"event_name":"Shining Light","player_choice":"Entered Light","floor":11.0,"gold_loss":0.0,"damage_taken":15.0,"cards_upgraded":["Defend_B","Dualcast"]},{"damage_healed":0,"gold_gain":0,"player_choice":"Copied","damage_taken":0,"max_hp_gain":0,"max_hp_loss":0,"event_name":"Duplicator","floor":19,"gold_loss":0,"cards_obtained":["Ball Lightning"]},{"damage_healed":0,"gold_gain":0,"player_choice":"Obtained Book","damage_taken":16,"max_hp_gain":0,"max_hp_loss":0,"event_name":"Cursed Tome","floor":21,"gold_loss":0},{"damage_healed":0,"gold_gain":0,"player_choice":"1 cards matched","damage_taken":0,"max_hp_gain":0,"max_hp_loss":0,"event_name":"Match and Keep!","floor":22,"gold_loss":0,"cards_obtained":["Zap"]}],"is_beta":false,"boss_relics":[{"not_picked":["Lizard Tail","Fusion Hammer"],"picked":"Pandora\u0027s Box"}],"items_purged_floors":[],"is_endless":false,"potions_floor_spawned":[5,10,13,16,24],"killed_by":"Gremlin Leader","ascension_level":10}