{"gold_per_floor":[112,37,37,52,52,79,98,98,98,123,123,273,296,296],"floor_reached":14,"playtime":354,"items_purged":["Strike_R"],"score":242,"play_id":"4cf70df8-5a73-4045-a744-06019390c09a","local_time":"20181211143228","is_ascension_mode":true,"campfire_choices":[{"data":"Bash","floor":8,"key":"SMITH"},{"data":"Spot Weakness","floor":11,"key":"SMITH"}],"neow_cost":"NONE","seed_source_timestamp":333424458815850,"circlet_count":0,"master_deck":["AscendersBane","Strike_R","Strike_R","Strike_R","Defend_R","Defend_R","Defend_R","Defend_R","Bash+1","Shockwave+1","Spot Weakness+1","Body Slam","Heavy Blade","Headbutt","Doubt","Power Through"],"relics":["Burning Blood","NeowsBlessing","StoneCalendar","Gremlin Horn","Anchor","Odd Mushroom"],"potions_floor_usage":[10],"damage_taken":[{"damage":0,"enemies":"Jaw Worm","floor":1,"turns":1},{"damage":0,"enemies":"2 Louse","floor":4,"turns":2},{"damage":0,"enemies":"Lagavulin","floor":6,"turns":1},{"damage":16,"enemies":"Small Slimes","floor":7,"turns":5},{"damage":20,"enemies":"3 Sentries","floor":10,"turns":7},{"damage":19,"enemies":"The Mushroom Lair","floor":13,"turns":5},{"damage":57,"enemies":"Gremlin Nob","floor":14,"turns":4}],"seed_played":"-6170563248650792415","potions_obtained":[{"floor":1,"key":"Block Potion"},{"floor":6,"key":"LiquidBronze"}],"is_trial":false,"path_per_floor":["M","$","?","M","?","E","M","R","T","E","R","?","?","E"],"character_chosen":"IRONCLAD","items_purchased":[],"campfire_rested":0,"item_purchase_floors":[],"current_hp_per_floor":[74,74,67,73,73,75,65,65,65,51,51,51,38,0],"gold":296,"neow_bonus":"THREE_ENEMY_KILL","is_prod":false,"is_daily":false,"chose_seed":false,"campfire_upgraded":2,"win_rate":0,"timestamp":1544556748,"path_taken":["M","$","?","M","?","E","M","R","T","E","R","?","?","E"],"build_version":"2018-12-10","purchased_purges":1,"victory":false,"max_hp_per_floor":[75,75,75,75,75,75,75,75,75,75,75,75,75,75],"card_choices":[{"not_picked":["Bloodletting","Ghostly Armor"],"picked":"Shockwave","floor":1},{"not_picked":["Headbutt","Pommel Strike"],"picked":"Spot Weakness","floor":4},{"not_picked":["Flex","Havoc"],"picked":"Body Slam","floor":6},{"not_picked":["Perfected Strike","Sever Soul"],"picked":"Heavy Blade","floor":7},{"not_picked":["Thunderclap","Warcry"],"picked":"Headbutt","floor":10},{"not_picked":["Perfected Strike","True Grit"],"picked":"Power Through","floor":13}],"player_experience":1200375,"relics_obtained":[{"floor":6,"key":"StoneCalendar"},{"floor":9,"key":"Gremlin Horn"},{"floor":10,"key":"Anchor"},{"floor":13,"key":"Odd Mushroom"}],"event_choices":[{"cards_removed":["Strike_R"],"damage_healed":0,"gold_gain":0,"player_choice":"Card Removal","damage_taken":7,"max_hp_gain":0,"max_hp_loss":0,"event_name":"Golden Wing","floor":3,"gold_loss":0},{"damage_healed":0,"gold_gain":0,"player_choice":"Grow","damage_taken":0,"max_hp_gain":0,"max_hp_loss":0,"event_name":"Living Wall","floor":5,"gold_loss":0,"cards_upgraded":["Shockwave"]},{"damage_healed":0,"gold_gain":150,"player_choice":"AGREE","damage_taken":0,"max_hp_gain":0,"max_hp_loss":0,"event_name":"Liars Game","floor":12,"gold_loss":0,"cards_obtained":["Doubt"]},{"damage_healed":0,"gold_gain":0,"player_choice":"Fought Mushrooms","damage_taken":0,"max_hp_gain":0,"max_hp_loss":0,"event_name":"Mushrooms","floor":13,"gold_loss":0}],"is_beta":true,"boss_relics":[],"items_purged_floors":[2],"is_endless":false,"potions_floor_spawned":[1,6],"killed_by":"Gremlin Nob","ascension_level":20}