{"gold_per_floor":[216,216,216,216,235,235,246,246,246,246,263,263,275,286,286,387,387,403,413,194,209,23,23,35,35,35,47,59,71,98,130,142,154],"floor_reached":33,"playtime":1492,"items_purged":["Defend_R","Strike_R"],"score":314,"play_id":"ff86fa37-3bfb-42fa-bae3-3f0178900cfe","local_time":"20190220151909","is_ascension_mode":false,"campfire_choices":[{"data":"Bash","floor":6.0,"key":"SMITH"},{"data":"Strike_R","floor":12.0,"key":"SMITH"},{"data":"Defend_R","floor":15.0,"key":"SMITH"},{"floor":23.0,"key":"REST"},{"floor":29.0,"key":"REST"},{"data":"Flash of Steel","floor":32.0,"key":"SMITH"}],"neow_cost":"NONE","seed_source_timestamp":248209124758900,"circlet_count":0,"master_deck":["Strike_R+1","Defend_R+1","Defend_R","Bash+1","Sword Boomerang+1","Clash+1","Shrug It Off","Flash of Steel+1","Flash of Steel"],"special_seed":0,"relics":["Burning Blood","FaceOfCleric","Whetstone","Empty Cage","MawBank"],"potions_floor_usage":[33,33],"damage_taken":[{"damage":5.0,"enemies":"Small Slimes","floor":1.0,"turns":3.0},{"damage":8.0,"enemies":"Cultist","floor":5.0,"turns":5.0},{"damage":6.0,"enemies":"Jaw Worm","floor":7.0,"turns":3.0},{"damage":11.0,"enemies":"Exordium Wildlife","floor":11.0,"turns":3.0},{"damage":10.0,"enemies":"Looter","floor":13.0,"turns":2.0},{"damage":23.0,"enemies":"Gremlin Gang","floor":14.0,"turns":5.0},{"damage":0.0,"enemies":"Slime Boss","floor":16.0,"turns":4.0},{"damage":30.0,"enemies":"Spheric Guardian","floor":18.0,"turns":4.0},{"damage":14.0,"enemies":"3 Byrds","floor":19.0,"turns":6.0},{"damage":24.0,"enemies":"Centurion and Healer","floor":21.0,"turns":5.0},{"damage":39.0,"enemies":"Snake Plant","floor":24.0,"turns":4.0},{"damage":16.0,"enemies":"Colosseum Slavers","floor":28.0,"turns":4.0},{"damage":10.0,"enemies":"3 Cultists","floor":30.0,"turns":5.0},{"damage":2.0,"enemies":"Snecko","floor":31.0,"turns":4.0},{"damage":82,"enemies":"Automaton","floor":33,"turns":8}],"seed_played":"-6081098501349881000","potions_obtained":[{"floor":1.0,"key":"Poison Potion"},{"floor":11.0,"key":"Fire Potion"},{"floor":14.0,"key":"Strength Potion"},{"floor":18.0,"key":"FearPotion"},{"floor":24.0,"key":"Regen Potion"},{"floor":30.0,"key":"Ancient Potion"},{"floor":31.0,"key":"AttackPotion"}],"is_trial":false,"path_per_floor":["M","?","$","?","M","R","M","?","T","$","M","R","M","M","R","B",null,"M","M","$","M","$","R","M","?","T","$","?","R","M","M","R","B"],"character_chosen":"IRONCLAD","items_purchased":["Shrug It Off","Flash of Steel","Flash of Steel"],"campfire_rested":2,"item_purchase_floors":[20,20,22],"current_hp_per_floor":[80,80,80,85,84,84,85,85,85,85,81,81,78,62,62,69,91,68,61,61,44,44,72,40,40,40,40,43,71,68,73,73,0],"gold":154,"neow_bonus":"HUNDRED_GOLD","is_prod":false,"is_daily":false,"chose_seed":false,"campfire_upgraded":4,"win_rate":0,"timestamp":1550693949,"path_taken":["M","?","?","?","M","R","?","?","T","$","M","R","M","M","R","BOSS","M","?","$","M","$","R","M","?","T","?","?","R","?","M","R","BOSS"],"build_version":"2019-01-23","purchased_purges":2,"victory":false,"max_hp_per_floor":[80,80,80,85,86,86,87,87,87,87,88,88,89,90,90,91,91,92,93,93,94,94,94,95,95,95,95,96,96,97,98,98,98],"card_choices":[{"not_picked":["Entrench","Iron Wave","Pommel Strike"],"picked":"SKIP","floor":1.0},{"not_picked":["Heavy Blade","Warcry","Reckless Charge"],"picked":"SKIP","floor":5.0},{"not_picked":["Twin Strike","Body Slam","Disarm"],"picked":"SKIP","floor":7.0},{"not_picked":["Spot Weakness","Anger","Clothesline"],"picked":"SKIP","floor":11.0},{"not_picked":["Pummel","Uppercut","Iron Wave"],"picked":"SKIP","floor":13.0},{"not_picked":["Rage","Cleave","Flame Barrier"],"picked":"SKIP","floor":14.0},{"not_picked":["Headbutt","Flex"],"picked":"Clash+1","floor":18.0},{"not_picked":["Spot Weakness","Clash+1","Armaments+1"],"picked":"SKIP","floor":19.0},{"not_picked":["Armaments+1","Twin Strike","Pommel Strike"],"picked":"SKIP","floor":21.0},{"not_picked":["Armaments","Heavy Blade","Shrug It Off"],"picked":"SKIP","floor":24.0},{"not_picked":["Sword Boomerang","Clothesline","Warcry"],"picked":"SKIP","floor":30.0},{"not_picked":["Seeing Red","Clothesline","True Grit"],"picked":"SKIP","floor":31.0}],"player_experience":1252099,"relics_obtained":[{"floor":9.0,"key":"Whetstone"},{"floor":26.0,"key":"MawBank"}],"event_choices":[{"damage_healed":0.0,"max_hp_gain":0.0,"max_hp_loss":0.0,"gold_gain":0.0,"event_name":"FaceTrader","player_choice":"Trade","floor":2.0,"gold_loss":0.0,"damage_taken":0.0,"relics_obtained":["FaceOfCleric"]},{"damage_healed":0.0,"max_hp_gain":5.0,"max_hp_loss":0.0,"gold_gain":0.0,"event_name":"Big Fish","player_choice":"Donut","floor":4.0,"gold_loss":0.0,"damage_taken":0.0},{"damage_healed":0.0,"max_hp_gain":0.0,"max_hp_loss":0.0,"gold_gain":0.0,"cards_transformed":["Strike_R"],"event_name":"Transmorgrifier","player_choice":"Transformed","floor":8.0,"gold_loss":0.0,"damage_taken":0.0,"cards_obtained":["Sword Boomerang"]},{"cards_removed":["Strike_R"],"damage_healed":0.0,"max_hp_gain":0.0,"max_hp_loss":0.0,"gold_gain":0.0,"event_name":"Back to Basics","player_choice":"Elegance","floor":25.0,"gold_loss":0.0,"damage_taken":0.0},{"damage_healed":0.0,"max_hp_gain":0.0,"max_hp_loss":0.0,"gold_gain":0.0,"event_name":"Colosseum","player_choice":"Fight","floor":28.0,"gold_loss":0.0,"damage_taken":0.0},{"damage_healed":0.0,"max_hp_gain":0.0,"max_hp_loss":0.0,"gold_gain":0.0,"event_name":"Colosseum","player_choice":"Fled From Nobs","floor":28.0,"gold_loss":0.0,"damage_taken":0.0}],"is_beta":false,"boss_relics":[{"not_picked":["Ectoplasm","Pandora\u0027s Box"],"picked":"Empty Cage"}],"items_purged_floors":[20,22],"is_endless":false,"potions_floor_spawned":[1,11,14,18,24,30,31],"killed_by":"Automaton","ascension_level":0}