{"gold_per_floor":[369,369,369,369,369,369,404,420,490,490,530,549,567,581,581,712,712,652,575,356,356,356,356,356],"floor_reached":24,"playtime":629,"items_purged":["Normality"],"score":339,"play_id":"cf393855-c367-4e5d-aef9-d90c5bf59c46","local_time":"20180726201209","is_ascension_mode":true,"campfire_choices":[{"data":"Spot Weakness","floor":6,"key":"SMITH"},{"data":"Bash","floor":10,"key":"SMITH"},{"data":"Limit Break","floor":15,"key":"SMITH"}],"neow_cost":"TEN_PERCENT_HP_LOSS","seed_source_timestamp":874623870198253,"circlet_count":0,"master_deck":["Strike_R","Strike_R","Strike_R","Strike_R","Strike_R","Defend_R","Defend_R","Defend_R","Defend_R","Bash+1","Spot Weakness+1","Injury","Anger","Headbutt","Limit Break+1","Cleave","Inflame","Heavy Blade","Bludgeon","Whirlwind","J.A.X.","Disarm","Bloodletting","Seeing Red"],"relics":["Burning Blood","Incense Burner","Golden Idol","Sundial","Bottled Flame","Shuriken","Bronze Scales","Ectoplasm","Vajra","Shovel"],"potions_floor_usage":[7,16,18,23],"damage_taken":[{"damage":11,"enemies":"Small Slimes","floor":1,"turns":4},{"damage":35,"enemies":"Gremlin Nob","floor":7,"turns":4},{"damage":3,"enemies":"Jaw Worm","floor":8,"turns":3},{"damage":11,"enemies":"Lagavulin","floor":11,"turns":4},{"damage":0,"enemies":"Cultist","floor":12,"turns":2},{"damage":15,"enemies":"Exordium Wildlife","floor":13,"turns":3},{"damage":2,"enemies":"2 Fungi Beasts","floor":14,"turns":4},{"damage":37,"enemies":"The Guardian","floor":16,"turns":8},{"damage":14,"enemies":"2 Thieves","floor":18,"turns":3},{"damage":6,"enemies":"Spheric Guardian","floor":21,"turns":3},{"damage":1,"enemies":"Snake Plant","floor":22,"turns":2},{"damage":43,"enemies":"Book of Stabbing","floor":23,"turns":4},{"damage":15,"enemies":"Slaver and Parasite","floor":24,"turns":2}],"seed_played":"-453308979608102927","potions_obtained":[{"floor":1,"key":"Regen Potion"},{"floor":14,"key":"BloodPotion"},{"floor":16,"key":"SpeedPotion"},{"floor":22,"key":"SkillPotion"},{"floor":23,"key":"Weak Potion"}],"is_trial":false,"path_per_floor":["M","?","?","?","?","R","E","M","T","R","E","M","M","M","R","B",null,"M","?","$","M","M","E"],"character_chosen":"IRONCLAD","items_purchased":["Vajra"],"campfire_rested":0,"item_purchase_floors":[20],"current_hp_per_floor":[67,67,67,60,60,60,43,46,46,46,41,47,38,42,42,18,59,51,51,51,51,56,19,4],"gold":356,"neow_bonus":"TWO_FIFTY_GOLD","is_prod":false,"is_daily":false,"chose_seed":false,"campfire_upgraded":3,"win_rate":0,"timestamp":1532628729,"path_taken":["M","?","?","?","?","R","E","M","T","R","E","?","?","M","R","BOSS","M","?","$","M","M","E","M"],"build_version":"2018-07-19v2","purchased_purges":1,"victory":false,"max_hp_per_floor":[72,72,72,72,72,72,72,72,72,72,72,72,72,72,72,72,72,72,72,72,72,72,72,72],"card_choices":[{"not_picked":["Perfected Strike","Body Slam"],"picked":"Spot Weakness","floor":1},{"not_picked":["Carnage","Wild Strike"],"picked":"Anger","floor":7},{"not_picked":["Second Wind","Iron Wave"],"picked":"Headbutt","floor":8},{"not_picked":["Shrug It Off","Entrench"],"picked":"Limit Break","floor":11},{"not_picked":["Combust","Body Slam"],"picked":"Cleave","floor":12},{"not_picked":["Shockwave","Anger"],"picked":"Inflame","floor":13},{"not_picked":["Carnage","Clothesline"],"picked":"Heavy Blade","floor":14},{"not_picked":["Barricade","Juggernaut"],"picked":"Bludgeon","floor":16},{"not_picked":["Havoc","Thunderclap"],"picked":"Whirlwind","floor":18},{"not_picked":["Fire Breathing","Wild Strike"],"picked":"Disarm","floor":21},{"not_picked":["Pommel Strike+1","Warcry"],"picked":"Bloodletting","floor":22},{"not_picked":["Havoc","Second Wind"],"picked":"Seeing Red","floor":23}],"player_experience":844543,"relics_obtained":[{"floor":7,"key":"Bottled Flame"},{"floor":9,"key":"Shuriken"},{"floor":11,"key":"Bronze Scales"},{"floor":23,"key":"Shovel"}],"event_choices":[{"event_name":"Big Fish","player_choice":"Box","floor":2,"damage_taken":0},{"event_name":"Golden Idol","player_choice":"Take Wound","floor":3,"damage_taken":0},{"event_name":"Golden Wing","player_choice":"Card Removal","floor":4,"damage_taken":0},{"event_name":"Accursed Blacksmith","player_choice":"Rummage","floor":5,"damage_taken":0},{"event_name":"Drug Dealer","player_choice":"Got JAXXED","floor":19,"damage_taken":0}],"is_beta":false,"boss_relics":[{"not_picked":["Runic Dome","Mark of Pain"],"picked":"Ectoplasm"}],"items_purged_floors":[20],"is_endless":false,"potions_floor_spawned":[1,14,16,22,23],"killed_by":"Slaver and Parasite","ascension_level":7}