{"gold_per_floor":[112,123,139,139,64,64,78,92,163,493,508,578,578,349,349,450,450,465,465,215,215,230,230,249,249,249,249,274,292,292,94,94,190,190,201,201,213,213,193,193,209,223,223,223,235,235,246,46,46,46],"floor_reached":50,"playtime":4108,"items_purged":["Defend_R","Strike_R"],"score":578,"play_id":"a482b520-05e3-439f-b1a5-c81770abe278","local_time":"20190113094727","is_ascension_mode":true,"campfire_choices":[{"data":"Bash","floor":6,"key":"SMITH"},{"floor":15,"key":"REST"},{"floor":23,"key":"REST"},{"floor":27,"key":"REST"},{"floor":30,"key":"REST"},{"data":"Discovery","floor":32,"key":"SMITH"},{"data":"Metallicize","floor":40,"key":"SMITH"},{"floor":44,"key":"REST"},{"data":"Barricade","floor":46,"key":"SMITH"},{"data":"Metallicize","floor":49,"key":"SMITH"}],"neow_cost":"NONE","seed_source_timestamp":12055155359738350,"circlet_count":0,"master_deck":["Strike_R+1","Strike_R+1","Strike_R+1","Defend_R+1","Defend_R+1","Defend_R+1","Bash+1","Flame Barrier","Feel No Pain","Evolve","Thunderclap+1","Intimidate","Burning Pact","Metallicize+1","Discovery+1","Warcry","Iron Wave","Wild Strike+1","Metallicize+1","Reckless Charge+1","Reaper","Iron Wave+1","Second Wind+1","Madness","Madness","Battle Trance","Barricade+1"],"relics":["Philosopher\u0027s Stone","Sundial","Old Coin","Shuriken","Pen Nib","Black Star","Question Card","Orichalcum","Red Skull","Smiling Mask","Whetstone","MealTicket","Eternal Feather","Peace Pipe","Brimstone"],"potions_floor_usage":[11,28,42,50,50,50],"damage_taken":[{"damage":0,"enemies":"Cultist","floor":1,"turns":2},{"damage":3,"enemies":"Small Slimes","floor":2,"turns":3},{"damage":8,"enemies":"Jaw Worm","floor":3,"turns":4},{"damage":17,"enemies":"2 Fungi Beasts","floor":7,"turns":4},{"damage":2,"enemies":"Blue Slaver","floor":8,"turns":5},{"damage":22,"enemies":"3 Sentries","floor":10,"turns":6},{"damage":6,"enemies":"Exordium Thugs","floor":11,"turns":6},{"damage":13,"enemies":"Slime Boss","floor":16,"turns":7},{"damage":31,"enemies":"3 Byrds","floor":18,"turns":4},{"damage":9,"enemies":"Spheric Guardian","floor":22,"turns":5},{"damage":20,"enemies":"Shelled Parasite and Fungi","floor":24,"turns":10},{"damage":16,"enemies":"Gremlin Leader","floor":28,"turns":7},{"damage":6,"enemies":"Centurion and Healer","floor":29,"turns":5},{"damage":32,"enemies":"Champ","floor":33,"turns":11},{"damage":2,"enemies":"Orb Walker","floor":35,"turns":4},{"damage":1,"enemies":"3 Shapes","floor":37,"turns":5},{"damage":30,"enemies":"3 Darklings","floor":41,"turns":6},{"damage":35,"enemies":"Transient","floor":42,"turns":5},{"damage":43,"enemies":"Jaw Worm Horde","floor":45,"turns":5},{"damage":6,"enemies":"3 Darklings","floor":47,"turns":7},{"damage":121,"enemies":"Awakened One","floor":50,"turns":5}],"seed_played":"-1545009807365535128","potions_obtained":[{"floor":1,"key":"Swift Potion"},{"floor":2,"key":"AttackPotion"},{"floor":7,"key":"LiquidBronze"},{"floor":24,"key":"GamblersBrew"},{"floor":33,"key":"SkillPotion"},{"floor":39,"key":"PowerPotion"},{"floor":47,"key":"SkillPotion"}],"is_trial":false,"path_per_floor":["M","M","M","?","$","R","M","M","T","E","M","T","?","$","R","B",null,"M","?","$","?","M","R","M","$","T","R","E","M","R","$","R","B",null,"M","?","M","?","?","R","M","M","T","R","M","R","M","$","R","B"],"character_chosen":"IRONCLAD","items_purchased":["Discovery","Warcry","Question Card","MealTicket","Brimstone"],"campfire_rested":5,"item_purchase_floors":[14,14,20,31,48],"current_hp_per_floor":[80,77,69,69,69,69,52,50,50,28,22,22,10,10,34,21,65,34,34,34,34,25,49,29,29,29,53,37,31,55,55,55,23,66,64,64,68,58,58,73,50,33,33,72,29,44,78,80,80,0],"gold":46,"neow_bonus":"BOSS_RELIC","is_prod":false,"is_daily":false,"chose_seed":false,"campfire_upgraded":5,"win_rate":0,"timestamp":1547369247,"path_taken":["M","M","?","?","$","R","M","M","T","E","?","?","?","$","R","BOSS","M","?","$","?","M","R","M","$","T","R","E","?","R","$","R","BOSS","M","?","M","?","?","R","M","M","T","R","M","R","M","$","R","BOSS"],"build_version":"2019-01-10","purchased_purges":2,"victory":false,"max_hp_per_floor":[80,80,80,80,80,80,80,80,80,80,80,80,80,80,80,80,80,80,80,80,80,80,80,80,80,80,80,80,80,80,80,80,80,80,80,80,80,80,80,80,80,80,80,80,80,80,80,80,80,80],"card_choices":[{"not_picked":["Warcry","Havoc"],"picked":"Flame Barrier","floor":1},{"not_picked":["Flex","Thunderclap"],"picked":"Feel No Pain","floor":2},{"not_picked":["Shockwave","Clash"],"picked":"Evolve","floor":3},{"not_picked":["Impervious","Havoc"],"picked":"Intimidate","floor":7},{"not_picked":["Flex","Headbutt","Clothesline"],"picked":"SKIP","floor":8},{"not_picked":["Havoc","Hemokinesis"],"picked":"Burning Pact","floor":10},{"not_picked":["Headbutt","Flex"],"picked":"Metallicize","floor":11},{"not_picked":["Body Slam","Flex"],"picked":"Iron Wave","floor":18},{"not_picked":["Twin Strike","Sever Soul","Thunderclap"],"picked":"Wild Strike","floor":22},{"not_picked":["Twin Strike+1","Entrench","Clash","Carnage"],"picked":"SKIP","floor":24},{"not_picked":["Dual Wield","Intimidate","Inflame"],"picked":"Metallicize","floor":28},{"not_picked":["Perfected Strike","Shrug It Off","Warcry"],"picked":"Reckless Charge+1","floor":29},{"not_picked":["Berserk","Fiend Fire","Bludgeon"],"picked":"Reaper","floor":33},{"not_picked":["Whirlwind","Heavy Blade","Headbutt+1"],"picked":"Iron Wave+1","floor":35},{"not_picked":["Body Slam","Flame Barrier","Heavy Blade"],"picked":"Second Wind+1","floor":37},{"not_picked":["Feel No Pain","Rage","Spot Weakness+1"],"picked":"Battle Trance","floor":41},{"not_picked":["Thunderclap","Shockwave","Anger","Headbutt+1"],"picked":"SKIP","floor":42},{"not_picked":["Sword Boomerang","Perfected Strike+1","Warcry"],"picked":"Barricade","floor":45},{"not_picked":["Sentinel","Body Slam","Combust","Flex+1"],"picked":"SKIP","floor":47}],"player_experience":215996,"relics_obtained":[{"floor":9,"key":"Sundial"},{"floor":10,"key":"Old Coin"},{"floor":12,"key":"Shuriken"},{"floor":26,"key":"Red Skull"},{"floor":28,"key":"Smiling Mask"},{"floor":28,"key":"Whetstone"},{"floor":43,"key":"Peace Pipe"}],"event_choices":[{"damage_healed":0,"gold_gain":0,"cards_transformed":["Strike_R"],"player_choice":"Transformed","damage_taken":0,"max_hp_gain":0,"max_hp_loss":0,"event_name":"Transmorgrifier","floor":4,"gold_loss":0,"cards_obtained":["Thunderclap"]},{"damage_healed":0,"gold_gain":0,"player_choice":"Success","damage_taken":12,"relics_obtained":["Pen Nib"],"max_hp_gain":0,"max_hp_loss":0,"event_name":"Scrap Ooze","floor":13,"gold_loss":0},{"damage_healed":0,"gold_gain":0,"player_choice":"Simplicity","damage_taken":0,"max_hp_gain":0,"max_hp_loss":0,"event_name":"Back to Basics","floor":19,"gold_loss":0,"cards_upgraded":["Strike_R","Strike_R","Strike_R","Defend_R","Defend_R","Defend_R"]},{"damage_healed":0,"gold_gain":0,"player_choice":"Gave Potion","damage_taken":0,"relics_obtained":["Orichalcum"],"max_hp_gain":0,"max_hp_loss":0,"event_name":"WeMeetAgain","floor":21,"gold_loss":0},{"damage_healed":0,"gold_gain":0,"player_choice":"Ignored","damage_taken":0,"max_hp_gain":0,"max_hp_loss":0,"event_name":"Mysterious Sphere","floor":36,"gold_loss":0},{"damage_healed":0,"gold_gain":0,"player_choice":"Embrace Madness","damage_taken":10,"max_hp_gain":0,"max_hp_loss":0,"event_name":"Winding Halls","floor":38,"gold_loss":0,"cards_obtained":["Madness","Madness"]},{"damage_healed":0,"gold_gain":0,"player_choice":"Bought 1 Potion","damage_taken":0,"max_hp_gain":0,"max_hp_loss":0,"event_name":"The Woman in Blue","floor":39,"gold_loss":0}],"is_beta":false,"boss_relics":[{"not_picked":["Ectoplasm","Lizard Tail"],"picked":"Black Star"},{"not_picked":["Runic Cube","Empty Cage"],"picked":"Eternal Feather"}],"items_purged_floors":[5,14],"is_endless":false,"potions_floor_spawned":[1,2,7,24,33,47],"killed_by":"Awakened One","ascension_level":5}