{"gold_per_floor":[114,39,51,68,15,15,49,49,49,349,349,365,229,244,244,317,317,329,254,254,265,277,277,291,316,341,154,154,165,165,165,165,239,239,253,253,253,27,39,39,64,64,138,156,156,189,200,211,211,211],"floor_reached":51,"playtime":6959,"items_purged":["Strike_B","Strike_B"],"score":1573,"play_id":"175b4087-113b-4568-9653-d1a87a4dee97","local_time":"20190218001005","is_ascension_mode":true,"campfire_choices":[{"data":"Dualcast","floor":6.0,"key":"SMITH"},{"data":"Go for the Eyes","floor":8.0,"key":"SMITH"},{"floor":15.0,"key":"REST"},{"data":"Defragment","floor":23.0,"key":"SMITH"},{"data":"Buffer","floor":28.0,"key":"SMITH"},{"data":"Buffer","floor":30.0,"key":"SMITH"},{"data":"Blizzard","floor":32.0,"key":"SMITH"},{"data":"Go for the Eyes","floor":40.0,"key":"SMITH"},{"data":"Loop","floor":45,"key":"SMITH"},{"data":"Scrape","floor":49,"key":"SMITH"}],"neow_cost":"NONE","seed_source_timestamp":325957118583368,"circlet_count":0,"master_deck":["AscendersBane","Strike_B+1","Defend_B+1","Defend_B+1","Defend_B+1","Zap+1","Dualcast+1","Leap","Chill","Go for the Eyes+1","Cold Snap","Coolheaded","Loop+1","Buffer+1","Blizzard+1","FTL","Go for the Eyes+1","Buffer+1","Defragment+1","Hologram+1","Cold Snap","White Noise","Self Repair","Go for the Eyes","Madness","Madness","Scrape+1","Coolheaded"],"special_seed":0,"relics":["Cracked Core","Shuriken","Pear","Old Coin","Busted Crown","Orichalcum","Ancient Tea Set","Anchor","Runic Pyramid","Runic Capacitor","Vajra","Pantograph","Blue Candle"],"potions_floor_usage":[50,50],"damage_taken":[{"damage":0.0,"enemies":"Cultist","floor":1.0,"turns":3.0},{"damage":0.0,"enemies":"Jaw Worm","floor":3.0,"turns":4.0},{"damage":0.0,"enemies":"2 Louse","floor":4.0,"turns":3.0},{"damage":15.0,"enemies":"Gremlin Nob","floor":7.0,"turns":4.0},{"damage":9.0,"enemies":"Gremlin Gang","floor":12.0,"turns":5.0},{"damage":0.0,"enemies":"Exordium Wildlife","floor":14.0,"turns":2.0},{"damage":0.0,"enemies":"Slime Boss","floor":16.0,"turns":11.0},{"damage":0.0,"enemies":"Chosen","floor":18.0,"turns":7.0},{"damage":0.0,"enemies":"Shell Parasite","floor":21.0,"turns":7.0},{"damage":0.0,"enemies":"Snecko","floor":22.0,"turns":7.0},{"damage":0.0,"enemies":"Sentry and Sphere","floor":24.0,"turns":7.0},{"damage":0.0,"enemies":"Book of Stabbing","floor":25.0,"turns":9.0},{"damage":2.0,"enemies":"Snake Plant","floor":29.0,"turns":6.0},{"damage":0.0,"enemies":"Colosseum Slavers","floor":31.0,"turns":5.0},{"damage":0.0,"enemies":"Collector","floor":33.0,"turns":13.0},{"damage":0.0,"enemies":"3 Shapes","floor":35.0,"turns":8.0},{"damage":0.0,"enemies":"3 Darklings","floor":39.0,"turns":6.0},{"damage":0,"enemies":"Reptomancer","floor":41,"turns":8},{"damage":9,"enemies":"4 Shapes","floor":44,"turns":7},{"damage":23,"enemies":"Nemesis","floor":46,"turns":8},{"damage":0,"enemies":"Maw","floor":47,"turns":8},{"damage":0,"enemies":"Spire Growth","floor":48,"turns":5},{"damage":0,"enemies":"Donu and Deca","floor":50,"turns":11}],"seed_played":"-8938869127788228558","potions_obtained":[{"floor":4.0,"key":"AttackPotion"},{"floor":7.0,"key":"SkillPotion"},{"floor":12.0,"key":"FocusPotion"},{"floor":21.0,"key":"Fire Potion"},{"floor":39.0,"key":"PowerPotion"}],"is_trial":false,"path_per_floor":["M","$","M","M","$","R","E","R","T","?","?","M","$","M","R","B",null,"M","?","?","M","M","R","M","E","T","$","R","M","R","?","R","B",null,"M","?","?","$","M","R","E","?","T","M","R","E","M","M","R","B",null],"character_chosen":"DEFECT","items_purchased":["Cold Snap","FTL","White Noise","Anchor","Runic Capacitor","Self Repair"],"campfire_rested":1,"item_purchase_floors":[5,13,27,27,38,38],"current_hp_per_floor":[64,64,64,64,64,64,49,49,59,41,41,32,32,32,56,56,75,75,75,75,75,75,75,75,75,75,75,75,73,73,73,73,73,79,79,79,79,79,81,81,81,71,71,62,62,46,53,60,60,81],"gold":211,"neow_bonus":"UPGRADE_CARD","is_prod":false,"is_daily":false,"chose_seed":false,"campfire_upgraded":9,"win_rate":0,"timestamp":1550416205,"path_taken":["M","?","M","M","$","R","E","R","T","?","?","?","$","M","R","BOSS","M","?","?","M","M","R","M","E","T","?","R","M","R","?","R","BOSS","M","?","?","$","M","R","E","?","T","M","R","E","?","M","R","BOSS"],"build_version":"2019-01-23","purchased_purges":2,"victory":true,"max_hp_per_floor":[71,71,71,71,71,71,71,71,81,81,81,81,81,81,81,81,81,81,81,81,81,81,81,81,81,81,81,81,81,81,81,81,81,81,81,81,81,81,81,81,81,81,81,81,81,81,81,81,81,81],"card_choices":[{"not_picked":["Beam Cell","Static Discharge"],"picked":"Leap","floor":1.0},{"not_picked":["Streamline","Loop"],"picked":"Chill","floor":3.0},{"not_picked":["Hologram","Double Energy"],"picked":"Go for the Eyes","floor":4.0},{"not_picked":["Compile Driver","Tempest"],"picked":"Coolheaded","floor":7.0},{"not_picked":["Doom and Gloom","Steam"],"picked":"Blizzard","floor":12.0},{"not_picked":["Hello World","Redo"],"picked":"Go for the Eyes","floor":14.0},{"not_picked":["Meteor Strike","Biased Cognition"],"picked":"Buffer","floor":16.0},{"not_picked":[],"picked":"Defragment","floor":18.0},{"not_picked":[],"picked":"Hologram+1","floor":21.0},{"not_picked":["Rip and Tear"],"picked":"SKIP","floor":22.0},{"not_picked":[],"picked":"Cold Snap","floor":24.0},{"not_picked":["Biased Cognition"],"picked":"SKIP","floor":25.0},{"not_picked":["Sweeping Beam"],"picked":"SKIP","floor":29.0},{"not_picked":["Barrage"],"picked":"SKIP","floor":35.0},{"not_picked":["Stack"],"picked":"SKIP","floor":39.0},{"not_picked":[],"picked":"Go for the Eyes","floor":41},{"not_picked":["Ball Lightning"],"picked":"SKIP","floor":44},{"not_picked":["Beam Cell"],"picked":"SKIP","floor":46},{"not_picked":[],"picked":"Scrape","floor":47},{"not_picked":[],"picked":"Coolheaded","floor":48}],"player_experience":589686,"relics_obtained":[{"floor":7.0,"key":"Shuriken"},{"floor":9.0,"key":"Pear"},{"floor":25.0,"key":"Orichalcum"},{"floor":26.0,"key":"Ancient Tea Set"},{"floor":41,"key":"Vajra"},{"floor":43,"key":"Pantograph"},{"floor":46,"key":"Blue Candle"}],"event_choices":[{"damage_healed":0.0,"max_hp_gain":0.0,"max_hp_loss":0.0,"gold_gain":0.0,"event_name":"Scrap Ooze","player_choice":"Success","floor":10.0,"gold_loss":0.0,"damage_taken":18.0,"relics_obtained":["Old Coin"]},{"damage_healed":0.0,"max_hp_gain":0.0,"max_hp_loss":0.0,"gold_gain":0.0,"event_name":"Match and Keep!","player_choice":"2 cards matched","floor":11.0,"gold_loss":0.0,"damage_taken":0.0,"cards_obtained":["Loop","Buffer"]},{"cards_removed":["Strike_B"],"damage_healed":0.0,"max_hp_gain":0.0,"max_hp_loss":0.0,"gold_gain":0.0,"event_name":"Beggar","player_choice":"Gave Gold","floor":19.0,"gold_loss":75.0,"damage_taken":0.0},{"damage_healed":0.0,"max_hp_gain":0.0,"max_hp_loss":0.0,"gold_gain":0.0,"event_name":"Back to Basics","player_choice":"Simplicity","floor":20.0,"gold_loss":0.0,"damage_taken":0.0,"cards_upgraded":["Strike_B","Defend_B","Defend_B","Defend_B","Defend_B"]},{"damage_healed":0.0,"max_hp_gain":0.0,"max_hp_loss":0.0,"gold_gain":0.0,"event_name":"Colosseum","player_choice":"Fight","floor":31.0,"gold_loss":0.0,"damage_taken":0.0},{"damage_healed":0.0,"max_hp_gain":0.0,"max_hp_loss":0.0,"gold_gain":0.0,"event_name":"Colosseum","player_choice":"Fled From Nobs","floor":31.0,"gold_loss":0.0,"damage_taken":0.0},{"damage_healed":0.0,"max_hp_gain":0.0,"max_hp_loss":0.0,"gold_gain":0.0,"event_name":"Mysterious Sphere","player_choice":"Ignored","floor":36.0,"gold_loss":0.0,"damage_taken":0.0},{"cards_removed":["Defend_B"],"damage_healed":0.0,"max_hp_gain":0.0,"max_hp_loss":0.0,"gold_gain":0.0,"event_name":"Falling","player_choice":"Removed Skill","floor":37.0,"gold_loss":0.0,"damage_taken":0.0},{"damage_healed":0,"gold_gain":0,"player_choice":"Embrace Madness","damage_taken":10,"max_hp_gain":0,"max_hp_loss":0,"event_name":"Winding Halls","floor":42,"gold_loss":0,"cards_obtained":["Madness","Madness"]}],"is_beta":false,"boss_relics":[{"not_picked":["Tiny House","Eternal Feather"],"picked":"Busted Crown"},{"not_picked":["Coffee Dripper","Astrolabe"],"picked":"Runic Pyramid"}],"items_purged_floors":[2,13],"is_endless":false,"potions_floor_spawned":[4,7,12,21,22,33,39,47,48],"ascension_level":14}