{"path_per_floor":["M","M","M","M","M","R","M","?","T","E","R","M","M","M","R"],"character_chosen":"IRONCLAD","items_purchased":[],"gold_per_floor":[111,125,136,148,163,163,180,180,180,208,208,223,236,247,247,247],"floor_reached":16,"campfire_rested":2,"playtime":1961,"current_hp_per_floor":[80,80,80,62,57,80,73,73,73,36,60,65,62,51,51,0],"items_purged":[],"gold":247,"score":108,"play_id":"e3d0e359-dab8-460b-b4b5-9982fd1c01eb","local_time":"20180328185720","is_prod":false,"is_daily":false,"is_ascension_mode":false,"campfire_upgraded":1,"timestamp":1522256240,"path_taken":["M","M","M","M","M","R","M","?","T","E","R","M","M","M","R","BOSS"],"build_version":"2018-03-22v2","purchased_purges":0,"victory":false,"master_deck":["Strike_R","Strike_R","Strike_R","Strike_R","Strike_R","Defend_R","Defend_R","Defend_R","Defend_R","Bash","Iron Wave","Thunderclap+1","Twin Strike","Shrug It Off","Inflame","Pommel Strike","Body Slam","Sword Boomerang","Hemokinesis","Twin Strike"],"max_hp_per_floor":[80,80,80,80,80,80,80,80,80,80,80,80,80,80,80,80],"relics":["Burning Blood","Bird Faced Urn","Paper Frog"],"card_choices":[{"not_picked":["Twin Strike","Bloodletting"],"picked":"Iron Wave","floor":1},{"not_picked":["Iron Wave","Reaper"],"picked":"Thunderclap","floor":2},{"not_picked":["Flex","Whirlwind"],"picked":"Twin Strike","floor":3},{"not_picked":["Armaments","Dropkick"],"picked":"Shrug It Off","floor":4},{"not_picked":["Body Slam","Sword Boomerang"],"picked":"Inflame","floor":5},{"not_picked":["Armaments","Feel No Pain"],"picked":"Pommel Strike","floor":7},{"not_picked":["Sever Soul","Rampage"],"picked":"Body Slam","floor":10},{"not_picked":["Armaments","Warcry"],"picked":"Sword Boomerang","floor":12},{"not_picked":["Blood for Blood","True Grit"],"picked":"Hemokinesis","floor":13},{"not_picked":["Whirlwind","Burning Pact"],"picked":"Twin Strike","floor":14}],"player_experience":0,"potions_floor_usage":[16,16,16],"damage_taken":[{"damage":1,"enemies":"Jaw Worm","floor":1,"turns":6},{"damage":0,"enemies":"Small Slimes","floor":2,"turns":3},{"damage":2,"enemies":"2 Louse","floor":3,"turns":3},{"damage":24,"enemies":"Gremlin Gang","floor":4,"turns":6},{"damage":11,"enemies":"Lots of Slimes","floor":5,"turns":5},{"damage":13,"enemies":"Large Slime","floor":7,"turns":7},{"damage":45,"enemies":"Lagavulin","floor":10,"turns":7},{"damage":3,"enemies":"Exordium Thugs","floor":12,"turns":4},{"damage":9,"enemies":"2 Fungi Beasts","floor":13,"turns":3},{"damage":19,"enemies":"3 Louse","floor":14,"turns":3},{"damage":67,"enemies":"The Guardian","floor":16,"turns":9}],"event_choices":[{"event_name":"The Cleric","player_choice":"Leave","floor":8,"damage_taken":0}],"boss_relics":[],"potions_floor_spawned":[3,4,5,14],"seed_played":"-6056673783414070159","killed_by":"The Guardian","ascension_level":0,"is_trial":false}