{"gold_per_floor":[113,113,288,288,305,333,348,366,366,366,401,401,415,444,444,539,589,607,625,625,625,638,638,269,269,295,328,343,53,7,20,20,115,115,131,0,19,29,29,29,60,60,83,83,116,66,66,79,79,79],"floor_reached":51,"playtime":7897,"items_purged":["Doubt","Writhe","Cloak And Dagger+1"],"score":1116,"play_id":"02d8c1eb-f9cf-4cbc-8364-4cc852d16bf3","local_time":"20180928132851","is_ascension_mode":true,"campfire_choices":[{"data":"Terror","floor":10.0,"key":"SMITH"},{"data":"Distraction","floor":12.0,"key":"SMITH"},{"floor":15.0,"key":"REST"},{"floor":23.0,"key":"REST"},{"floor":25.0,"key":"REST"},{"floor":32.0,"key":"REST"},{"data":"Envenom","floor":40,"key":"SMITH"},{"data":"Phantasmal Killer","floor":42,"key":"SMITH"},{"floor":49,"key":"REST"}],"neow_cost":"NONE","seed_source_timestamp":0,"circlet_count":0,"master_deck":["Defend_G","Defend_G","Defend_G","Defend_G","Defend_G","Strike_G","Strike_G","Strike_G","Strike_G+1","Survivor","Neutralize","Footwork","Distraction+1","Dash+1","Underhanded Strike+1","Terror+1","Quick Slash+1","Dagger Throw+1","Tools of the Trade","Setup","All Out Attack+1","Riddle With Holes+1","Dodge and Roll+1","Deflect","Die Die Die+1","Quick Slash+1","Footwork","Glass Knife+1","Sucker Punch+1","Dodge and Roll","Neutralize+1","Envenom+1","Phantasmal Killer+1","Swift Strike+1","Good Instincts","Panache","Poisoned Stab+1","Bouncing Flask+1"],"special_seed":0,"relics":["Ring of the Snake","NeowsBlessing","Darkstone Periapt","FaceOfCleric","Molten Egg 2","Matryoshka","Lantern","Gremlin Horn","Tiny House","Oddly Smooth Stone","Enchiridion","Strange Spoon","Orichalcum","Strawberry","Juzu Bracelet","Busted Crown","Red Mask","Ancient Tea Set","Blood Vial","Smiling Mask","Dream Catcher"],"potions_floor_usage":[33,41,41,48,50,50,50],"damage_taken":[{"damage":0.0,"enemies":"Small Slimes","floor":1.0,"turns":2.0},{"damage":0.0,"enemies":"2 Louse","floor":5.0,"turns":1.0},{"damage":0.0,"enemies":"Gremlin Nob","floor":6.0,"turns":1.0},{"damage":4.0,"enemies":"Jaw Worm","floor":7.0,"turns":4.0},{"damage":0.0,"enemies":"Looter","floor":8.0,"turns":4.0},{"damage":14.0,"enemies":"Lagavulin","floor":11.0,"turns":8.0},{"damage":0.0,"enemies":"Blue Slaver","floor":13.0,"turns":2.0},{"damage":11.0,"enemies":"3 Sentries","floor":14.0,"turns":10.0},{"damage":6.0,"enemies":"Hexaghost","floor":16.0,"turns":9.0},{"damage":8.0,"enemies":"Spheric Guardian","floor":18.0,"turns":5.0},{"damage":20.0,"enemies":"2 Thieves","floor":19.0,"turns":4.0},{"damage":22.0,"enemies":"Snecko","floor":22.0,"turns":5.0},{"damage":17.0,"enemies":"Gremlin Leader","floor":27.0,"turns":4.0},{"damage":7.0,"enemies":"Cultist and Chosen","floor":28.0,"turns":6.0},{"damage":30.0,"enemies":"Snake Plant","floor":31.0,"turns":4.0},{"damage":42,"enemies":"Collector","floor":33,"turns":15},{"damage":0,"enemies":"Orb Walker","floor":35,"turns":3},{"damage":8,"enemies":"3 Darklings","floor":37,"turns":7},{"damage":0,"enemies":"Reptomancer","floor":38,"turns":4},{"damage":8,"enemies":"Nemesis","floor":41,"turns":9},{"damage":12,"enemies":"2 Orb Walkers","floor":45,"turns":4},{"damage":0,"enemies":"4 Shapes","floor":48,"turns":3},{"damage":96,"enemies":"Donu and Deca","floor":50,"turns":11}],"seed_played":"6339808688216523140","potions_obtained":[{"floor":1.0,"key":"Swift Potion"},{"floor":11.0,"key":"GhostInAJar"},{"floor":13.0,"key":"SkillPotion"},{"floor":14.0,"key":"Strength Potion"},{"floor":16.0,"key":"Swift Potion"},{"floor":17.0,"key":"Fire Potion"},{"floor":28.0,"key":"LiquidBronze"},{"floor":33,"key":"EntropicBrew"},{"floor":45,"key":"Poison Potion"},{"floor":48,"key":"GhostInAJar"}],"is_trial":false,"path_per_floor":["M","?","?","?","M","E","M","M","T","R","E","R","M","E","R","B",null,"M","M","?","?","M","R","$","R","T","E","M","$","$","M","R","B",null,"M","?","M","M","?","R","E","R","T","?","E","$","?","M","R","B"],"character_chosen":"THE_SILENT","items_purchased":["Strange Spoon","EntropicBrew","Die Die Die+1","Block Potion","Quick Slash+1"],"campfire_rested":5,"item_purchase_floors":[24,24,29,29,30],"current_hp_per_floor":[63,60,66,66,67,68,65,66,66,66,53,53,54,44,68,63,84,77,58,64,48,27,56,56,85,92,76,70,70,70,41,73,32,90,91,91,84,85,85,85,78,78,78,68,59,59,59,62,96,3],"gold":79,"neow_bonus":"THREE_ENEMY_KILL","is_prod":false,"is_daily":false,"chose_seed":false,"campfire_upgraded":4,"win_rate":0,"timestamp":1538134131,"path_taken":["M","?","?","?","M","E","M","M","T","R","E","R","?","E","R","BOSS","M","M","?","?","?","R","$","R","T","E","M","?","$","M","R","BOSS","M","?","M","M","?","R","E","R","T","?","E","$","?","M","R","BOSS"],"build_version":"2018-09-27","purchased_purges":3,"victory":true,"max_hp_per_floor":[70,70,76,76,77,78,79,80,80,80,81,81,82,83,83,84,89,90,91,97,97,98,98,98,98,105,106,107,107,107,108,108,109,109,110,110,111,112,112,112,113,113,113,113,114,114,114,115,115,116],"card_choices":[{"not_picked":["Bane","Flying Knee"],"picked":"Footwork","floor":1.0},{"not_picked":["Tactician","Accuracy"],"picked":"Distraction","floor":5.0},{"not_picked":["Underhanded Strike","Catalyst"],"picked":"Dash","floor":6.0},{"not_picked":["Calculated Gamble","Deflect"],"picked":"Underhanded Strike+1","floor":7.0},{"not_picked":["Blade Dance","Sucker Punch+1"],"picked":"Terror","floor":8.0},{"not_picked":["Prepared","Noxious Fumes"],"picked":"Quick Slash+1","floor":11.0},{"not_picked":["Heel Hook+1","Terror","Eviscerate+1"],"picked":"SKIP","floor":13.0},{"not_picked":["Predator+1","Blur"],"picked":"Dagger Throw+1","floor":14.0},{"not_picked":["Doppelganger","Storm of Steel"],"picked":"Tools of the Trade","floor":16.0},{"not_picked":["Acrobatics","Poisoned Stab+1"],"picked":"Setup","floor":17.0},{"not_picked":["Terror","Slice+1"],"picked":"All Out Attack+1","floor":18.0},{"not_picked":["Backflip","Blade Dance+1"],"picked":"Riddle With Holes+1","floor":19.0},{"not_picked":["Dagger Throw+1","Caltrops+1"],"picked":"Dodge and Roll+1","floor":22.0},{"not_picked":["Corpse Explosion","Noxious Fumes","Poisoned Stab+1"],"picked":"SKIP","floor":27.0},{"not_picked":["Caltrops","Deadly Poison"],"picked":"Deflect","floor":28.0},{"not_picked":["Terror+1","Deadly Poison"],"picked":"Footwork","floor":31.0},{"not_picked":["Corpse Explosion","Doppelganger"],"picked":"Glass Knife+1","floor":33},{"not_picked":[],"picked":"Cloak And Dagger+1","floor":35},{"not_picked":[],"picked":"Sucker Punch+1","floor":37},{"not_picked":[],"picked":"Dodge and Roll","floor":38},{"not_picked":[],"picked":"Phantasmal Killer","floor":41},{"not_picked":[],"picked":"Swift Strike+1","floor":44},{"not_picked":[],"picked":"Good Instincts","floor":44},{"not_picked":[],"picked":"Panache","floor":44},{"not_picked":["Terror"],"picked":"SKIP","floor":45},{"not_picked":[],"picked":"Poisoned Stab+1","floor":48},{"not_picked":[],"picked":"Bouncing Flask+1","floor":49}],"player_experience":1002257,"relics_obtained":[{"floor":6.0,"key":"Molten Egg 2"},{"floor":9.0,"key":"Matryoshka"},{"floor":11.0,"key":"Lantern"},{"floor":14.0,"key":"Gremlin Horn"},{"floor":21.0,"key":"Enchiridion"},{"floor":26.0,"key":"Orichalcum"},{"floor":26.0,"key":"Strawberry"},{"floor":27.0,"key":"Juzu Bracelet"},{"floor":41,"key":"Ancient Tea Set"},{"floor":43,"key":"Blood Vial"},{"floor":43,"key":"Smiling Mask"},{"floor":45,"key":"Dream Catcher"}],"event_choices":[{"event_name":"Scrap Ooze","player_choice":"success","floor":2.0,"damage_taken":3.0},{"event_name":"Liars Game","player_choice":"agreed","floor":3.0,"damage_taken":0.0},{"event_name":"FaceTrader","player_choice":"Trade","floor":4.0,"damage_taken":0.0},{"event_name":"The Mausoleum","player_choice":"Yes","floor":20.0,"damage_taken":0.0},{"event_name":"Cursed Tome","player_choice":"Obtained Book","floor":21.0,"damage_taken":0.0},{"event_name":"Tomb of Lord Red Mask","player_choice":"Paid","floor":36,"damage_taken":0},{"event_name":"Match and Keep!","player_choice":"2 cards matched","floor":39,"damage_taken":0},{"event_name":"SensoryStone","player_choice":"Memory 3","floor":44,"damage_taken":0},{"event_name":"Purifier","player_choice":"One Purge","floor":47,"damage_taken":0}],"is_beta":false,"boss_relics":[{"not_picked":["Sozu","Lizard Tail"],"picked":"Tiny House"},{"not_picked":["Calling Bell","WristBlade"],"picked":"Busted Crown"}],"items_purged_floors":[24,29,46],"is_endless":false,"potions_floor_spawned":[1,11,13,14,16,28,33,45,48],"ascension_level":9}