{"gold_per_floor":[116,128,148,148,158,158,169,169,169,169,185,185,185,196,196,196],"floor_reached":16,"playtime":414,"items_purged":[],"score":127,"play_id":"38e5b4a8-185a-43ac-a31f-6d40641a0810","local_time":"20180727175513","is_ascension_mode":true,"campfire_choices":[{"data":"Whirlwind","floor":6,"key":"SMITH"},{"data":"Inflame","floor":8,"key":"SMITH"},{"data":"Bash","floor":12,"key":"SMITH"},{"floor":15,"key":"REST"}],"neow_cost":"NONE","seed_source_timestamp":953023444495501,"circlet_count":0,"master_deck":["Strike_R","Strike_R","Strike_R","Strike_R","Strike_R","Defend_R","Defend_R","Defend_R+1","Defend_R","Bash+1","Pommel Strike","Iron Wave+1","Inflame+1","Whirlwind+1","Shrug It Off","Doubt","Dropkick","Pain","Shrug It Off"],"relics":["Cursed Key","Kunai","Gremlin Horn","Turnip"],"potions_floor_usage":[16],"damage_taken":[{"damage":0,"enemies":"Jaw Worm","floor":1,"turns":3},{"damage":1,"enemies":"Cultist","floor":2,"turns":3},{"damage":0,"enemies":"Small Slimes","floor":3,"turns":2},{"damage":1,"enemies":"Looter","floor":5,"turns":3},{"damage":5,"enemies":"Red Slaver","floor":7,"turns":4},{"damage":8,"enemies":"Blue Slaver","floor":11,"turns":3},{"damage":20,"enemies":"Exordium Wildlife","floor":14,"turns":4},{"damage":42,"enemies":"Slime Boss","floor":16,"turns":6}],"seed_played":"9053728786998928975","potions_obtained":[{"floor":2,"key":"PowerPotion"}],"is_trial":false,"path_per_floor":["M","M","M","?","M","R","M","R","T","?","M","R","T","M","R"],"character_chosen":"IRONCLAD","items_purchased":[],"campfire_rested":1,"item_purchase_floors":[],"current_hp_per_floor":[72,71,71,55,54,54,49,49,49,46,38,38,38,18,42,0],"gold":196,"neow_bonus":"BOSS_RELIC","is_prod":false,"is_daily":false,"chose_seed":false,"campfire_upgraded":3,"win_rate":0,"timestamp":1532706913,"path_taken":["M","M","M","?","?","R","M","R","T","?","M","R","?","M","R","BOSS"],"build_version":"2018-07-26","purchased_purges":0,"victory":false,"max_hp_per_floor":[80,80,80,80,80,80,80,80,80,80,80,80,80,80,80,80],"card_choices":[{"not_picked":["Armaments","Iron Wave"],"picked":"Pommel Strike","floor":1},{"not_picked":["Headbutt","True Grit"],"picked":"Iron Wave","floor":2},{"not_picked":["Headbutt","Cleave"],"picked":"Inflame","floor":3},{"not_picked":["Body Slam","Combust"],"picked":"Whirlwind","floor":5},{"not_picked":["True Grit","Feed"],"picked":"Shrug It Off","floor":7},{"not_picked":["Clash","Headbutt"],"picked":"Dropkick","floor":11},{"not_picked":["Body Slam","Pummel"],"picked":"Shrug It Off","floor":14}],"player_experience":852435,"relics_obtained":[{"floor":9,"key":"Kunai"},{"floor":13,"key":"Turnip"}],"event_choices":[{"event_name":"Shining Light","player_choice":"Entered Light","floor":4,"damage_taken":0},{"event_name":"Scrap Ooze","player_choice":"success","floor":10,"damage_taken":3}],"is_beta":false,"boss_relics":[],"items_purged_floors":[],"is_endless":false,"potions_floor_spawned":[2],"killed_by":"Slime Boss","ascension_level":7}