{"gold_per_floor":[110,122,122,140,93,93,111,111,136,154,171,205,205,220,220,315,315,333,60,73,73,73,73],"floor_reached":23,"playtime":2353,"items_purged":[],"score":193,"play_id":"5427e9fb-f070-4e9b-b9ce-38d71afd3789","local_time":"20190217004912","is_ascension_mode":false,"campfire_choices":[{"data":"True Grit","floor":6,"key":"SMITH"},{"data":"Clothesline","floor":8,"key":"SMITH"},{"data":"Pommel Strike","floor":13,"key":"SMITH"},{"data":"Uppercut","floor":15,"key":"SMITH"}],"neow_cost":"NONE","seed_source_timestamp":156379467980700,"circlet_count":0,"master_deck":["Strike_R","Strike_R","Strike_R","Strike_R","Defend_R","Defend_R","Defend_R","Defend_R","Bash","Iron Wave","Armaments+1","Iron Wave","True Grit+1","Clothesline+1","Sever Soul","Pommel Strike+1","Uppercut+1","Exhume","Double Tap","Evolve","Armaments","Shrug It Off","Spot Weakness","True Grit","Heavy Blade","Whirlwind","Rage+1"],"relics":["Burning Blood","Orichalcum","Juzu Bracelet","Orrery","Oddly Smooth Stone"],"potions_floor_usage":[16,16,23,23,23],"damage_taken":[{"damage":10,"enemies":"Jaw Worm","floor":1,"turns":4},{"damage":5,"enemies":"Cultist","floor":2,"turns":4},{"damage":2,"enemies":"2 Louse","floor":4,"turns":3},{"damage":0,"enemies":"Blue Slaver","floor":7,"turns":5},{"damage":14,"enemies":"Lots of Slimes","floor":10,"turns":6},{"damage":10,"enemies":"Red Slaver","floor":11,"turns":4},{"damage":9,"enemies":"Gremlin Nob","floor":12,"turns":5},{"damage":5,"enemies":"Looter","floor":14,"turns":4},{"damage":19,"enemies":"The Guardian","floor":16,"turns":14},{"damage":27,"enemies":"Spheric Guardian","floor":18,"turns":7},{"damage":39,"enemies":"3 Byrds","floor":20,"turns":9},{"damage":50,"enemies":"Slavers","floor":23,"turns":4}],"seed_played":"4491993376683652874","potions_obtained":[{"floor":2,"key":"SpeedPotion"},{"floor":4,"key":"Dexterity Potion"},{"floor":7,"key":"Weak Potion"},{"floor":20,"key":"BloodPotion"}],"is_trial":false,"path_per_floor":["M","M","?","M","$","R","M","R","T","M","M","E","R","M","R","B",null,"M","$","M","?","?","E"],"character_chosen":"IRONCLAD","items_purchased":["Clothesline","Oddly Smooth Stone","Whirlwind","Block Potion"],"campfire_rested":0,"item_purchase_floors":[5,19,19,19],"current_hp_per_floor":[76,77,77,80,80,80,80,80,80,72,68,65,65,66,66,53,80,59,59,26,26,26,0],"gold":73,"neow_bonus":"THREE_CARDS","is_prod":false,"is_daily":false,"chose_seed":false,"campfire_upgraded":4,"win_rate":0,"timestamp":1550382552,"path_taken":["M","M","?","M","$","R","M","R","T","M","M","E","R","M","R","BOSS","M","$","M","?","?","E"],"build_version":"2019-01-23","purchased_purges":0,"victory":false,"max_hp_per_floor":[80,80,80,80,80,80,80,80,80,80,80,80,80,80,80,80,80,80,80,80,80,80,80],"card_choices":[{"not_picked":["Rupture","Clash"],"picked":"Iron Wave","floor":0},{"not_picked":["Perfected Strike","Entrench"],"picked":"Armaments","floor":1},{"not_picked":["Havoc","Armaments"],"picked":"Iron Wave","floor":2},{"not_picked":["Intimidate","Flex"],"picked":"True Grit","floor":4},{"not_picked":["Bloodletting","Dropkick"],"picked":"Sever Soul","floor":7},{"not_picked":["Havoc","Sentinel"],"picked":"Pommel Strike","floor":10},{"not_picked":["Wild Strike","Rupture"],"picked":"Uppercut","floor":11},{"not_picked":["Sever Soul","Entrench","Fire Breathing"],"picked":"SKIP","floor":12},{"not_picked":["Iron Wave","Warcry"],"picked":"Exhume","floor":14},{"not_picked":["Berserk","Limit Break"],"picked":"Double Tap","floor":16},{"not_picked":["Thunderclap","Headbutt"],"picked":"Evolve","floor":17},{"not_picked":["Havoc","Anger"],"picked":"Armaments","floor":17},{"not_picked":["Body Slam","Flame Barrier"],"picked":"Shrug It Off","floor":17},{"not_picked":["Iron Wave","Double Tap"],"picked":"Spot Weakness","floor":17},{"not_picked":["Corruption","Perfected Strike"],"picked":"True Grit","floor":17},{"not_picked":["Flex+1","Spot Weakness"],"picked":"Heavy Blade","floor":18},{"not_picked":["Perfected Strike","Searing Blow"],"picked":"Rage+1","floor":20}],"player_experience":197539,"relics_obtained":[{"floor":9,"key":"Orichalcum"},{"floor":12,"key":"Juzu Bracelet"}],"event_choices":[{"damage_healed":0,"gold_gain":0,"player_choice":"Upgraded","damage_taken":0,"max_hp_gain":0,"max_hp_loss":0,"event_name":"Upgrade Shrine","floor":3,"gold_loss":0,"cards_upgraded":["Armaments"]},{"damage_healed":0,"gold_gain":0,"player_choice":"Ignored","damage_taken":0,"max_hp_gain":0,"max_hp_loss":0,"event_name":"Beggar","floor":21,"gold_loss":0},{"cards_removed":["Strike_R"],"damage_healed":0,"gold_gain":0,"player_choice":"Elegance","damage_taken":0,"max_hp_gain":0,"max_hp_loss":0,"event_name":"Back to Basics","floor":22,"gold_loss":0}],"is_beta":false,"boss_relics":[{"not_picked":["Philosopher\u0027s Stone","Coffee Dripper"],"picked":"Orrery"}],"items_purged_floors":[],"is_endless":false,"potions_floor_spawned":[2,4,7,11,20],"killed_by":"Slavers","ascension_level":0}