{"gold_per_floor":[112,37,37,89,107,136,136,147,220,244,66,84,101,117,117,221,271,288,75,85,95,105,105,115,115,138,138,138,158,158,158,158,263,263,274,52,67,67,0,0,0,14,14,14,31,31,41,57,57,57],"floor_reached":50,"playtime":16230,"items_purged":["Defend_G","Strike_G","Strike_G","Strike_G"],"score":471,"play_id":"0239c161-df65-4a6a-9626-f7b9925632be","local_time":"20190216002203","is_ascension_mode":false,"campfire_choices":[{"floor":7.0,"key":"REST"},{"data":"Blade Dance","floor":15.0,"key":"SMITH"},{"data":"Burst","floor":23.0,"key":"SMITH"},{"data":"Accuracy","floor":25.0,"key":"SMITH"},{"data":"Footwork","floor":30.0,"key":"SMITH"},{"floor":32.0,"key":"REST"},{"data":"Malaise","floor":40.0,"key":"SMITH"},{"data":"Neutralize","floor":44.0,"key":"SMITH"},{"floor":49.0,"key":"REST"}],"neow_cost":"NONE","seed_source_timestamp":0,"circlet_count":0,"master_deck":["Defend_G","Defend_G","Defend_G","Defend_G","Strike_G","Strike_G","Survivor","Neutralize+1","Calculated Gamble","Blade Dance+1","Burst+1","Leg Sweep+1","Accuracy+1","Finisher","Dagger Spray","Malaise+1","Infinite Blades","Blade Dance","Footwork+1","Finisher+1","Blade Dance+1","Endless Agony","Envenom","Blur","Secret Weapon","Parasite","PiercingWail"],"special_seed":0,"relics":["Ring of the Serpent","Mummified Hand","Regal Pillow","Vajra","Meat on the Bone","Odd Mushroom","Tiny House","Juzu Bracelet","Enchiridion","Red Mask","Mercury Hourglass"],"potions_floor_usage":[50,50,50],"damage_taken":[{"damage":0.0,"enemies":"Cultist","floor":1.0,"turns":4.0},{"damage":0.0,"enemies":"Jaw Worm","floor":5.0,"turns":5.0},{"damage":48.0,"enemies":"Lagavulin","floor":6.0,"turns":12.0},{"damage":1.0,"enemies":"2 Louse","floor":8.0,"turns":3.0},{"damage":13.0,"enemies":"The Mushroom Lair","floor":10.0,"turns":6.0},{"damage":6.0,"enemies":"Blue Slaver","floor":12.0,"turns":4.0},{"damage":2.0,"enemies":"Exordium Wildlife","floor":13.0,"turns":6.0},{"damage":9.0,"enemies":"Looter","floor":14.0,"turns":4.0},{"damage":10.0,"enemies":"Slime Boss","floor":16.0,"turns":8.0},{"damage":17.0,"enemies":"Spheric Guardian","floor":18.0,"turns":4.0},{"damage":13.0,"enemies":"Shell Parasite","floor":20.0,"turns":8.0},{"damage":9.0,"enemies":"3 Cultists","floor":21.0,"turns":6.0},{"damage":16.0,"enemies":"Snake Plant","floor":22.0,"turns":8.0},{"damage":15.0,"enemies":"Snecko","floor":24.0,"turns":9.0},{"damage":0.0,"enemies":"Colosseum Slavers","floor":28.0,"turns":4.0},{"damage":4.0,"enemies":"Shelled Parasite and Fungi","floor":29.0,"turns":4.0},{"damage":21.0,"enemies":"Automaton","floor":33.0,"turns":8.0},{"damage":7.0,"enemies":"Orb Walker","floor":35.0,"turns":4.0},{"damage":5.0,"enemies":"3 Darklings","floor":37.0,"turns":6.0},{"damage":6.0,"enemies":"Writhing Mass","floor":42.0,"turns":9.0},{"damage":0.0,"enemies":"4 Shapes","floor":45.0,"turns":5.0},{"damage":13.0,"enemies":"Maw","floor":47.0,"turns":7.0},{"damage":7.0,"enemies":"3 Darklings","floor":48.0,"turns":4.0},{"damage":93,"enemies":"Awakened One","floor":50,"turns":17}],"seed_played":"5344299648271464700","potions_obtained":[{"floor":1.0,"key":"GhostInAJar"},{"floor":10.0,"key":"PowerPotion"},{"floor":12.0,"key":"Strength Potion"},{"floor":16.0,"key":"Regen Potion"},{"floor":17.0,"key":"Fruit Juice"},{"floor":20.0,"key":"EssenceOfSteel"},{"floor":22.0,"key":"Explosive Potion"},{"floor":29.0,"key":"Dexterity Potion"},{"floor":33.0,"key":"EntropicBrew"},{"floor":35.0,"key":"EssenceOfSteel"},{"floor":45.0,"key":"GamblersBrew"}],"is_trial":false,"path_per_floor":["M","$","?","T","M","E","R","M","T","?","$","M","M","M","R","B",null,"M","$","M","M","M","R","M","R","T","?","?","M","R","?","R","B",null,"M","$","M","$","?","R","?","M","T","R","M","?","M","M","R","B"],"character_chosen":"THE_SILENT","items_purchased":["Accuracy","Blade Dance","Footwork","Blur"],"campfire_rested":3,"item_purchase_floors":[11,19,19,36],"current_hp_per_floor":[70,70,52,52,52,4,40,39,39,38,38,44,42,45,45,47,75,58,63,65,56,52,52,49,49,49,33,45,41,41,26,66,45,85,78,78,73,73,73,73,73,67,67,67,67,67,54,47,85,0],"gold":57,"neow_bonus":"THREE_CARDS","is_prod":false,"is_daily":false,"chose_seed":false,"campfire_upgraded":6,"win_rate":0,"timestamp":1550244123,"path_taken":["M","?","?","?","M","E","R","M","T","?","$","M","?","M","R","BOSS","M","$","M","M","M","R","M","R","T","?","?","M","R","?","R","BOSS","M","$","M","$","?","R","?","M","T","R","M","?","M","M","R","BOSS"],"build_version":"2019-01-23","purchased_purges":4,"victory":false,"max_hp_per_floor":[70,70,70,70,70,70,70,70,70,70,70,70,70,70,70,70,75,75,80,80,80,80,80,80,80,80,80,80,80,80,85,85,85,85,85,85,85,85,85,85,85,85,85,85,85,85,85,85,85,85],"card_choices":[{"not_picked":["Tactician","Poisoned Stab"],"picked":"Calculated Gamble","floor":1.0},{"not_picked":["Outmaneuver","PiercingWail"],"picked":"Blade Dance","floor":5.0},{"not_picked":["Reflex","Deflect"],"picked":"Burst","floor":6.0},{"not_picked":["Sucker Punch","Crippling Poison","Deflect"],"picked":"SKIP","floor":8.0},{"not_picked":["Underhanded Strike","All Out Attack"],"picked":"Leg Sweep","floor":10.0},{"not_picked":["Deflect","Slice"],"picked":"Finisher","floor":12.0},{"not_picked":["Prepared","Choke","Deflect"],"picked":"SKIP","floor":13.0},{"not_picked":["Riddle With Holes","Masterful Stab"],"picked":"Dagger Spray","floor":14.0},{"not_picked":["Glass Knife","Unload"],"picked":"Malaise","floor":16.0},{"not_picked":["Deadly Poison","Skewer"],"picked":"Infinite Blades","floor":17.0},{"not_picked":["Deadly Poison","Eviscerate","Underhanded Strike"],"picked":"SKIP","floor":18.0},{"not_picked":["Outmaneuver","Crippling Poison"],"picked":"Finisher+1","floor":20.0},{"not_picked":["PiercingWail","Reflex"],"picked":"Blade Dance+1","floor":21.0},{"not_picked":["Tools of the Trade","Flying Knee+1","Eviscerate"],"picked":"SKIP","floor":22.0},{"not_picked":["Deadly Poison","Backflip"],"picked":"Endless Agony","floor":24.0},{"not_picked":["Bane+1","Die Die Die","Poisoned Stab+1"],"picked":"SKIP","floor":29.0},{"not_picked":["Unload","Corpse Explosion"],"picked":"Envenom","floor":33.0},{"not_picked":["Sucker Punch","Riddle With Holes"],"picked":"Dagger Spray+1","floor":35.0},{"not_picked":["Dodge and Roll+1","Bouncing Flask","Dagger Spray+1"],"picked":"SKIP","floor":37.0},{"not_picked":["Jack Of All Trades","Panacea"],"picked":"Secret Weapon","floor":41.0},{"not_picked":["Slice","Predator","Backflip"],"picked":"SKIP","floor":42.0},{"not_picked":["Reflex+1","Bane","Deadly Poison+1"],"picked":"SKIP","floor":45.0},{"not_picked":["Underhanded Strike+1","Blade Dance"],"picked":"PiercingWail","floor":47.0},{"not_picked":["Underhanded Strike","Distraction","Phantasmal Killer"],"picked":"SKIP","floor":48.0}],"player_experience":132506,"relics_obtained":[{"floor":4.0,"key":"Regal Pillow"},{"floor":6.0,"key":"Vajra"},{"floor":9.0,"key":"Meat on the Bone"},{"floor":10.0,"key":"Odd Mushroom"},{"floor":26.0,"key":"Juzu Bracelet"},{"floor":27.0,"key":"Enchiridion"},{"floor":43.0,"key":"Mercury Hourglass"}],"event_choices":[{"damage_healed":0.0,"max_hp_gain":0.0,"max_hp_loss":0.0,"gold_gain":0.0,"event_name":"Scrap Ooze","player_choice":"Success","floor":3.0,"gold_loss":0.0,"damage_taken":18.0,"relics_obtained":["Mummified Hand"]},{"damage_healed":0.0,"max_hp_gain":0.0,"max_hp_loss":0.0,"gold_gain":0.0,"event_name":"Mushrooms","player_choice":"Fought Mushrooms","floor":10.0,"gold_loss":0.0,"damage_taken":0.0},{"damage_healed":0.0,"max_hp_gain":0.0,"max_hp_loss":0.0,"gold_gain":0.0,"event_name":"Cursed Tome","player_choice":"Obtained Book","floor":27.0,"gold_loss":0.0,"damage_taken":16.0},{"damage_healed":0.0,"max_hp_gain":0.0,"max_hp_loss":0.0,"gold_gain":0.0,"event_name":"Colosseum","player_choice":"Fight","floor":28.0,"gold_loss":0.0,"damage_taken":0.0},{"damage_healed":0.0,"max_hp_gain":0.0,"max_hp_loss":0.0,"gold_gain":0.0,"event_name":"Colosseum","player_choice":"Fled From Nobs","floor":28.0,"gold_loss":0.0,"damage_taken":0.0},{"damage_healed":0.0,"max_hp_gain":5.0,"max_hp_loss":0.0,"gold_gain":0.0,"event_name":"Forgotten Altar","player_choice":"Shed Blood","floor":31.0,"gold_loss":0.0,"damage_taken":20.0},{"damage_healed":0.0,"max_hp_gain":0.0,"max_hp_loss":0.0,"gold_gain":0.0,"event_name":"Tomb of Lord Red Mask","player_choice":"Paid","floor":39.0,"gold_loss":67.0,"damage_taken":0.0,"relics_obtained":["Red Mask"]},{"damage_healed":0.0,"max_hp_gain":0.0,"max_hp_loss":0.0,"gold_gain":0.0,"event_name":"SensoryStone","player_choice":"Memory 1","floor":41.0,"gold_loss":0.0,"damage_taken":0.0},{"cards_removed":["Dagger Spray"],"damage_healed":0.0,"max_hp_gain":0.0,"max_hp_loss":0.0,"gold_gain":0.0,"event_name":"Falling","player_choice":"Removed Attack","floor":46.0,"gold_loss":0.0,"damage_taken":0.0}],"is_beta":false,"boss_relics":[{"not_picked":["Coffee Dripper","White Beast Statue"],"picked":"Tiny House"},{"not_picked":["Astrolabe","Philosopher\u0027s Stone"],"picked":"Ring of the Serpent"}],"items_purged_floors":[2,11,19,36],"is_endless":false,"potions_floor_spawned":[1,10,12,16,20,22,29,33,35,45],"killed_by":"Awakened One","ascension_level":0}