{"gold_per_floor":[114,128,143,156,156,187,203,69,69,80,80,8,19,52,52,127,127,137,149,149,89,102,102,127,127,127,143,156,156,181,181,181,255,255,272,290,290,89,106,139,139,169,169,169,169],"floor_reached":45,"playtime":5278,"items_purged":["Strike_R+1"],"score":1060,"play_id":"74cb06d4-a980-4864-a3a4-2251ebd820c6","local_time":"20190104000945","is_ascension_mode":true,"campfire_choices":[{"data":"Whirlwind","floor":11.0,"key":"SMITH"},{"data":"Limit Break","floor":15.0,"key":"SMITH"},{"data":"Corruption","floor":23.0,"key":"SMITH"},{"data":"Shockwave","floor":25.0,"key":"SMITH"},{"data":"Spot Weakness","floor":29.0,"key":"SMITH"},{"data":"Intimidate","floor":32.0,"key":"SMITH"},{"data":"True Grit","floor":41.0,"key":"SMITH"}],"neow_cost":"PERCENT_DAMAGE","seed_source_timestamp":180250026109893,"circlet_count":0,"master_deck":["AscendersBane","Defend_R+1","Defend_R+1","Defend_R+1","Defend_R+1","Reaper","Whirlwind+1","Shrug It Off","Armaments","True Grit+1","Spot Weakness+1","Shockwave+1","Shrug It Off","Limit Break+1","Impervious","Thunderclap+1","Limit Break+1","Juggernaut+1","Corruption+1","Headbutt","Entrench+1","Intimidate+1","Inflame+1","Fiend Fire","Corruption+1","Heavy Blade","Spot Weakness+1","Burning Pact"],"special_seed":0,"relics":["Burning Blood","The Courier","PreservedInsect","Question Card","Bottled Flame","Astrolabe","Red Mask","Red Skull","Empty Cage","Brimstone","Boot","Anchor"],"potions_floor_usage":[],"damage_taken":[{"damage":8.0,"enemies":"2 Louse","floor":1.0,"turns":3.0},{"damage":2.0,"enemies":"Cultist","floor":2.0,"turns":4.0},{"damage":7.0,"enemies":"Jaw Worm","floor":3.0,"turns":4.0},{"damage":12.0,"enemies":"Exordium Wildlife","floor":4.0,"turns":2.0},{"damage":8.0,"enemies":"Gremlin Nob","floor":6.0,"turns":3.0},{"damage":16.0,"enemies":"2 Fungi Beasts","floor":7.0,"turns":3.0},{"damage":10.0,"enemies":"Red Slaver","floor":10.0,"turns":5.0},{"damage":16.0,"enemies":"Exordium Wildlife","floor":13.0,"turns":3.0},{"damage":17.0,"enemies":"Lagavulin","floor":14.0,"turns":7.0},{"damage":17.0,"enemies":"Hexaghost","floor":16.0,"turns":7.0},{"damage":31.0,"enemies":"Chosen","floor":18.0,"turns":7.0},{"damage":26.0,"enemies":"3 Byrds","floor":19.0,"turns":5.0},{"damage":27.0,"enemies":"Sentry and Sphere","floor":22.0,"turns":7.0},{"damage":0.0,"enemies":"Masked Bandits","floor":24.0,"turns":4.0},{"damage":17.0,"enemies":"Centurion and Healer","floor":27.0,"turns":7.0},{"damage":0.0,"enemies":"3 Cultists","floor":28.0,"turns":5.0},{"damage":49.0,"enemies":"Slavers","floor":30.0,"turns":6.0},{"damage":18.0,"enemies":"Collector","floor":33.0,"turns":7.0},{"damage":0.0,"enemies":"Orb Walker","floor":35.0,"turns":4.0},{"damage":68.0,"enemies":"3 Darklings","floor":36.0,"turns":6.0},{"damage":36.0,"enemies":"Sphere and 2 Shapes","floor":39.0,"turns":5.0},{"damage":44.0,"enemies":"Reptomancer","floor":40.0,"turns":5.0},{"damage":54.0,"enemies":"Giant Head","floor":42.0,"turns":6.0},{"damage":29,"enemies":"Nemesis","floor":45,"turns":4}],"seed_played":"3298072381489780652","potions_obtained":[{"floor":1.0,"key":"SteroidPotion"},{"floor":4.0,"key":"SteroidPotion"},{"floor":6.0,"key":"Fire Potion"},{"floor":16.0,"key":"SteroidPotion"},{"floor":22.0,"key":"Poison Potion"},{"floor":27.0,"key":"Block Potion"},{"floor":30.0,"key":"EssenceOfSteel"},{"floor":35.0,"key":"LiquidBronze"},{"floor":42.0,"key":"Fruit Juice"}],"is_trial":false,"path_per_floor":["M","M","M","M","?","E","M","$","T","M","R","$","M","E","R","B",null,"M","M","?","$","M","R","?","R","T","M","M","R","E","?","R","B",null,"M","M","?","$","M","E","R","E","T","?","E"],"character_chosen":"IRONCLAD","items_purchased":["PreservedInsect","Shockwave","Shrug It Off","Brimstone","Heavy Blade"],"campfire_rested":0,"item_purchase_floors":[8,12,12,38,38],"current_hp_per_floor":[56,64,63,57,57,55,45,45,45,45,45,45,43,32,32,51,69,56,60,60,60,39,39,45,45,45,75,75,75,32,32,32,52,69,75,75,75,75,65,72,72,29,29,29,0],"gold":169,"neow_bonus":"THREE_RARE_CARDS","is_prod":false,"is_daily":false,"chose_seed":false,"campfire_upgraded":7,"win_rate":0,"timestamp":1546531785,"path_taken":["M","M","M","M","?","E","M","?","T","?","R","$","M","E","R","BOSS","M","M","?","$","M","R","?","R","T","M","M","R","E","?","R","BOSS","M","M","?","$","?","E","R","E","T","?","E"],"build_version":"2019-01-02","purchased_purges":1,"victory":false,"max_hp_per_floor":[75,75,75,75,75,75,75,75,75,75,75,75,75,75,75,75,75,75,75,75,75,75,75,75,75,75,75,75,75,75,75,75,75,75,75,75,75,75,75,75,75,80,80,80,80],"card_choices":[{"not_picked":["Limit Break","Exhume"],"picked":"Reaper","floor":0.0},{"not_picked":["Rage","Havoc"],"picked":"Whirlwind","floor":1.0},{"not_picked":["Warcry","Bloodletting"],"picked":"Shrug It Off","floor":2.0},{"not_picked":["Bloodletting","Sword Boomerang"],"picked":"Anger","floor":3.0},{"not_picked":["Body Slam","Thunderclap"],"picked":"Armaments","floor":4.0},{"not_picked":["Thunderclap","Pommel Strike","Headbutt"],"picked":"SKIP","floor":6.0},{"not_picked":["Fire Breathing","Searing Blow"],"picked":"True Grit","floor":7.0},{"not_picked":["Flex","Thunderclap","Warcry"],"picked":"Spot Weakness","floor":10.0},{"not_picked":["Havoc","Rage","Heavy Blade","Sentinel"],"picked":"SKIP","floor":13.0},{"not_picked":["Pommel Strike","Twin Strike","Perfected Strike"],"picked":"Limit Break","floor":14.0},{"not_picked":["Feed","Fiend Fire","Double Tap"],"picked":"Impervious","floor":16.0},{"not_picked":["Carnage","Wild Strike","Thunderclap+1"],"picked":"Corruption","floor":18.0},{"not_picked":["Reckless Charge","Uppercut","Metallicize"],"picked":"Headbutt","floor":19.0},{"not_picked":["Cleave+1","Sword Boomerang","Wild Strike","Headbutt"],"picked":"SKIP","floor":22.0},{"not_picked":["Power Through","Twin Strike","Perfected Strike"],"picked":"Entrench+1","floor":24.0},{"not_picked":["Warcry","Blood for Blood","Armaments"],"picked":"Intimidate","floor":27.0},{"not_picked":["Shockwave","Clothesline","Sever Soul","Cleave"],"picked":"SKIP","floor":28.0},{"not_picked":["Dark Embrace","Seeing Red","Clash"],"picked":"Inflame+1","floor":30.0},{"not_picked":["Juggernaut","Immolate","Brutality"],"picked":"Fiend Fire","floor":33.0},{"not_picked":["Havoc","Wild Strike+1","Clothesline","Perfected Strike"],"picked":"SKIP","floor":35.0},{"not_picked":["Thunderclap","Twin Strike","Wild Strike","Cleave+1"],"picked":"SKIP","floor":36.0},{"not_picked":["Heavy Blade","Intimidate","Havoc"],"picked":"Spot Weakness+1","floor":39.0},{"not_picked":["Heavy Blade","Wild Strike","Body Slam+1","Sword Boomerang"],"picked":"SKIP","floor":40.0},{"not_picked":["Cleave","Wild Strike","Havoc"],"picked":"Burning Pact","floor":42.0}],"player_experience":1318596,"relics_obtained":[{"floor":6.0,"key":"The Courier"},{"floor":9.0,"key":"Question Card"},{"floor":14.0,"key":"Bottled Flame"},{"floor":24.0,"key":"Red Mask"},{"floor":26.0,"key":"Red Skull"},{"floor":40.0,"key":"Boot"},{"floor":42.0,"key":"Anchor"}],"event_choices":[{"cards_removed":["Strike_R"],"damage_healed":0.0,"max_hp_gain":0.0,"max_hp_loss":0.0,"gold_gain":0.0,"event_name":"Purifier","player_choice":"Purged","floor":5.0,"gold_loss":0.0,"damage_taken":0.0},{"damage_healed":0.0,"max_hp_gain":0.0,"max_hp_loss":0.0,"gold_gain":0.0,"event_name":"Back to Basics","player_choice":"Simplicity","floor":20.0,"gold_loss":0.0,"damage_taken":0.0,"cards_upgraded":["Strike_R","Defend_R","Defend_R","Defend_R","Defend_R"]},{"damage_healed":0.0,"max_hp_gain":0.0,"max_hp_loss":0.0,"gold_gain":0.0,"event_name":"Masked Bandits","player_choice":"Fought Bandits","floor":24.0,"gold_loss":0.0,"damage_taken":0.0},{"damage_healed":0.0,"max_hp_gain":0.0,"max_hp_loss":0.0,"gold_gain":0.0,"event_name":"Duplicator","player_choice":"Copied","floor":37.0,"gold_loss":0.0,"damage_taken":0.0,"cards_obtained":["Corruption"]},{"damage_healed":0.0,"max_hp_gain":0.0,"max_hp_loss":0.0,"gold_gain":0.0,"event_name":"Match and Keep!","player_choice":"0 cards matched","floor":44.0,"gold_loss":0.0,"damage_taken":0.0,"cards_obtained":[]}],"is_beta":true,"boss_relics":[{"not_picked":["Runic Cube","Philosopher\u0027s Stone"],"picked":"Astrolabe"},{"not_picked":["Pandora\u0027s Box","Black Blood"],"picked":"Empty Cage"}],"items_purged_floors":[21],"is_endless":false,"potions_floor_spawned":[1,4,6,16,22,27,30,35,42],"killed_by":"Nemesis","ascension_level":20}