{"gold_per_floor":[115,115,135,153,169,169,169,169,169,189,205,130,130,148,148,253,253,272,14,31,31,41,41,41,241,290,308,308,321,341,354,354,450,450,470,487,587,243,243,243,243],"floor_reached":41,"playtime":4608,"items_purged":["Strike_R","Twin Strike"],"score":412,"play_id":"1b6e451d-f880-456f-89e4-3cf633f61226","local_time":"20190127025254","is_ascension_mode":false,"campfire_choices":[{"data":"Heavy Blade","floor":6,"key":"SMITH"},{"data":"Cleave","floor":8,"key":"SMITH"},{"data":"Demon Form","floor":13,"key":"SMITH"},{"floor":15,"key":"REST"},{"data":"Rage","floor":23,"key":"SMITH"},{"data":"Iron Wave","floor":28,"key":"SMITH"},{"floor":32,"key":"REST"},{"data":"Limit Break","floor":40,"key":"SMITH"}],"neow_cost":"PERCENT_DAMAGE","seed_source_timestamp":26527024826500,"circlet_count":0,"master_deck":["Defend_R","Defend_R","Defend_R","Defend_R","Heavy Blade+1","Demon Form+1","Cleave+1","Flex","Cleave","Heavy Blade","Barricade+1","Rage+1","Iron Wave+1","Ghostly Armor","Metallicize+1","Body Slam","Limit Break+1"],"relics":["Burning Blood","Frozen Egg 2","Velvet Choker","Self Forming Clay","Blood Vial","Empty Cage","Gambling Chip","Pantograph"],"potions_floor_usage":[5,10,11,18,22,29,31,33,35,37],"damage_taken":[{"damage":2,"enemies":"Small Slimes","floor":1,"turns":4},{"damage":1,"enemies":"2 Louse","floor":3,"turns":2},{"damage":1,"enemies":"Cultist","floor":4,"turns":4},{"damage":0,"enemies":"Lots of Slimes","floor":5,"turns":2},{"damage":17,"enemies":"Large Slime","floor":10,"turns":5},{"damage":10,"enemies":"Looter","floor":11,"turns":2},{"damage":4,"enemies":"3 Louse","floor":14,"turns":2},{"damage":49,"enemies":"The Guardian","floor":16,"turns":7},{"damage":10,"enemies":"Spheric Guardian","floor":18,"turns":4},{"damage":14,"enemies":"Shell Parasite","floor":20,"turns":5},{"damage":0,"enemies":"Cultist and Chosen","floor":22,"turns":6},{"damage":7,"enemies":"Snake Plant","floor":27,"turns":5},{"damage":20,"enemies":"Sentry and Sphere","floor":29,"turns":7},{"damage":6,"enemies":"Centurion and Healer","floor":30,"turns":7},{"damage":21,"enemies":"Cultist and Chosen","floor":31,"turns":7},{"damage":21,"enemies":"Automaton","floor":33,"turns":9},{"damage":0,"enemies":"3 Shapes","floor":35,"turns":6},{"damage":28,"enemies":"3 Darklings","floor":36,"turns":5},{"damage":18,"enemies":"Mind Bloom Boss Battle","floor":37,"turns":6},{"damage":80,"enemies":"Transient","floor":41,"turns":5}],"seed_played":"5598077379984005062","potions_obtained":[{"floor":4,"key":"SkillPotion"},{"floor":5,"key":"Explosive Potion"},{"floor":10,"key":"Explosive Potion"},{"floor":14,"key":"Dexterity Potion"},{"floor":18,"key":"Strength Potion"},{"floor":27,"key":"Swift Potion"},{"floor":29,"key":"LiquidBronze"},{"floor":31,"key":"Regen Potion"},{"floor":33,"key":"SkillPotion"},{"floor":36,"key":"GamblersBrew"}],"is_trial":false,"path_per_floor":["M","?","M","M","M","R","?","R","T","M","M","$","R","M","R","B",null,"M","$","M","?","M","R","?","?","T","M","R","M","M","M","R","B",null,"M","M","?","$","?","R","M"],"character_chosen":"IRONCLAD","items_purchased":["Self Forming Clay","Pantograph"],"campfire_rested":2,"item_purchase_floors":[19,38],"current_hp_per_floor":[60,53,58,63,69,69,69,69,69,58,54,54,54,56,80,37,80,76,76,68,68,74,74,59,59,59,60,60,48,50,37,62,64,85,85,63,53,53,53,53,0],"gold":243,"neow_bonus":"TRANSFORM_TWO_CARDS","is_prod":false,"is_daily":false,"chose_seed":false,"campfire_upgraded":6,"win_rate":0,"timestamp":1548575574,"path_taken":["M","?","M","M","M","R","?","R","T","M","?","$","R","?","R","BOSS","M","$","M","?","M","R","?","?","T","M","R","M","M","M","R","BOSS","M","?","?","$","?","R","M"],"build_version":"2019-01-23","purchased_purges":2,"victory":false,"max_hp_per_floor":[80,80,80,80,80,80,80,80,80,80,80,80,80,80,80,80,80,80,80,80,80,80,80,85,85,85,85,85,85,85,85,85,85,85,85,85,85,85,85,85,85],"card_choices":[{"not_picked":["Clothesline","Infernal Blade"],"picked":"Cleave","floor":1},{"not_picked":["Pummel","Feel No Pain"],"picked":"Flex","floor":3},{"not_picked":["Havoc","Fire Breathing"],"picked":"Cleave","floor":4},{"not_picked":["Iron Wave","Reckless Charge","Fire Breathing"],"picked":"SKIP","floor":5},{"not_picked":["Uppercut","Sever Soul"],"picked":"Twin Strike","floor":10},{"not_picked":["Havoc","Searing Blow"],"picked":"Heavy Blade","floor":11},{"not_picked":["Thunderclap","Sentinel","Clash"],"picked":"SKIP","floor":14},{"not_picked":["Double Tap","Berserk+1"],"picked":"Barricade+1","floor":16},{"not_picked":["Iron Wave+1","Pommel Strike"],"picked":"Rage","floor":18},{"not_picked":["Cleave","Sword Boomerang"],"picked":"Iron Wave","floor":20},{"not_picked":["Uppercut","True Grit","Corruption+1"],"picked":"SKIP","floor":22},{"not_picked":["Feed","Shrug It Off","Havoc"],"picked":"SKIP","floor":27},{"not_picked":["Clothesline+1","Twin Strike","Anger"],"picked":"SKIP","floor":29},{"not_picked":["Wild Strike","Battle Trance"],"picked":"Metallicize+1","floor":30},{"not_picked":["Searing Blow","Burning Pact+1"],"picked":"Body Slam","floor":31},{"not_picked":["Demon Form+1","Brutality+1"],"picked":"Limit Break","floor":33},{"not_picked":["Iron Wave+1","Wild Strike","Anger"],"picked":"SKIP","floor":35},{"not_picked":["Iron Wave+1","Perfected Strike+1","Armaments"],"picked":"SKIP","floor":36}],"player_experience":89337,"relics_obtained":[{"floor":9,"key":"Frozen Egg 2"},{"floor":26,"key":"Blood Vial"},{"floor":37,"key":"Gambling Chip"}],"event_choices":[{"cards_removed":["Strike_R"],"damage_healed":0,"gold_gain":0,"player_choice":"Card Removal","damage_taken":7,"max_hp_gain":0,"max_hp_loss":0,"event_name":"Golden Wing","floor":2,"gold_loss":0},{"damage_healed":0,"gold_gain":0,"player_choice":"Ignored","damage_taken":0,"max_hp_gain":0,"max_hp_loss":0,"event_name":"NoteForYourself","floor":7,"gold_loss":0},{"damage_healed":0,"gold_gain":0,"player_choice":"Read","damage_taken":0,"max_hp_gain":0,"max_hp_loss":0,"event_name":"The Library","floor":21,"gold_loss":0,"cards_obtained":["Ghostly Armor"]},{"damage_healed":0,"gold_gain":0,"player_choice":"Shed Blood","damage_taken":20,"max_hp_gain":5,"max_hp_loss":0,"event_name":"Forgotten Altar","floor":24,"gold_loss":0},{"damage_healed":0,"gold_gain":200,"player_choice":"Gold","damage_taken":0,"max_hp_gain":0,"max_hp_loss":0,"event_name":"Wheel of Change","floor":25,"gold_loss":0},{"damage_healed":0,"gold_gain":0,"player_choice":"Fight","damage_taken":0,"max_hp_gain":0,"max_hp_loss":0,"event_name":"MindBloom","floor":37,"gold_loss":0},{"damage_healed":0,"gold_gain":0,"player_choice":"Memory 1","damage_taken":0,"max_hp_gain":0,"max_hp_loss":0,"event_name":"SensoryStone","floor":39,"gold_loss":0}],"is_beta":false,"boss_relics":[{"not_picked":["Snecko Eye","Runic Dome"],"picked":"Velvet Choker"},{"not_picked":["Busted Crown","Lizard Tail"],"picked":"Empty Cage"}],"items_purged_floors":[12,38],"is_endless":false,"potions_floor_spawned":[4,5,10,14,18,27,29,31,33,36],"killed_by":"Transient","ascension_level":0}