{"path_per_floor":["M","$","M","M","$","E","M","E","T","M","M","E","M","M","R","B",null,"M","?","$","M","M","E","R","?","T","R","M","M"],"character_chosen":"IRONCLAD","items_purchased":["Corruption","Burning Pact","True Grit","AttackPotion","Dexterity Potion","Gremlin Horn","Twin Strike","Dramatic Entrance"],"gold_per_floor":[360,127,146,165,68,93,108,141,192,212,222,254,270,286,286,381,381,397,397,34,47,59,91,91,91,144,144,160,177,177],"floor_reached":30,"campfire_rested":1,"playtime":7060,"item_purchase_floors":[],"current_hp_per_floor":[77,77,80,74,74,75,57,63,63,70,78,63,71,73,73,68,77,80,80,80,65,71,35,59,59,59,59,45,31,5],"items_purged":["Injury"],"gold":177,"score":416,"play_id":"6b03f59b-c100-4365-8cb1-b99ab0ed81b4","local_time":"20180530223107","is_prod":false,"is_daily":false,"chose_seed":false,"is_ascension_mode":true,"campfire_upgraded":2,"win_rate":0,"timestamp":1527712267,"campfire_choices":[{"data":"Corruption","floor":15.0,"key":"SMITH"},{"floor":24.0,"key":"REST"},{"data":"Bite","floor":27,"key":"SMITH"}],"path_taken":["M","$","M","?","$","E","M","E","T","M","M","E","M","M","R","BOSS","M","?","$","M","M","E","R","?","T","R","M","M","M"],"build_version":"2018-05-24","seed_source_timestamp":555901819433031,"purchased_purges":1,"victory":false,"master_deck":["Defend_R","Defend_R","Defend_R","Defend_R","Bash","Feel No Pain","Corruption+1","Burning Pact","True Grit","Sever Soul","Seeing Red","Armaments","Rampage","Shrug It Off","Flex","Havoc","Inflame","Double Tap","Flame Barrier","Limit Break","Havoc+1","Twin Strike+1","Dramatic Entrance+1","Warcry","Flex","Shrug It Off","Bite+1","Bite","Bite","Bite","Bite","Burning Pact+1","Body Slam+1"],"max_hp_per_floor":[80,80,80,80,80,80,80,80,80,80,80,80,80,80,80,80,80,80,80,80,80,80,80,80,80,80,80,80,80,80],"relics":["Burning Blood","Toolbox","Pantograph","Potion Belt","Lizard Tail","Gremlin Horn","Oddly Smooth Stone","Whetstone"],"card_choices":[{"not_picked":["Clothesline","Havoc"],"picked":"Feel No Pain","floor":1.0},{"not_picked":["Iron Wave","Burning Pact"],"picked":"Sever Soul","floor":3.0},{"not_picked":["Body Slam","Reckless Charge"],"picked":"Seeing Red","floor":4.0},{"not_picked":["Berserk","Intimidate"],"picked":"Armaments","floor":6.0},{"not_picked":["Havoc","Corruption"],"picked":"Rampage","floor":7.0},{"not_picked":["Iron Wave","Wild Strike"],"picked":"Shrug It Off","floor":8.0},{"not_picked":["Anger","Heavy Blade"],"picked":"Flex","floor":10.0},{"not_picked":["Hemokinesis","Reckless Charge"],"picked":"Havoc","floor":11.0},{"not_picked":["Dropkick","Cleave"],"picked":"Inflame","floor":12.0},{"not_picked":["Clash","Perfected Strike"],"picked":"Double Tap","floor":13.0},{"not_picked":["Intimidate","Havoc"],"picked":"Flame Barrier","floor":14.0},{"not_picked":["Berserk","Barricade"],"picked":"Limit Break","floor":16.0},{"not_picked":["Warcry","Perfected Strike"],"picked":"Havoc+1","floor":18.0},{"not_picked":["Uppercut","Anger+1"],"picked":"Warcry","floor":21.0},{"not_picked":["Perfected Strike","Bloodletting"],"picked":"Flex","floor":22.0},{"not_picked":["Warcry","Rupture+1"],"picked":"Shrug It Off","floor":23.0},{"not_picked":["Power Through","Thunderclap+1"],"picked":"Burning Pact+1","floor":28},{"not_picked":["Seeing Red","Twin Strike"],"picked":"Body Slam+1","floor":29}],"player_experience":529736,"potions_floor_usage":[],"damage_taken":[{"damage":1.0,"enemies":"Cultist","floor":1.0,"turns":3.0},{"damage":1.0,"enemies":"Small Slimes","floor":3.0,"turns":4.0},{"damage":12.0,"enemies":"Jaw Worm","floor":4.0,"turns":2.0},{"damage":5.0,"enemies":"3 Sentries","floor":6.0,"turns":7.0},{"damage":24.0,"enemies":"Large Slime","floor":7.0,"turns":7.0},{"damage":0.0,"enemies":"Gremlin Nob","floor":8.0,"turns":2.0},{"damage":5.0,"enemies":"3 Louse","floor":10.0,"turns":5.0},{"damage":0.0,"enemies":"Looter","floor":11.0,"turns":4.0},{"damage":23.0,"enemies":"Lagavulin","floor":12.0,"turns":9.0},{"damage":0.0,"enemies":"Large Slime","floor":13.0,"turns":5.0},{"damage":6.0,"enemies":"2 Fungi Beasts","floor":14.0,"turns":4.0},{"damage":18.0,"enemies":"Hexaghost","floor":16.0,"turns":8.0},{"damage":3.0,"enemies":"3 Byrds","floor":18.0,"turns":5.0},{"damage":21.0,"enemies":"Spheric Guardian","floor":21.0,"turns":5.0},{"damage":2.0,"enemies":"Centurion and Healer","floor":22.0,"turns":9.0},{"damage":44.0,"enemies":"Gremlin Leader","floor":23.0,"turns":8.0},{"damage":39,"enemies":"Sentry and Sphere","floor":28,"turns":9},{"damage":32,"enemies":"Snake Plant","floor":29,"turns":6},{"damage":37,"enemies":"Cultist and Chosen","floor":30,"turns":8}],"relics_obtained":[{"floor":6.0,"key":"Toolbox"},{"floor":8.0,"key":"Pantograph"},{"floor":9.0,"key":"Blood Vial"},{"floor":12.0,"key":"Potion Belt"},{"floor":23.0,"key":"Oddly Smooth Stone"},{"floor":26,"key":"Whetstone"}],"event_choices":[{"event_name":"Purifier","player_choice":"One Purge","floor":19.0,"damage_taken":0.0},{"event_name":"Vampires","player_choice":"Became a vampire (Vial)","floor":25,"damage_taken":0}],"boss_relics":[],"items_purged_floors":[],"potions_floor_spawned":[3,4,6,7,13,14,16,21,22,28],"seed_played":"3323079669408748073","killed_by":"Cultist and Chosen","ascension_level":6,"potions_obtained":[{"floor":3.0,"key":"FearPotion"},{"floor":4.0,"key":"GamblersBrew"},{"floor":6.0,"key":"EntropicBrew"},{"floor":7.0,"key":"AttackPotion"},{"floor":13.0,"key":"AttackPotion"},{"floor":14.0,"key":"LiquidBronze"},{"floor":21.0,"key":"LiquidBronze"},{"floor":22.0,"key":"Weak Potion"},{"floor":28,"key":"Block Potion"}],"is_trial":false}