{"gold_per_floor":[109,126,146,163,179,210,210,237,237,265,215,215,225,15,15,87,87,97,107,107,118,118,151,169,198,198,198,212,212,229,262,262,341,341,354,364,364,412,34,64,286,286,286,321,335,352,352,367,367,367,367,367,367,157,185,185],"floor_reached":56,"playtime":2923,"items_purged":["Strike_R","Strike_R","Combust"],"score":2038,"play_id":"7a4ddbfa-0e32-442c-8a71-2aebe8acdf60","local_time":"20190103180517","is_ascension_mode":true,"campfire_choices":[{"data":"Uppercut","floor":7.0,"key":"SMITH"},{"floor":15.0,"key":"REST"},{"data":"Corruption","floor":27.0,"key":"SMITH"},{"data":"Whirlwind","floor":29.0,"key":"SMITH"},{"data":"Heavy Blade","floor":32.0,"key":"SMITH"},{"floor":42.0,"key":"RECALL"},{"data":"Shockwave","floor":49.0,"key":"SMITH"},{"data":"Flame Barrier","floor":53.0,"key":"SMITH"}],"neow_cost":"PERCENT_DAMAGE","seed_source_timestamp":161219129987908,"circlet_count":0,"master_deck":["AscendersBane","Strike_R+1","Defend_R","Defend_R","Defend_R","Defend_R+1","Bash","Carnage","Infernal Blade","Iron Wave","Clothesline","Armaments","Uppercut+1","Limit Break+1","Whirlwind+1","Shrug It Off","Corruption+1","Limit Break","Heavy Blade+1","Pummel","Necronomicurse","Intimidate+1","Flame Barrier+1","Impervious","Battle Trance","Pommel Strike+1","Shockwave+1","True Grit+1","Flex+1","Battle Trance"],"special_seed":0,"relics":["Burning Blood","Pear","Happy Flower","PreservedInsect","Smiling Mask","Brimstone","Sozu","Necronomicon","MutagenicStrength","Self Forming Clay","Red Mask","FossilizedHelix","Frozen Egg 2","Runic Pyramid","Ginger","Incense Burner","Bag of Marbles","Mercury Hourglass","Prayer Wheel","War Paint","Paper Frog"],"potions_floor_usage":[56],"damage_taken":[{"damage":4.0,"enemies":"Jaw Worm","floor":1.0,"turns":3.0},{"damage":4.0,"enemies":"Small Slimes","floor":2.0,"turns":3.0},{"damage":0.0,"enemies":"2 Louse","floor":3.0,"turns":1.0},{"damage":1.0,"enemies":"2 Fungi Beasts","floor":4.0,"turns":3.0},{"damage":6.0,"enemies":"Red Slaver","floor":5.0,"turns":3.0},{"damage":18.0,"enemies":"Lagavulin","floor":6.0,"turns":6.0},{"damage":35.0,"enemies":"3 Sentries","floor":8.0,"turns":6.0},{"damage":5.0,"enemies":"Lagavulin","floor":10.0,"turns":4.0},{"damage":4.0,"enemies":"3 Louse","floor":13.0,"turns":3.0},{"damage":37.0,"enemies":"Hexaghost","floor":16.0,"turns":5.0},{"damage":0.0,"enemies":"Chosen","floor":18.0,"turns":2.0},{"damage":8.0,"enemies":"Spheric Guardian","floor":19.0,"turns":3.0},{"damage":0.0,"enemies":"Cultist and Chosen","floor":21.0,"turns":3.0},{"damage":8.0,"enemies":"Book of Stabbing","floor":23.0,"turns":2.0},{"damage":0.0,"enemies":"Shelled Parasite and Fungi","floor":24.0,"turns":1.0},{"damage":1.0,"enemies":"Masked Bandits","floor":25.0,"turns":2.0},{"damage":0.0,"enemies":"Snecko","floor":28.0,"turns":3.0},{"damage":12.0,"enemies":"Snake Plant","floor":30.0,"turns":2.0},{"damage":5.0,"enemies":"Gremlin Leader","floor":31.0,"turns":3.0},{"damage":37.0,"enemies":"Automaton","floor":33.0,"turns":5.0},{"damage":9.0,"enemies":"3 Darklings","floor":35.0,"turns":4.0},{"damage":0.0,"enemies":"Orb Walker","floor":36.0,"turns":2.0},{"damage":15.0,"enemies":"2 Orb Walkers","floor":38.0,"turns":3.0},{"damage":0.0,"enemies":"Giant Head","floor":40.0,"turns":3.0},{"damage":0.0,"enemies":"Nemesis","floor":44.0,"turns":3.0},{"damage":0.0,"enemies":"Maw","floor":45.0,"turns":4.0},{"damage":0.0,"enemies":"Sphere and 2 Shapes","floor":46.0,"turns":3.0},{"damage":0.0,"enemies":"Writhing Mass","floor":48.0,"turns":3.0},{"damage":4.0,"enemies":"Awakened One","floor":50.0,"turns":5.0},{"damage":13.0,"enemies":"Time Eater","floor":51.0,"turns":3.0},{"damage":47.0,"enemies":"Shield and Spear","floor":55.0,"turns":4.0},{"damage":76,"enemies":"The Heart","floor":56,"turns":5}],"seed_played":"2947762009453316942","potions_obtained":[{"floor":3.0,"key":"Dexterity Potion"},{"floor":5.0,"key":"SkillPotion"},{"floor":6.0,"key":"AttackPotion"},{"floor":13.0,"key":"BloodPotion"},{"floor":16.0,"key":"Poison Potion"}],"is_trial":false,"path_per_floor":["M","M","M","M","M","E","R","E","T","E","$","?","M","$","R","B",null,"M","M","?","M","?","E","M","?","T","R","M","R","M","E","R","B",null,"M","M","?","?","$","E","?","R","T","E","M","M","T","M","R","B","B",null,"R","$","E","B"],"character_chosen":"IRONCLAD","items_purchased":["Brimstone","Incense Burner","War Paint"],"campfire_rested":1,"item_purchase_floors":[14,39,54],"current_hp_per_floor":[52,54,60,65,65,63,63,34,34,35,35,9,11,11,36,13,67,73,71,50,56,56,54,60,65,65,65,71,71,65,66,66,35,73,70,76,76,67,67,73,73,73,73,79,85,85,85,85,85,85,78,83,83,83,42,0],"gold":185,"neow_bonus":"TRANSFORM_TWO_CARDS","is_prod":false,"is_daily":false,"chose_seed":false,"campfire_upgraded":6,"win_rate":0,"timestamp":1546509917,"path_taken":["M","M","M","M","M","E","R","E","T","E","$","?","M","$","R","BOSS","M","M","?","M","?","E","M","?","T","R","M","R","M","E","R","BOSS","M","M","?","?","$","E","?","R","T","E","M","M","?","M","R","BOSS","BOSS","R","$","E","BOSS"],"build_version":"2019-01-02","purchased_purges":3,"victory":false,"max_hp_per_floor":[75,75,75,75,75,85,85,85,85,85,85,85,85,85,85,85,85,85,85,85,85,85,85,85,85,85,85,85,85,85,85,85,85,85,85,85,85,85,85,85,85,85,85,85,85,85,85,85,85,85,85,85,85,85,85,85],"card_choices":[{"not_picked":["Disarm","Cleave"],"picked":"Iron Wave","floor":1.0},{"not_picked":["True Grit","Wild Strike"],"picked":"Clothesline","floor":2.0},{"not_picked":["Sword Boomerang","Bloodletting"],"picked":"Armaments","floor":3.0},{"not_picked":["Havoc","Pommel Strike"],"picked":"Combust","floor":4.0},{"not_picked":["Pommel Strike","Rampage"],"picked":"Uppercut","floor":5.0},{"not_picked":["Pommel Strike","Sword Boomerang"],"picked":"Limit Break","floor":6.0},{"not_picked":["Brutality","Havoc"],"picked":"Whirlwind","floor":8.0},{"not_picked":["Headbutt","True Grit"],"picked":"Shrug It Off","floor":10.0},{"not_picked":["Heavy Blade","Power Through"],"picked":"Corruption","floor":13.0},{"not_picked":["Immolate","Double Tap"],"picked":"Limit Break","floor":16.0},{"not_picked":["Hemokinesis","Bloodletting"],"picked":"Heavy Blade","floor":18.0},{"not_picked":["True Grit","Inflame"],"picked":"Pummel","floor":19.0},{"not_picked":["Spot Weakness","Second Wind","Clash"],"picked":"SKIP","floor":21.0},{"not_picked":["Thunderclap","Pommel Strike"],"picked":"Intimidate","floor":23.0},{"not_picked":["Anger","Cleave"],"picked":"Flame Barrier","floor":24.0},{"not_picked":["Havoc","Wild Strike","Clash"],"picked":"SKIP","floor":28.0},{"not_picked":["Cleave","Sentinel","Demon Form"],"picked":"SKIP","floor":30.0},{"not_picked":["Anger","Infernal Blade+1","Bloodletting"],"picked":"SKIP","floor":31.0},{"not_picked":["Exhume","Berserk+1"],"picked":"Impervious","floor":33.0},{"not_picked":["Headbutt+1","Sword Boomerang"],"picked":"Battle Trance","floor":35.0},{"not_picked":["Blood for Blood","Perfected Strike+1"],"picked":"Pommel Strike+1","floor":36.0},{"not_picked":["Infernal Blade+1","Fire Breathing+1"],"picked":"Shockwave","floor":38.0},{"not_picked":["Iron Wave+1","Armaments","Burning Pact"],"picked":"SKIP","floor":40.0},{"not_picked":["Intimidate","Pommel Strike+1"],"picked":"True Grit+1","floor":44.0},{"not_picked":["Body Slam","Clash+1","Flex+1"],"picked":"SKIP","floor":45.0},{"not_picked":["Body Slam","Clash+1"],"picked":"Flex+1","floor":45.0},{"not_picked":["Havoc+1","Brutality+1","Twin Strike+1"],"picked":"SKIP","floor":46.0},{"not_picked":["Body Slam+1","Bloodletting"],"picked":"Battle Trance","floor":48.0},{"not_picked":["Body Slam+1","Thunderclap","Seeing Red+1"],"picked":"SKIP","floor":48.0},{"not_picked":["Feed","True Grit","Anger"],"picked":"SKIP","floor":55.0}],"player_experience":1303760,"relics_obtained":[{"floor":6.0,"key":"Pear"},{"floor":8.0,"key":"Happy Flower"},{"floor":9.0,"key":"PreservedInsect"},{"floor":10.0,"key":"Smiling Mask"},{"floor":20.0,"key":"Necronomicon"},{"floor":23.0,"key":"Self Forming Clay"},{"floor":25.0,"key":"Red Mask"},{"floor":26.0,"key":"FossilizedHelix"},{"floor":31.0,"key":"Frozen Egg 2"},{"floor":38.0,"key":"Ginger"},{"floor":40.0,"key":"Bag of Marbles"},{"floor":44.0,"key":"Mercury Hourglass"},{"floor":47.0,"key":"Prayer Wheel"},{"floor":55.0,"key":"Paper Frog"}],"event_choices":[{"damage_healed":0.0,"max_hp_gain":0.0,"max_hp_loss":0.0,"gold_gain":0.0,"event_name":"Shining Light","player_choice":"Entered Light","floor":12.0,"gold_loss":0.0,"damage_taken":26.0,"cards_upgraded":["Limit Break","Strike_R"]},{"damage_healed":0.0,"max_hp_gain":0.0,"max_hp_loss":0.0,"gold_gain":0.0,"event_name":"Cursed Tome","player_choice":"Obtained Book","floor":20.0,"gold_loss":0.0,"damage_taken":21.0},{"damage_healed":0.0,"max_hp_gain":0.0,"max_hp_loss":0.0,"gold_gain":0.0,"event_name":"Drug Dealer","player_choice":"Inject Mutagens","floor":22.0,"gold_loss":0.0,"damage_taken":0.0,"relics_obtained":["MutagenicStrength"]},{"damage_healed":0.0,"max_hp_gain":0.0,"max_hp_loss":0.0,"gold_gain":0.0,"event_name":"Masked Bandits","player_choice":"Fought Bandits","floor":25.0,"gold_loss":0.0,"damage_taken":0.0},{"damage_healed":0.0,"max_hp_gain":0.0,"max_hp_loss":0.0,"gold_gain":0.0,"event_name":"SensoryStone","player_choice":"Memory 1","floor":37.0,"gold_loss":0.0,"damage_taken":0.0},{"damage_healed":0.0,"max_hp_gain":0.0,"max_hp_loss":0.0,"gold_gain":0.0,"event_name":"Mysterious Sphere","player_choice":"Fight","floor":38.0,"gold_loss":0.0,"damage_taken":0.0},{"damage_healed":0.0,"max_hp_gain":0.0,"max_hp_loss":0.0,"gold_gain":222.0,"event_name":"Tomb of Lord Red Mask","player_choice":"Wore Mask","floor":41.0,"gold_loss":0.0,"damage_taken":0.0}],"is_beta":true,"boss_relics":[{"not_picked":["Pandora\u0027s Box","Black Blood"],"picked":"Sozu"},{"not_picked":["Busted Crown","Runic Dome"],"picked":"Runic Pyramid"}],"items_purged_floors":[11,39,54],"is_endless":false,"potions_floor_spawned":[3,5,6,13,16,18,23,28,31,36,38,40,46,48],"killed_by":"The Heart","ascension_level":20}