{"gold_per_floor":[11,30,40,40,50,50,81,81,81,99,99,111,111],"floor_reached":13,"playtime":2313,"items_purged":[],"score":148,"play_id":"85a187b8-9e31-44f9-b487-0a6e3d6f8b0b","local_time":"20190221123404","is_ascension_mode":true,"campfire_choices":[{"data":"Terror","floor":6.0,"key":"SMITH"},{"data":"After Image","floor":8.0,"key":"SMITH"}],"neow_cost":"NO_GOLD","seed_source_timestamp":0,"circlet_count":0,"master_deck":["AscendersBane","Defend_G","Defend_G","Defend_G","Defend_G","Strike_G","Strike_G","Strike_G","Strike_G","Survivor","Neutralize","Deadly Poison","Escape Plan","Cloak And Dagger+1","Terror+1","After Image+1","Backflip","Cloak And Dagger"],"special_seed":0,"relics":["Ring of the Snake","Turnip","Bird Faced Urn","Letter Opener"],"potions_floor_usage":[13],"damage_taken":[{"damage":5.0,"enemies":"Cultist","floor":1.0,"turns":4.0},{"damage":0.0,"enemies":"Jaw Worm","floor":2.0,"turns":4.0},{"damage":1.0,"enemies":"2 Louse","floor":3.0,"turns":3.0},{"damage":0.0,"enemies":"Looter","floor":5.0,"turns":4.0},{"damage":47.0,"enemies":"3 Sentries","floor":7.0,"turns":14.0},{"damage":0,"enemies":"Red Slaver","floor":10,"turns":3},{"damage":1,"enemies":"Exordium Wildlife","floor":12,"turns":5},{"damage":2,"enemies":"Gremlin Nob","floor":13,"turns":3}],"seed_played":"-4735081865687479158","potions_obtained":[{"floor":1.0,"key":"Regen Potion"},{"floor":5.0,"key":"GamblersBrew"},{"floor":12,"key":"SkillPotion"}],"is_trial":false,"path_per_floor":["M","M","M","T","M","R","E","R","T","M","?","M","E"],"character_chosen":"THE_SILENT","items_purchased":[],"campfire_rested":0,"item_purchase_floors":[],"current_hp_per_floor":[54,54,53,53,66,66,19,19,19,21,21,22,22],"gold":111,"neow_bonus":"REMOVE_TWO","is_prod":false,"is_daily":false,"chose_seed":false,"campfire_upgraded":2,"win_rate":0,"timestamp":1550748844,"path_taken":["M","M","M","?","M","R","E","R","T","M","?","M","E"],"build_version":"2019-01-23","purchased_purges":0,"victory":false,"max_hp_per_floor":[66,66,66,66,66,66,66,66,66,66,66,66,66],"card_choices":[{"not_picked":["Backflip","Underhanded Strike"],"picked":"Deadly Poison","floor":1.0},{"not_picked":["Cloak And Dagger","Outmaneuver"],"picked":"Escape Plan","floor":2.0},{"not_picked":["Night Terror","Blade Dance"],"picked":"Cloak And Dagger","floor":3.0},{"not_picked":["Outmaneuver","Concentrate"],"picked":"Terror","floor":5.0},{"not_picked":["PiercingWail","Dagger Throw"],"picked":"After Image","floor":7.0},{"not_picked":["Slice","Acrobatics"],"picked":"Backflip","floor":10},{"not_picked":["Deflect","Flying Knee"],"picked":"Cloak And Dagger","floor":12}],"player_experience":2305081,"relics_obtained":[{"floor":4.0,"key":"Turnip"},{"floor":7.0,"key":"Bird Faced Urn"},{"floor":9.0,"key":"Letter Opener"}],"event_choices":[{"damage_healed":0,"gold_gain":0,"player_choice":"Grow","damage_taken":0,"max_hp_gain":0,"max_hp_loss":0,"event_name":"Living Wall","floor":11,"gold_loss":0,"cards_upgraded":["Cloak And Dagger"]}],"is_beta":false,"boss_relics":[],"items_purged_floors":[],"is_endless":false,"potions_floor_spawned":[1,5,12],"killed_by":"Gremlin Nob","ascension_level":14}