{"path_per_floor":["M","$","M","?","?","E","?","R","T","M","?","R","E","T","R"],"character_chosen":"THE_SILENT","items_purchased":["Outmaneuver"],"gold_per_floor":[114,16,35,0,0,32,107,107,130,140,315,315,340,367,367,367],"floor_reached":16,"campfire_rested":2,"playtime":1026,"item_purchase_floors":[2],"current_hp_per_floor":[62,62,55,67,67,31,20,40,40,40,40,40,6,6,26,28],"items_purged":["Parasite"],"gold":367,"score":138,"play_id":"ede3f175-e7c7-4107-8b4d-6e5ba0b7cc0e","local_time":"20180604221532","is_prod":false,"is_daily":false,"chose_seed":false,"is_ascension_mode":true,"campfire_upgraded":0,"win_rate":0,"timestamp":1528143332,"campfire_choices":[{"floor":8,"key":"REST"},{"floor":12,"key":"DIG"},{"floor":15,"key":"REST"}],"path_taken":["M","$","M","?","?","E","?","R","T","M","?","R","E","?","R","BOSS"],"build_version":"2018-05-31","seed_source_timestamp":150962205383751,"purchased_purges":1,"victory":false,"master_deck":["Defend_G","Defend_G","Defend_G","Defend_G","Defend_G","Strike_G","Strike_G","Strike_G","Strike_G","Survivor","Neutralize","Storm of Steel","Escape Plan","Outmaneuver","Calculated Gamble","Burst","Malaise","Doubt","Unload"],"max_hp_per_floor":[70,67,67,67,67,67,67,67,67,67,67,67,67,67,67,67],"relics":["Ring of the Snake","Shovel","Orichalcum","Blood Vial","Vajra","Lantern"],"card_choices":[{"not_picked":["Night Terror","Venomology"],"picked":"Storm of Steel","floor":0},{"not_picked":["Prepared","Noxious Fumes"],"picked":"Escape Plan","floor":1},{"not_picked":["Skewer","Deadly Poison"],"picked":"Calculated Gamble","floor":3},{"not_picked":["Backstab","Flechettes"],"picked":"Burst","floor":6},{"not_picked":["Concentrate","Bane"],"picked":"Malaise","floor":10},{"not_picked":["Deflect","Dash"],"picked":"Unload","floor":13}],"player_experience":574606,"potions_floor_usage":[6,13,13,16],"damage_taken":[{"damage":1,"enemies":"Small Slimes","floor":1,"turns":4},{"damage":7,"enemies":"Jaw Worm","floor":3,"turns":4},{"damage":36,"enemies":"3 Sentries","floor":6,"turns":12},{"damage":0,"enemies":"Cultist","floor":10,"turns":5},{"damage":36,"enemies":"Gremlin Nob","floor":13,"turns":6},{"damage":0,"enemies":"Slime Boss","floor":16,"turns":3}],"relics_obtained":[{"floor":6,"key":"Shovel"},{"floor":9,"key":"Orichalcum"},{"floor":12,"key":"Blood Vial"},{"floor":13,"key":"Vajra"},{"floor":14,"key":"Lantern"}],"event_choices":[{"event_name":"The Cleric","player_choice":"Healed","floor":4,"damage_taken":0},{"event_name":"Purifier","player_choice":"One Purge","floor":5,"damage_taken":0},{"event_name":"World of Goop","player_choice":"Gather Gold","floor":7,"damage_taken":0},{"event_name":"Liars Game","player_choice":"agreed","floor":11,"damage_taken":0}],"boss_relics":[],"items_purged_floors":[2],"potions_floor_spawned":[1,3,10,13],"seed_played":"1639803551846742187","killed_by":"Slime Boss","ascension_level":6,"potions_obtained":[{"floor":1,"key":"GamblersBrew"},{"floor":3,"key":"Energy Potion"},{"floor":10,"key":"SteroidPotion"},{"floor":13,"key":"Swift Potion"}],"is_trial":false}