{"gold_per_floor":[116,130,130,146,161,161,194,194,194,168,75,75,139,149,149,149],"floor_reached":16,"playtime":495,"items_purged":[],"score":145,"play_id":"ef80c329-16b4-451e-b93f-4baefa2e7643","local_time":"20180823141104","is_ascension_mode":true,"campfire_choices":[{"data":"Quick Slash","floor":6,"key":"SMITH"},{"floor":8,"key":"REST"},{"data":"Prepared","floor":12,"key":"SMITH"},{"floor":15,"key":"REST"}],"neow_cost":"NONE","seed_source_timestamp":0,"circlet_count":0,"master_deck":["Defend_G","Defend_G","Defend_G","Defend_G","Defend_G","Strike_G","Strike_G","Strike_G","Strike_G","Strike_G","Survivor","Neutralize","Quick Slash+1","Quick Slash","Backflip","Slice","Distraction","Underhanded Strike","Prepared+1","PiercingWail","Dagger Throw"],"special_seed":0,"relics":["Ring of the Snake","NeowsBlessing","Dodecahedron","Peace Pipe","Tingsha","Potion Belt"],"potions_floor_usage":[7,7,14],"damage_taken":[{"damage":0.0,"enemies":"Cultist","floor":1.0,"turns":1.0},{"damage":0,"enemies":"Jaw Worm","floor":2,"turns":1},{"damage":0,"enemies":"Small Slimes","floor":4,"turns":1},{"damage":5,"enemies":"3 Louse","floor":5,"turns":7},{"damage":20,"enemies":"Lagavulin","floor":7,"turns":8},{"damage":13,"enemies":"Lagavulin Event","floor":13,"turns":5},{"damage":6,"enemies":"Exordium Wildlife","floor":14,"turns":3},{"damage":19,"enemies":"Hexaghost","floor":16,"turns":9}],"seed_played":"1377785444675529935","potions_obtained":[{"floor":2,"key":"LiquidBronze"},{"floor":5,"key":"EssenceOfSteel"},{"floor":13,"key":"Strength Potion"}],"is_trial":false,"path_per_floor":["M","M","?","M","M","R","E","R","T","?","$","R","?","M","R"],"character_chosen":"THE_SILENT","items_purchased":["Underhanded Strike","Prepared"],"campfire_rested":2,"item_purchase_floors":[11,11],"current_hp_per_floor":[63,63,45,45,40,40,20,41,41,41,41,41,28,22,43,24],"gold":149,"neow_bonus":"THREE_ENEMY_KILL","is_prod":false,"is_daily":false,"chose_seed":false,"campfire_upgraded":2,"win_rate":0,"timestamp":1535026264,"path_taken":["M","M","?","?","M","R","E","R","T","?","?","R","?","M","R","BOSS"],"build_version":"2018-08-16","purchased_purges":0,"victory":false,"max_hp_per_floor":[70,70,70,70,70,70,70,70,70,70,70,70,70,70,70,70],"card_choices":[{"not_picked":["Deflect","Distraction"],"picked":"Quick Slash","floor":1},{"not_picked":["Dagger Spray","Endless Agony"],"picked":"Quick Slash","floor":2},{"not_picked":["Poisoned Stab","Wraith Form v2"],"picked":"Backflip","floor":4},{"not_picked":["Deadly Poison","Deflect"],"picked":"Slice","floor":5},{"not_picked":["Slice","Storm of Steel"],"picked":"Distraction","floor":7},{"not_picked":["Flechettes","Deflect"],"picked":"PiercingWail","floor":13},{"not_picked":["Sucker Punch","Caltrops"],"picked":"Dagger Throw","floor":14}],"player_experience":919542,"relics_obtained":[{"floor":7,"key":"Peace Pipe"},{"floor":9,"key":"Tingsha"},{"floor":13,"key":"Potion Belt"}],"event_choices":[{"event_name":"Scrap Ooze","player_choice":"success","floor":3,"damage_taken":18},{"event_name":"World of Goop","player_choice":"Left","floor":10,"damage_taken":0},{"event_name":"Dead Adventurer","player_choice":"Searched \u00272\u0027 times","floor":13,"damage_taken":0}],"is_beta":false,"boss_relics":[],"items_purged_floors":[],"is_endless":false,"potions_floor_spawned":[2,5,13],"killed_by":"Hexaghost","ascension_level":9}