{"gold_per_floor":[115,126,126,14,14,14,14,14,14,37,72,95,111,132,132,252,252,267,281,77,77,77,77,93,53,53,30,30],"floor_reached":28,"playtime":1008,"items_purged":["Regret"],"score":316,"play_id":"c7c48e73-2cb5-4acc-8e03-b2669f623151","local_time":"20181003120155","is_ascension_mode":true,"campfire_choices":[{"data":"Zap","floor":6.0,"key":"SMITH"},{"data":"Dualcast","floor":8.0,"key":"SMITH"},{"floor":15.0,"key":"REST"},{"floor":23.0,"key":"REST"}],"neow_cost":"CURSE","seed_source_timestamp":0,"circlet_count":0,"master_deck":["Strike_B","Strike_B","Strike_B","Defend_B","Defend_B","Defend_B","Defend_B","Zap+1","Dualcast+1","Rebound","Cold Snap","Fusion+1","White Noise","Rebound","Rebound","Echo Form","Chill","Seek","Ball Lightning","Defragment","Storm","Static Discharge","Leap"],"special_seed":0,"relics":["Cracked Core","Golden Idol","Blue Candle","Boot","Nuclear Battery","Runic Capacitor","Symbiotic Virus"],"potions_floor_usage":[],"damage_taken":[{"damage":11.0,"enemies":"Small Slimes","floor":1.0,"turns":4.0},{"damage":5.0,"enemies":"2 Louse","floor":2.0,"turns":2.0},{"damage":0.0,"enemies":"Cultist","floor":10.0,"turns":2.0},{"damage":26.0,"enemies":"Gremlin Nob","floor":11.0,"turns":4.0},{"damage":6.0,"enemies":"Blue Slaver","floor":12.0,"turns":3.0},{"damage":7.0,"enemies":"2 Fungi Beasts","floor":13.0,"turns":3.0},{"damage":15.0,"enemies":"3 Louse","floor":14.0,"turns":3.0},{"damage":11.0,"enemies":"The Guardian","floor":16.0,"turns":12.0},{"damage":14.0,"enemies":"Shell Parasite","floor":18.0,"turns":7.0},{"damage":2.0,"enemies":"3 Byrds","floor":19.0,"turns":2.0},{"damage":33.0,"enemies":"Colosseum Slavers","floor":21.0,"turns":5.0},{"damage":36.0,"enemies":"Cultist and Chosen","floor":24.0,"turns":6.0},{"damage":0,"enemies":"Slavers","floor":28,"turns":1}],"seed_played":"-6175795235343805653","potions_obtained":[{"floor":11.0,"key":"SteroidPotion"},{"floor":14.0,"key":"Energy Potion"},{"floor":16.0,"key":"SpeedPotion"},{"floor":18.0,"key":"LiquidBronze"}],"is_trial":false,"path_per_floor":["M","M","?","$","?","R","?","R","T","M","E","M","M","M","R","B",null,"M","M","$","?","$","R","M","$","T","$"],"character_chosen":"DEFECT","items_purchased":["Fusion","Runic Capacitor","Static Discharge","Leap"],"campfire_rested":2,"item_purchase_floors":[4,20,25,27],"current_hp_per_floor":[71,66,66,66,66,66,59,59,59,59,33,27,20,5,29,18,66,52,50,50,17,17,41,5,5,5,5,5],"gold":30,"neow_bonus":"TWENTY_PERCENT_HP_BONUS","is_prod":false,"is_daily":false,"chose_seed":false,"campfire_upgraded":2,"win_rate":0,"timestamp":1538560915,"path_taken":["M","M","?","$","?","R","?","R","T","M","E","?","?","?","R","BOSS","M","M","?","?","$","R","?","$","T","$","E"],"build_version":"2018-09-27","purchased_purges":1,"victory":false,"max_hp_per_floor":[89,89,82,82,82,82,82,82,82,82,82,82,82,82,82,82,82,82,82,82,82,82,82,82,82,82,82,82],"card_choices":[{"not_picked":["Barrage","Lockon"],"picked":"Rebound","floor":1.0},{"not_picked":["Scrape","Steam"],"picked":"Cold Snap","floor":2.0},{"not_picked":["Go for the Eyes","Genetic Algorithm"],"picked":"White Noise","floor":10.0},{"not_picked":["Steam Power","Blizzard"],"picked":"Rebound","floor":11.0},{"not_picked":["Consume","Redo"],"picked":"Rebound","floor":12.0},{"not_picked":["Self Repair","Cold Snap"],"picked":"Echo Form","floor":13.0},{"not_picked":["Tempest","Sweeping Beam"],"picked":"Chill","floor":14.0},{"not_picked":["Multi-Cast","Thunder Strike"],"picked":"Seek","floor":16.0},{"not_picked":["Turbo","Redo"],"picked":"Ball Lightning","floor":18.0},{"not_picked":["Leap","Hologram+1"],"picked":"Defragment","floor":19.0},{"not_picked":["Chill","Tempest"],"picked":"Storm","floor":24.0}],"player_experience":1025993,"relics_obtained":[{"floor":9.0,"key":"Blue Candle"},{"floor":11.0,"key":"Boot"},{"floor":26.0,"key":"Symbiotic Virus"}],"event_choices":[{"event_name":"Golden Idol","player_choice":"Lose Max HP","floor":3.0,"damage_taken":0.0},{"event_name":"Living Wall","player_choice":"Grow","floor":5.0,"damage_taken":0.0},{"event_name":"Golden Wing","player_choice":"Card Removal","floor":7.0,"damage_taken":0.0},{"event_name":"Colosseum","player_choice":"Fight","floor":21.0,"damage_taken":0.0},{"event_name":"Colosseum","player_choice":"Fled From Nobs","floor":21.0,"damage_taken":0.0}],"is_beta":false,"boss_relics":[{"not_picked":["Lizard Tail","Pandora\u0027s Box"],"picked":"Nuclear Battery"}],"items_purged_floors":[4],"is_endless":false,"potions_floor_spawned":[11,14,16,18,21],"killed_by":"Slavers","ascension_level":9}