{"gold_per_floor":[115,115,77,77,92,123,123,154,154,181,256,58,58],"floor_reached":13,"playtime":307,"items_purged":[],"score":192,"play_id":"f4c22445-20d2-4a56-8d21-8109cef7ae08","local_time":"20181204235921","is_ascension_mode":true,"campfire_choices":[{"data":"Malaise","floor":7,"key":"SMITH"}],"neow_cost":"NONE","seed_source_timestamp":129871679430790,"circlet_count":0,"master_deck":["AscendersBane","Defend_G","Defend_G","Defend_G","Defend_G","Defend_G","Strike_G","Strike_G","Strike_G","Strike_G","Survivor","Neutralize","Flying Knee","Choke","Quick Slash","Masterful Stab","Malaise+1","Quick Slash","Backstab"],"relics":["Ring of the Snake","NeowsBlessing","Darkstone Periapt","Regal Pillow","Boot","Tough Bandages","ClockworkSouvenir"],"potions_floor_usage":[8,10],"damage_taken":[{"damage":0,"enemies":"2 Louse","floor":1,"turns":1},{"damage":0,"enemies":"Cultist","floor":5,"turns":1},{"damage":0,"enemies":"3 Sentries","floor":6,"turns":1},{"damage":22,"enemies":"Gremlin Nob","floor":8,"turns":5},{"damage":17,"enemies":"3 Sentries","floor":10,"turns":10},{"damage":0,"enemies":"Jaw Worm","floor":13,"turns":1}],"seed_played":"-8629730630000569847","potions_obtained":[{"floor":5,"key":"Weak Potion"},{"floor":8,"key":"GhostInAJar"},{"floor":10,"key":"FearPotion"}],"is_trial":false,"path_per_floor":["M","?","$","?","M","E","R","E","T","E","?","$","M"],"character_chosen":"THE_SILENT","items_purchased":["Choke","ClockworkSouvenir"],"campfire_rested":0,"item_purchase_floors":[3,12],"current_hp_per_floor":[63,63,63,63,63,63,63,41,41,24,13,13,13],"gold":58,"neow_bonus":"THREE_ENEMY_KILL","is_prod":false,"is_daily":false,"chose_seed":false,"campfire_upgraded":1,"win_rate":0,"timestamp":1543964361,"path_taken":["M","?","$","?","?","E","R","E","T","E","?","?","M"],"build_version":"2018-11-15","purchased_purges":0,"victory":false,"max_hp_per_floor":[70,70,70,70,70,70,70,70,70,70,70,70,70],"card_choices":[{"not_picked":["PiercingWail","Sucker Punch"],"picked":"Flying Knee","floor":1},{"not_picked":["Tactician","Heel Hook"],"picked":"Masterful Stab","floor":5},{"not_picked":["Setup","Crippling Poison"],"picked":"Malaise","floor":6},{"not_picked":["Dagger Throw","Dodge and Roll"],"picked":"Quick Slash","floor":8},{"not_picked":["Predator","Bouncing Flask"],"picked":"Backstab","floor":10}],"player_experience":1656466,"relics_obtained":[{"floor":6,"key":"Darkstone Periapt"},{"floor":8,"key":"Regal Pillow"},{"floor":9,"key":"Boot"},{"floor":10,"key":"Tough Bandages"}],"event_choices":[{"damage_healed":0,"gold_gain":0,"player_choice":"Leave","damage_taken":0,"max_hp_gain":0,"max_hp_loss":0,"event_name":"The Cleric","floor":2,"gold_loss":0},{"damage_healed":0,"gold_gain":0,"cards_transformed":["Strike_G"],"player_choice":"Transformed","damage_taken":0,"max_hp_gain":0,"max_hp_loss":0,"event_name":"Transmorgrifier","floor":4,"gold_loss":0,"cards_obtained":["Quick Slash"]},{"damage_healed":0,"gold_gain":75,"player_choice":"Gather Gold","damage_taken":11,"max_hp_gain":0,"max_hp_loss":0,"event_name":"World of Goop","floor":11,"gold_loss":0}],"is_beta":false,"boss_relics":[],"items_purged_floors":[],"is_endless":false,"potions_floor_spawned":[5,8,10],"killed_by":"Jaw Worm","ascension_level":11}