{"gold_per_floor":[109,184,184,198,121,148,159,172,172,185,212,312,331,348,348,447,447,459,379,389,389,421,421,421,101,127,143,175,175,207,223,223,223],"floor_reached":33,"playtime":1380,"items_purged":["Writhe"],"score":475,"play_id":"febac080-aa8f-4341-9b7a-be2d4912358e","local_time":"20190203125711","is_ascension_mode":true,"campfire_choices":[{"data":"Redo","floor":15,"key":"SMITH"},{"data":"Defragment","floor":23,"key":"SMITH"},{"data":"Reinforced Body","floor":29,"key":"SMITH"},{"data":"Dualcast","floor":32,"key":"SMITH"}],"neow_cost":"NONE","seed_source_timestamp":689949422236771,"circlet_count":0,"master_deck":["AscendersBane","Strike_B+1","Strike_B+1","Strike_B+1","Strike_B+1","Defend_B+1","Defend_B+1","Defend_B+1","Defend_B+1","Zap+1","Dualcast+1","FTL","Leap","Ball Lightning","Conserve Battery","Redo+1","Stack","Ball Lightning","Capacitor","Thunder Strike","Reinforced Body+1","Cold Snap","Core Surge","Ball Lightning","Defragment+1","Conserve Battery","Go for the Eyes","Compile Driver","Conserve Battery","Consume","Leap"],"special_seed":0,"relics":["Cracked Core","Dodecahedron","Meat on the Bone","Mummified Hand","Runic Pyramid","Red Mask","Bag of Preparation","Pantograph","Bag of Marbles","Dream Catcher","The Courier"],"potions_floor_usage":[6,10,11,16,20,28,30,33],"damage_taken":[{"damage":3.0,"enemies":"2 Louse","floor":1.0,"turns":3.0},{"damage":0.0,"enemies":"Small Slimes","floor":4.0,"turns":3.0},{"damage":10,"enemies":"Lagavulin","floor":6,"turns":6},{"damage":0,"enemies":"Cultist","floor":7,"turns":2},{"damage":6,"enemies":"Large Slime","floor":8,"turns":4},{"damage":0,"enemies":"Lots of Slimes","floor":10,"turns":1},{"damage":25,"enemies":"Gremlin Nob","floor":11,"turns":4},{"damage":5,"enemies":"Exordium Wildlife","floor":13,"turns":4},{"damage":4,"enemies":"3 Louse","floor":14,"turns":3},{"damage":24,"enemies":"The Guardian","floor":16,"turns":11},{"damage":11,"enemies":"Shell Parasite","floor":18,"turns":5},{"damage":18,"enemies":"Chosen","floor":20,"turns":5},{"damage":35,"enemies":"Masked Bandits","floor":22,"turns":6},{"damage":3,"enemies":"Centurion and Healer","floor":27,"turns":5},{"damage":5,"enemies":"Book of Stabbing","floor":28,"turns":5},{"damage":28,"enemies":"Slavers","floor":30,"turns":5},{"damage":0,"enemies":"Shelled Parasite and Fungi","floor":31,"turns":5},{"damage":29,"enemies":"Collector","floor":33,"turns":7}],"seed_played":"5045190054010885250","potions_obtained":[{"floor":1.0,"key":"EssenceOfSteel"},{"floor":3.0,"key":"PowerPotion"},{"floor":3.0,"key":"Explosive Potion"},{"floor":10,"key":"Poison Potion"},{"floor":14,"key":"GamblersBrew"},{"floor":16,"key":"AttackPotion"},{"floor":22,"key":"Weak Potion"},{"floor":28,"key":"FearPotion"},{"floor":31,"key":"Regen Potion"}],"is_trial":false,"path_per_floor":["M","?","?","M","$","E","M","M","T","M","E","?","M","M","R","B",null,"M","$","M","?","?","R","?","$","T","M","E","R","E","M","R","B"],"character_chosen":"DEFECT","items_purchased":["Ball Lightning","Conserve Battery","Defragment","Pantograph"],"campfire_rested":0,"item_purchase_floors":[5,5,19,25],"current_hp_per_floor":[65,54,54,54,54,44,44,38,38,38,25,25,32,40,40,28,63,52,52,46,46,23,23,23,23,23,32,39,39,23,35,35,46],"gold":223,"neow_bonus":"UPGRADE_CARD","is_prod":false,"is_daily":false,"chose_seed":false,"campfire_upgraded":4,"win_rate":0,"timestamp":1549195031,"path_taken":["M","?","?","M","$","E","M","M","T","?","E","?","?","M","R","BOSS","M","$","M","?","?","R","?","?","T","?","E","R","E","M","R","BOSS"],"build_version":"2019-01-23","purchased_purges":1,"victory":false,"max_hp_per_floor":[75,75,75,75,75,75,75,75,75,75,75,75,75,75,75,75,75,75,75,75,75,75,75,75,75,75,75,75,75,75,75,75,75],"card_choices":[{"not_picked":["Blizzard","Steam"],"picked":"FTL","floor":1.0},{"not_picked":["Compile Driver","Rip and Tear"],"picked":"Leap","floor":4.0},{"not_picked":["Doom and Gloom","Sweeping Beam"],"picked":"Redo","floor":6},{"not_picked":["Recycle","Turbo"],"picked":"Stack","floor":7},{"not_picked":["Storm","Conserve Battery"],"picked":"Ball Lightning","floor":8},{"not_picked":["Conserve Battery","Ball Lightning"],"picked":"Capacitor","floor":10},{"not_picked":["Rebound","Fusion"],"picked":"Thunder Strike","floor":11},{"not_picked":["Ball Lightning","Beam Cell"],"picked":"Reinforced Body","floor":13},{"not_picked":["Streamline","Steam"],"picked":"Cold Snap","floor":14},{"not_picked":["Machine Learning","Thunder Strike"],"picked":"Core Surge","floor":16},{"not_picked":["Streamline","Stack"],"picked":"Ball Lightning","floor":18},{"not_picked":["Storm","Sweeping Beam"],"picked":"Conserve Battery","floor":20},{"not_picked":["Tempest","Melter"],"picked":"Go for the Eyes","floor":22},{"not_picked":["Force Field","Melter"],"picked":"Compile Driver","floor":27},{"not_picked":["Sweeping Beam","Doom and Gloom"],"picked":"Conserve Battery","floor":28},{"not_picked":["Barrage","Streamline+1"],"picked":"Consume","floor":30},{"not_picked":["Scrape","Capacitor"],"picked":"Leap","floor":31}],"player_experience":2127553,"relics_obtained":[{"floor":6,"key":"Dodecahedron"},{"floor":9,"key":"Meat on the Bone"},{"floor":11,"key":"Mummified Hand"},{"floor":22,"key":"Red Mask"},{"floor":26,"key":"Bag of Marbles"},{"floor":28,"key":"Dream Catcher"},{"floor":30,"key":"The Courier"}],"event_choices":[{"damage_healed":0.0,"max_hp_gain":0.0,"max_hp_loss":0.0,"gold_gain":75.0,"event_name":"World of Goop","player_choice":"Gather Gold","floor":2.0,"gold_loss":0.0,"damage_taken":11.0},{"damage_healed":0.0,"max_hp_gain":0.0,"max_hp_loss":0.0,"gold_gain":0.0,"event_name":"Lab","player_choice":"Got Potions","floor":3.0,"gold_loss":0.0,"damage_taken":0.0},{"damage_healed":0,"gold_gain":100,"player_choice":"Pray","damage_taken":0,"max_hp_gain":0,"max_hp_loss":0,"event_name":"Golden Shrine","floor":12,"gold_loss":0},{"damage_healed":0,"gold_gain":0,"player_choice":"Simplicity","damage_taken":0,"max_hp_gain":0,"max_hp_loss":0,"event_name":"Back to Basics","floor":21,"gold_loss":0,"cards_upgraded":["Strike_B","Strike_B","Strike_B","Strike_B","Defend_B","Defend_B","Defend_B","Defend_B"]},{"damage_healed":0,"gold_gain":0,"player_choice":"Fought Bandits","damage_taken":0,"max_hp_gain":0,"max_hp_loss":0,"event_name":"Masked Bandits","floor":22,"gold_loss":0},{"damage_healed":0,"gold_gain":0,"player_choice":"Opened","damage_taken":0,"relics_obtained":["Bag of Preparation"],"max_hp_gain":0,"max_hp_loss":0,"event_name":"The Mausoleum","floor":24,"gold_loss":0,"cards_obtained":["Writhe"]}],"is_beta":false,"boss_relics":[{"not_picked":["Velvet Choker","Sozu"],"picked":"Runic Pyramid"}],"items_purged_floors":[25],"is_endless":false,"potions_floor_spawned":[1,4,10,14,16,22,28,31],"killed_by":"Collector","ascension_level":12}