{"gold_per_floor":[118,137,150,160,160,160,177,206,206,34,34],"floor_reached":11,"playtime":504,"items_purged":[],"score":150,"play_id":"c7a67072-aa61-4d11-a696-bc2631204ebe","local_time":"20181214194804","is_ascension_mode":true,"campfire_choices":[{"data":"All Out Attack","floor":6,"key":"SMITH"}],"neow_cost":"PERCENT_DAMAGE","seed_source_timestamp":468971492373740,"circlet_count":0,"master_deck":["AscendersBane","Defend_G","Defend_G","Defend_G","Defend_G","Defend_G","Strike_G","Strike_G","Strike_G","Strike_G","Strike_G","Survivor","Neutralize+1","All Out Attack+1","Deadly Poison","Cloak And Dagger","Terror","Poisoned Stab","Skewer"],"special_seed":0,"relics":["Ring of the Snake","Bird Faced Urn","Smiling Mask","Bronze Scales","Snake Skull"],"potions_floor_usage":[4,8,8],"damage_taken":[{"damage":7.0,"enemies":"Small Slimes","floor":1.0,"turns":4.0},{"damage":0.0,"enemies":"2 Louse","floor":2.0,"turns":3.0},{"damage":4.0,"enemies":"Jaw Worm","floor":3.0,"turns":5.0},{"damage":3,"enemies":"Large Slime","floor":4,"turns":8},{"damage":11,"enemies":"Gremlin Gang","floor":7,"turns":3},{"damage":27,"enemies":"3 Sentries","floor":8,"turns":10},{"damage":15,"enemies":"Lagavulin","floor":11,"turns":5}],"seed_played":"-1597260342467693745","potions_obtained":[{"floor":1.0,"key":"SpeedPotion"},{"floor":3.0,"key":"FearPotion"},{"floor":7,"key":"Regen Potion"}],"is_trial":false,"path_per_floor":["M","M","M","M","?","R","M","E","T","$","E"],"character_chosen":"THE_SILENT","items_purchased":["Snake Skull"],"campfire_rested":0,"item_purchase_floors":[10],"current_hp_per_floor":[37,37,33,30,30,30,19,7,7,7,0],"gold":34,"neow_bonus":"ONE_RARE_RELIC","is_prod":false,"is_daily":false,"chose_seed":false,"campfire_upgraded":1,"win_rate":0,"timestamp":1544834884,"path_taken":["M","M","M","M","?","R","M","E","T","$","E"],"build_version":"2018-12-13","purchased_purges":0,"victory":false,"max_hp_per_floor":[66,66,66,66,66,66,66,66,66,66,66],"card_choices":[{"not_picked":["Slice","Sucker Punch"],"picked":"All Out Attack","floor":1.0},{"not_picked":["PiercingWail","Calculated Gamble"],"picked":"Deadly Poison","floor":2.0},{"not_picked":["Flying Knee","Infinite Blades"],"picked":"Cloak And Dagger","floor":3.0},{"not_picked":["Flechettes","Heel Hook"],"picked":"Terror","floor":4},{"not_picked":["Deadly Poison","Distraction"],"picked":"Poisoned Stab","floor":7},{"not_picked":["Eviscerate","Slice"],"picked":"Skewer","floor":8}],"player_experience":1232079,"relics_obtained":[{"floor":8,"key":"Smiling Mask"},{"floor":9,"key":"Bronze Scales"}],"event_choices":[{"damage_healed":0,"gold_gain":0,"player_choice":"Grow","damage_taken":0,"max_hp_gain":0,"max_hp_loss":0,"event_name":"Living Wall","floor":5,"gold_loss":0,"cards_upgraded":["Neutralize"]}],"is_beta":true,"boss_relics":[],"items_purged_floors":[],"is_endless":false,"potions_floor_spawned":[1,3,7],"killed_by":"Lagavulin","ascension_level":20}