{"gold_per_floor":[119,119,134,134,134,134,99,133,133,148,191,191,211,227,227,320,320,339,359,384,54,54,54,14,14,60,73,73,73,109,125,125,125],"floor_reached":33,"playtime":1504,"items_purged":[],"score":650,"play_id":"b453ecc5-40f7-48be-beaa-2bbd17568e2c","local_time":"20181205213544","is_ascension_mode":true,"campfire_choices":[{"data":"Zap","floor":6,"key":"SMITH"},{"data":"Consume","floor":12,"key":"SMITH"},{"data":"Dualcast","floor":15,"key":"SMITH"},{"floor":23,"key":"REST"},{"floor":25,"key":"REST"},{"floor":32,"key":"RECALL"}],"neow_cost":"NONE","seed_source_timestamp":196329313335911,"circlet_count":0,"master_deck":["AscendersBane","Strike_B","Strike_B","Defend_B","Defend_B","Defend_B","Defend_B","Zap+1","Dualcast+1","Cold Snap","Ball Lightning","Consume+1","Conserve Battery","Rainbow","Cold Snap","Undo","Hologram+1","Aggregate+1","Core Surge","Recycle+1","Steam Power+1","Glacier+1","Echo Form"],"relics":["Cracked Core","NeowsBlessing","Ginger","Golden Idol","FossilizedHelix","Pocketwatch","Dead Branch","Nuclear Battery","Toxic Egg 2","DataDisk","Meat on the Bone"],"potions_floor_usage":[16,16,19,30],"damage_taken":[{"damage":0,"enemies":"Cultist","floor":1,"turns":1},{"damage":0,"enemies":"Small Slimes","floor":3,"turns":1},{"damage":0,"enemies":"Lagavulin","floor":8,"turns":1},{"damage":0,"enemies":"2 Louse","floor":10,"turns":3},{"damage":0,"enemies":"Gremlin Nob","floor":11,"turns":4},{"damage":0,"enemies":"Large Slime","floor":13,"turns":3},{"damage":7,"enemies":"Exordium Wildlife","floor":14,"turns":4},{"damage":10,"enemies":"Hexaghost","floor":16,"turns":9},{"damage":0,"enemies":"Chosen","floor":18,"turns":4},{"damage":15,"enemies":"3 Byrds","floor":19,"turns":5},{"damage":17,"enemies":"Snake Plant","floor":20,"turns":4},{"damage":0,"enemies":"Cultist and Chosen","floor":27,"turns":5},{"damage":5,"enemies":"Slavers","floor":30,"turns":6},{"damage":0,"enemies":"Chosen and Byrds","floor":31,"turns":5},{"damage":68,"enemies":"Automaton","floor":33,"turns":10}],"seed_played":"4944902915004037478","potions_obtained":[{"floor":8,"key":"Explosive Potion"},{"floor":13,"key":"Energy Potion"},{"floor":14,"key":"Dexterity Potion"},{"floor":16,"key":"SkillPotion"},{"floor":20,"key":"FearPotion"},{"floor":27,"key":"Strength Potion"},{"floor":31,"key":"PowerPotion"}],"is_trial":false,"path_per_floor":["M","T","M","$","?","R","?","E","T","M","E","R","M","M","R","B",null,"M","M","M","$","?","R","$","R","T","M","$","?","E","M","R","B"],"character_chosen":"DEFECT","items_purchased":["Toxic Egg 2","Hologram+1","Recycle+1"],"campfire_rested":2,"item_purchase_floors":[21,21,24],"current_hp_per_floor":[64,64,64,64,40,40,57,57,57,57,57,57,57,50,50,40,63,63,48,31,31,31,52,52,71,71,71,71,71,66,66,66,0],"gold":125,"neow_bonus":"THREE_ENEMY_KILL","is_prod":false,"is_daily":false,"chose_seed":false,"campfire_upgraded":3,"win_rate":0,"timestamp":1544063744,"path_taken":["M","?","?","$","?","R","?","E","T","M","E","R","M","M","R","BOSS","M","M","M","$","?","R","$","R","T","M","$","?","E","M","R","BOSS"],"build_version":"2018-12-05","purchased_purges":0,"victory":false,"max_hp_per_floor":[71,71,71,71,71,71,71,71,71,71,71,71,71,71,71,71,71,71,71,71,71,71,71,71,71,71,71,71,71,71,71,71,71],"card_choices":[{"not_picked":["Coolheaded","Melter"],"picked":"Cold Snap","floor":1},{"not_picked":["Consume","Gash"],"picked":"Ball Lightning","floor":3},{"not_picked":["Recycle","Rip and Tear"],"picked":"Consume","floor":8},{"not_picked":["Streamline","Turbo"],"picked":"Conserve Battery","floor":10},{"not_picked":["Conserve Battery","Rebound","Double Energy"],"picked":"SKIP","floor":11},{"not_picked":["Conserve Battery","Rebound","Double Energy"],"picked":"SKIP","floor":11},{"not_picked":["Conserve Battery","Rebound","Double Energy"],"picked":"SKIP","floor":11},{"not_picked":["Go for the Eyes","Storm","White Noise"],"picked":"SKIP","floor":13},{"not_picked":["Conserve Battery","Force Field","White Noise"],"picked":"SKIP","floor":14},{"not_picked":["Core Surge","Buffer"],"picked":"Rainbow","floor":16},{"not_picked":["Consume","Sweeping Beam"],"picked":"Cold Snap","floor":18},{"not_picked":["Cold Snap","Self Repair"],"picked":"Undo","floor":19},{"not_picked":["Consume","Undo","Redo"],"picked":"SKIP","floor":20},{"not_picked":["Sweeping Beam","Streamline"],"picked":"Steam Power+1","floor":27},{"not_picked":["Force Field+1","Hologram+1"],"picked":"Glacier+1","floor":30},{"not_picked":["Coolheaded+1","Force Field+1"],"picked":"Echo Form","floor":31}],"player_experience":1188778,"relics_obtained":[{"floor":2,"key":"Ginger"},{"floor":8,"key":"FossilizedHelix"},{"floor":9,"key":"Pocketwatch"},{"floor":11,"key":"Dead Branch"},{"floor":26,"key":"DataDisk"},{"floor":30,"key":"Meat on the Bone"}],"event_choices":[{"damage_healed":0,"gold_gain":0,"player_choice":"Take Damage","damage_taken":24,"relics_obtained":["Golden Idol"],"max_hp_gain":0,"max_hp_loss":0,"event_name":"Golden Idol","floor":5,"gold_loss":0},{"damage_healed":17,"gold_gain":0,"player_choice":"Healed","damage_taken":0,"max_hp_gain":0,"max_hp_loss":0,"event_name":"The Cleric","floor":7,"gold_loss":35},{"damage_healed":0,"gold_gain":0,"cards_transformed":["Strike_B","Strike_B"],"player_choice":"Became Test Subject","damage_taken":0,"max_hp_gain":0,"max_hp_loss":0,"event_name":"Drug Dealer","floor":22,"gold_loss":0,"cards_obtained":["Aggregate","Core Surge"]},{"damage_healed":0,"gold_gain":0,"player_choice":"Ignored","damage_taken":0,"max_hp_gain":0,"max_hp_loss":0,"event_name":"Vampires","floor":29,"gold_loss":0}],"is_beta":true,"boss_relics":[{"not_picked":["Sozu","Cursed Key"],"picked":"Nuclear Battery"}],"items_purged_floors":[],"is_endless":false,"potions_floor_spawned":[8,13,14,16,20,27,31],"killed_by":"Automaton","ascension_level":20}