{"gold_per_floor":[113,113,78,78,94,127,127,152,175,175,188,203,215,215,215,311,311,286,286,385,32,106,138,138,157,181,195,195,195],"floor_reached":29,"playtime":703,"items_purged":[],"score":442,"play_id":"ab58fcb8-e620-481a-a1e4-97e4689d1f04","local_time":"20190121115837","is_ascension_mode":true,"campfire_choices":[{"data":"Loop","floor":7,"key":"SMITH"},{"data":"White Noise","floor":10,"key":"SMITH"},{"floor":15,"key":"REST"},{"data":"Fusion","floor":24,"key":"SMITH"}],"neow_cost":"NONE","seed_source_timestamp":985415363374257,"circlet_count":0,"master_deck":["AscendersBane","Strike_B+1","Strike_B","Defend_B","Defend_B+1","Defend_B","Defend_B+1","Zap","Dualcast+1","Rebound","Conserve Battery","Loop+1","White Noise+1","Biased Cognition+1","Sweeping Beam","Sunder","Buffer","Coolheaded","Amplify","FTL","Fusion+1","Reinforced Body","Skim+1","Steam","Hello World"],"relics":["FrozenCore","NeowsBlessing","Letter Opener","Mummified Hand","Juzu Bracelet","Ancient Tea Set","Medical Kit","Matryoshka","DataDisk","War Paint","Anchor"],"potions_floor_usage":[8,23,23],"damage_taken":[{"damage":0,"enemies":"2 Louse","floor":1,"turns":1},{"damage":0,"enemies":"Jaw Worm","floor":5,"turns":1},{"damage":0,"enemies":"Lagavulin","floor":6,"turns":1},{"damage":41,"enemies":"Gremlin Nob","floor":8,"turns":5},{"damage":0,"enemies":"Cultist","floor":11,"turns":3},{"damage":10,"enemies":"Exordium Thugs","floor":12,"turns":3},{"damage":0,"enemies":"Blue Slaver","floor":13,"turns":3},{"damage":43,"enemies":"Hexaghost","floor":16,"turns":8},{"damage":8,"enemies":"2 Thieves","floor":18,"turns":5},{"damage":10,"enemies":"Gremlin Leader","floor":23,"turns":6},{"damage":9,"enemies":"Chosen","floor":25,"turns":4},{"damage":0,"enemies":"Snake Plant","floor":27,"turns":4},{"damage":11,"enemies":"Book of Stabbing","floor":29,"turns":4}],"seed_played":"4157633691256199514","potions_obtained":[{"floor":6,"key":"Regen Potion"},{"floor":11,"key":"Explosive Potion"},{"floor":18,"key":"AttackPotion"}],"is_trial":false,"path_per_floor":["M","?","?","T","M","E","R","E","T","R","M","M","M","?","R","B",null,"M","?","?","$","T","E","R","M","T","M","?","E"],"character_chosen":"DEFECT","items_purchased":["Amplify","FTL","Medical Kit"],"campfire_rested":1,"item_purchase_floors":[21,21,21],"current_hp_per_floor":[68,53,71,71,71,71,71,39,39,39,39,29,29,29,51,8,58,50,50,50,50,50,40,40,31,31,31,31,20],"gold":195,"neow_bonus":"THREE_ENEMY_KILL","is_prod":false,"is_daily":false,"chose_seed":false,"campfire_upgraded":3,"win_rate":0,"timestamp":1548068317,"path_taken":["M","?","?","?","?","E","R","E","T","R","M","M","M","?","R","BOSS","M","?","?","$","?","E","R","M","T","M","?","E"],"build_version":"2019-01-17v2","purchased_purges":0,"victory":false,"max_hp_per_floor":[75,75,75,75,75,75,75,75,75,75,75,75,75,75,75,75,75,75,75,75,75,75,75,75,75,75,75,75,75],"card_choices":[{"not_picked":["Compile Driver","Go for the Eyes"],"picked":"Rebound","floor":1},{"not_picked":["Beam Cell","Turbo"],"picked":"Conserve Battery","floor":5},{"not_picked":["Reprogram","Steam"],"picked":"Loop","floor":6},{"not_picked":["Redo","Heatsinks"],"picked":"White Noise","floor":8},{"not_picked":["Go for the Eyes","Rebound"],"picked":"Biased Cognition","floor":11},{"not_picked":["Beam Cell","Steam"],"picked":"Sweeping Beam","floor":12},{"not_picked":["Streamline","Hologram"],"picked":"Sunder","floor":13},{"not_picked":["Core Surge","Fission"],"picked":"Buffer","floor":16},{"not_picked":["Gash","Redo"],"picked":"Coolheaded","floor":18},{"not_picked":["Turbo+1","Gash"],"picked":"Fusion","floor":23},{"not_picked":["Sunder","Rebound"],"picked":"Reinforced Body","floor":25},{"not_picked":["Gash","Recycle"],"picked":"Skim+1","floor":27}],"player_experience":2007757,"relics_obtained":[{"floor":4,"key":"Letter Opener"},{"floor":6,"key":"Mummified Hand"},{"floor":8,"key":"Juzu Bracelet"},{"floor":9,"key":"Ancient Tea Set"},{"floor":22,"key":"Matryoshka"},{"floor":23,"key":"DataDisk"},{"floor":26,"key":"War Paint"},{"floor":26,"key":"Anchor"}],"event_choices":[{"damage_healed":0,"gold_gain":0,"player_choice":"Entered Light","damage_taken":15,"max_hp_gain":0,"max_hp_loss":0,"event_name":"Shining Light","floor":2,"gold_loss":0,"cards_upgraded":["Strike_B","Defend_B"]},{"damage_healed":18,"gold_gain":0,"player_choice":"Healed","damage_taken":0,"max_hp_gain":0,"max_hp_loss":0,"event_name":"The Cleric","floor":3,"gold_loss":35},{"damage_healed":0,"gold_gain":0,"player_choice":"Forge","damage_taken":0,"max_hp_gain":0,"max_hp_loss":0,"event_name":"Accursed Blacksmith","floor":14,"gold_loss":0,"cards_upgraded":["Biased Cognition"]},{"damage_healed":0,"gold_gain":0,"player_choice":"Ignored","damage_taken":0,"max_hp_gain":0,"max_hp_loss":0,"event_name":"Vampires","floor":19,"gold_loss":0},{"damage_healed":0,"gold_gain":99,"player_choice":"Stole From Cult","damage_taken":0,"max_hp_gain":0,"max_hp_loss":0,"event_name":"Nest","floor":20,"gold_loss":0},{"damage_healed":0,"gold_gain":0,"cards_transformed":["Strike_B","Strike_B"],"player_choice":"Became Test Subject","damage_taken":0,"max_hp_gain":0,"max_hp_loss":0,"event_name":"Drug Dealer","floor":28,"gold_loss":0,"cards_obtained":["Steam","Hello World"]}],"is_beta":false,"boss_relics":[{"not_picked":["White Beast Statue","Snecko Eye"],"picked":"FrozenCore"}],"items_purged_floors":[],"is_endless":false,"potions_floor_spawned":[6,11,18],"killed_by":"Book of Stabbing","ascension_level":12}