{"gold_per_floor":[117,117,21,41,8,40,60,135,135,135,163,338,338,355,355,452,452],"floor_reached":17,"playtime":477,"items_purged":[],"score":256,"play_id":"1816c674-e5a7-46f9-a15d-d448b72e662a","local_time":"20190211164254","is_ascension_mode":true,"campfire_choices":[{"floor":10.0,"key":"REST"},{"data":"Combust","floor":13.0,"key":"SMITH"},{"floor":15.0,"key":"REST"}],"neow_cost":"PERCENT_DAMAGE","seed_source_timestamp":0,"circlet_count":0,"master_deck":["Strike_R+1","Strike_R","Strike_R","Strike_R","Strike_R","Bash+1","Anger+1","Combust+1","Spot Weakness","Dramatic Entrance","Pommel Strike","Feel No Pain","Anger+1","Whirlwind","Evolve","Doubt","Hemokinesis","Brutality"],"special_seed":0,"relics":["Burning Blood","Bottled Tornado","Whetstone","Bag of Preparation","Empty Cage"],"potions_floor_usage":[],"damage_taken":[{"damage":3.0,"enemies":"Cultist","floor":1.0,"turns":3.0},{"damage":0.0,"enemies":"Small Slimes","floor":4.0,"turns":2.0},{"damage":17.0,"enemies":"Gremlin Nob","floor":6.0,"turns":3.0},{"damage":13.0,"enemies":"Jaw Worm","floor":7.0,"turns":2.0},{"damage":39.0,"enemies":"Lagavulin","floor":11.0,"turns":5.0},{"damage":9.0,"enemies":"2 Fungi Beasts","floor":14.0,"turns":2.0},{"damage":10.0,"enemies":"Slime Boss","floor":16.0,"turns":7.0}],"seed_played":"-8310308378680589333","potions_obtained":[{"floor":7.0,"key":"FearPotion"},{"floor":11.0,"key":"FearPotion"},{"floor":14.0,"key":"GamblersBrew"},{"floor":16.0,"key":"Ancient Potion"}],"is_trial":false,"path_per_floor":["M","?","$","M","$","E","M","?","T","R","E","?","R","M","R","B",null],"character_chosen":"IRONCLAD","items_purchased":["Dramatic Entrance","Feel No Pain"],"campfire_rested":2,"item_purchase_floors":[3,5],"current_hp_per_floor":[59,43,43,49,49,38,31,20,20,44,11,11,11,8,32,28,80],"gold":452,"neow_bonus":"TRANSFORM_TWO_CARDS","is_prod":false,"is_daily":false,"chose_seed":false,"campfire_upgraded":1,"win_rate":0,"timestamp":1549932174,"path_taken":["M","?","$","M","$","E","M","?","T","R","E","?","R","M","R","BOSS"],"build_version":"2019-01-23","purchased_purges":0,"victory":false,"max_hp_per_floor":[80,80,80,80,80,80,80,80,80,80,80,80,80,80,80,80,80],"card_choices":[{"not_picked":["Sword Boomerang","Body Slam"],"picked":"Spot Weakness","floor":1.0},{"not_picked":["Twin Strike","Havoc"],"picked":"Pommel Strike","floor":4.0},{"not_picked":["Clash","Clothesline"],"picked":"Anger","floor":6.0},{"not_picked":["Thunderclap","Heavy Blade"],"picked":"Whirlwind","floor":7.0},{"not_picked":["Ghostly Armor","Flex"],"picked":"Evolve","floor":11.0},{"not_picked":["Twin Strike","Warcry"],"picked":"Hemokinesis","floor":14.0},{"not_picked":["Berserk","Offering"],"picked":"Brutality","floor":16.0}],"player_experience":152400,"relics_obtained":[{"floor":6.0,"key":"Bottled Tornado"},{"floor":9.0,"key":"Whetstone"},{"floor":11.0,"key":"Bag of Preparation"}],"event_choices":[{"damage_healed":0.0,"max_hp_gain":0.0,"max_hp_loss":0.0,"gold_gain":0.0,"event_name":"Shining Light","player_choice":"Entered Light","floor":2.0,"gold_loss":0.0,"damage_taken":16.0,"cards_upgraded":["Strike_R","Bash"]},{"damage_healed":0.0,"max_hp_gain":0.0,"max_hp_loss":0.0,"gold_gain":75.0,"event_name":"World of Goop","player_choice":"Gather Gold","floor":8.0,"gold_loss":0.0,"damage_taken":11.0},{"damage_healed":0.0,"max_hp_gain":0.0,"max_hp_loss":0.0,"gold_gain":175.0,"event_name":"Liars Game","player_choice":"AGREE","floor":12.0,"gold_loss":0.0,"damage_taken":0.0,"cards_obtained":["Doubt"]}],"is_beta":false,"boss_relics":[{"not_picked":["Orrery","Eternal Feather"],"picked":"Empty Cage"}],"items_purged_floors":[],"is_endless":false,"potions_floor_spawned":[7,11,14,16],"ascension_level":4}