{"gold_per_floor":[109,127,127,27,39,39,39,39,39,39,58,75,75,93,93,189,239,254,179,179,194,212,212,231,250,331,341,374,386,426,438],"floor_reached":31,"playtime":1144,"items_purged":["Regret"],"score":442,"play_id":"ffb8fa3b-e616-47f1-a439-691ca5bf81eb","local_time":"20190108194106","is_ascension_mode":true,"campfire_choices":[{"floor":6.0,"key":"DIG"},{"floor":8.0,"key":"DIG"},{"floor":13.0,"key":"DIG"},{"floor":15.0,"key":"DIG"},{"floor":23,"key":"DIG"},{"floor":29,"key":"REST"}],"neow_cost":"NONE","seed_source_timestamp":1060713572244152,"circlet_count":0,"master_deck":["AscendersBane","Strike_B+1","Strike_B","Strike_B+1","Defend_B","Defend_B","Defend_B","Defend_B","Zap","Dualcast","Cold Snap","Ball Lightning","Cold Snap","Rainbow","BootSequence+1","Chaos","Rebound+1","Creative AI","Ball Lightning+1","Double Energy+1","Cold Snap+1","Auto Shields","Leap","Hello World","Cold Snap+1","Ball Lightning+1","Turbo"],"special_seed":0,"relics":["White Beast Statue","Shovel","Potion Belt","Matryoshka","Dodecahedron","Molten Egg 2","Dream Catcher","Smiling Mask","Sundial","Tiny House","DataDisk","Ginger","Darkstone Periapt","Bottled Tornado","MawBank","Whetstone"],"potions_floor_usage":[16,16,22,22,22,24,24,28,28,28,30],"damage_taken":[{"damage":15.0,"enemies":"Cultist","floor":1.0,"turns":5.0},{"damage":2.0,"enemies":"2 Louse","floor":2.0,"turns":4.0},{"damage":2.0,"enemies":"Small Slimes","floor":5.0,"turns":3.0},{"damage":0.0,"enemies":"3 Louse","floor":11.0,"turns":1.0},{"damage":2.0,"enemies":"Red Slaver","floor":12.0,"turns":4.0},{"damage":2.0,"enemies":"Blue Slaver","floor":14.0,"turns":3.0},{"damage":5,"enemies":"Slime Boss","floor":16,"turns":9},{"damage":4,"enemies":"Spheric Guardian","floor":18,"turns":3},{"damage":4,"enemies":"Shell Parasite","floor":21,"turns":5},{"damage":8,"enemies":"Snake Plant","floor":22,"turns":4},{"damage":17,"enemies":"Snecko","floor":24,"turns":7},{"damage":18,"enemies":"Shelled Parasite and Fungi","floor":25,"turns":7},{"damage":0,"enemies":"Centurion and Healer","floor":27,"turns":8},{"damage":10,"enemies":"Slavers","floor":28,"turns":8},{"damage":22,"enemies":"Book of Stabbing","floor":30,"turns":6},{"damage":18,"enemies":"Snake Plant","floor":31,"turns":4}],"seed_played":"8451910993353976922","potions_obtained":[{"floor":1.0,"key":"Fruit Juice"},{"floor":2.0,"key":"PowerPotion"},{"floor":5.0,"key":"Explosive Potion"},{"floor":10.0,"key":"Energy Potion"},{"floor":10.0,"key":"EssenceOfSteel"},{"floor":11.0,"key":"SteroidPotion"},{"floor":16,"key":"Block Potion"},{"floor":17,"key":"SkillPotion"},{"floor":21,"key":"Energy Potion"},{"floor":22,"key":"Weak Potion"},{"floor":24,"key":"SteroidPotion"},{"floor":25,"key":"Block Potion"},{"floor":27,"key":"Weak Potion"},{"floor":28,"key":"PowerPotion"},{"floor":30,"key":"Fire Potion"}],"is_trial":false,"path_per_floor":["M","M","?","$","M","R","?","R","T","?","M","M","R","M","R","B",null,"M","?","?","M","M","R","M","M","T","M","E","R","E","M"],"character_chosen":"DEFECT","items_purchased":["Cold Snap"],"campfire_rested":1,"item_purchase_floors":[4],"current_hp_per_floor":[53,56,56,56,54,54,54,54,54,54,54,52,52,50,50,45,76,72,72,72,68,60,60,43,25,25,25,15,40,18,0],"gold":438,"neow_bonus":"BOSS_RELIC","is_prod":false,"is_daily":false,"chose_seed":false,"campfire_upgraded":0,"win_rate":0,"timestamp":1546972866,"path_taken":["M","?","?","$","M","R","?","R","T","?","M","M","R","M","R","BOSS","M","?","?","M","?","R","M","M","T","M","E","R","E","M"],"build_version":"2019-01-03v4","purchased_purges":1,"victory":false,"max_hp_per_floor":[75,80,80,80,80,80,80,80,80,80,80,80,80,80,80,80,85,85,85,85,85,85,85,85,85,85,85,85,85,85,85],"card_choices":[{"not_picked":["Go for the Eyes","Redo"],"picked":"Cold Snap","floor":1.0},{"not_picked":["Coolheaded","Go for the Eyes"],"picked":"Ball Lightning","floor":2.0},{"not_picked":["Rebound","Coolheaded"],"picked":"Rainbow","floor":5.0},{"not_picked":["Reprogram","Reinforced Body"],"picked":"BootSequence","floor":11.0},{"not_picked":["Steam","Gash+1"],"picked":"Chaos","floor":12.0},{"not_picked":["Go for the Eyes+1","Machine Learning"],"picked":"Rebound+1","floor":14.0},{"not_picked":["Amplify","All For One+1"],"picked":"Creative AI","floor":16},{"not_picked":["Conserve Battery","Stack"],"picked":"Ball Lightning+1","floor":17},{"not_picked":["Sweeping Beam+1","Steam"],"picked":"Double Energy+1","floor":18},{"not_picked":["Go for the Eyes+1","Double Energy"],"picked":"Cold Snap+1","floor":21},{"not_picked":["Hello World","Steam"],"picked":"Auto Shields","floor":22},{"not_picked":["Streamline+1","Steam Power"],"picked":"Leap","floor":24},{"not_picked":["Skim","Redo"],"picked":"Hello World","floor":25},{"not_picked":["Ball Lightning+1","Rip and Tear+1"],"picked":"Cold Snap+1","floor":27},{"not_picked":["Loop","Lockon+1","Scrape+1"],"picked":"SKIP","floor":28},{"not_picked":["Rip and Tear+1","Machine Learning"],"picked":"Ball Lightning+1","floor":29},{"not_picked":["Streamline+1","Creative AI"],"picked":"Turbo","floor":30}],"player_experience":1926252,"relics_obtained":[{"floor":6.0,"key":"Potion Belt"},{"floor":8.0,"key":"Dodecahedron"},{"floor":9.0,"key":"Molten Egg 2"},{"floor":9.0,"key":"Dream Catcher"},{"floor":13.0,"key":"Smiling Mask"},{"floor":15.0,"key":"Sundial"},{"floor":23,"key":"Ginger"},{"floor":26,"key":"Darkstone Periapt"},{"floor":26,"key":"Bottled Tornado"},{"floor":28,"key":"MawBank"},{"floor":30,"key":"Whetstone"}],"event_choices":[{"damage_healed":0.0,"max_hp_gain":0.0,"max_hp_loss":0.0,"gold_gain":0.0,"event_name":"Big Fish","player_choice":"Box","floor":3.0,"gold_loss":0.0,"damage_taken":0.0,"relics_obtained":["Shovel"],"cards_obtained":["Regret"]},{"damage_healed":0.0,"max_hp_gain":0.0,"max_hp_loss":0.0,"gold_gain":0.0,"event_name":"Dead Adventurer","player_choice":"Searched \u00272\u0027 times","floor":7.0,"gold_loss":0.0,"damage_taken":0.0,"relics_obtained":["Matryoshka"]},{"damage_healed":0.0,"max_hp_gain":0.0,"max_hp_loss":0.0,"gold_gain":0.0,"event_name":"Lab","player_choice":"Got Potions","floor":10.0,"gold_loss":0.0,"damage_taken":0.0},{"cards_removed":["Strike_B"],"damage_healed":0,"gold_gain":0,"player_choice":"Gave Gold","damage_taken":0,"max_hp_gain":0,"max_hp_loss":0,"event_name":"Beggar","floor":19,"gold_loss":75},{"damage_healed":0,"gold_gain":0,"player_choice":"Gave Potion","damage_taken":0,"relics_obtained":["DataDisk"],"max_hp_gain":0,"max_hp_loss":0,"event_name":"WeMeetAgain","floor":20,"gold_loss":0}],"is_beta":false,"boss_relics":[{"not_picked":["Astrolabe","Runic Pyramid"],"picked":"Tiny House"}],"items_purged_floors":[4],"is_endless":false,"potions_floor_spawned":[1,2,5,11,12,14,16,18,21,22,24,25,27,28,30],"killed_by":"Snake Plant","ascension_level":11}