{"gold_per_floor":[110,120,138,138,157,183,183,201,201,226,226,257,257,149,149,254,254,266,284,298,298,310,310,344,344,344,373,373,385,385,404,404,404],"floor_reached":33,"playtime":1881,"items_purged":[],"score":409,"play_id":"e9ca491d-b159-4785-9b1c-afb59425dc9f","local_time":"20180630220246","is_ascension_mode":true,"campfire_choices":[{"data":"Zap","floor":7.0,"key":"SMITH"},{"floor":11,"key":"REST"},{"data":"Dualcast","floor":13,"key":"SMITH"},{"data":"Strike_B","floor":15,"key":"PURGE"},{"floor":23,"key":"REST"},{"floor":25,"key":"REST"},{"data":"1","floor":28,"key":"LIFT"},{"data":"2","floor":30,"key":"LIFT"},{"floor":32,"key":"REST"}],"neow_cost":"","seed_source_timestamp":185691831912175,"circlet_count":0,"master_deck":["Strike_B+1","Strike_B+1","Strike_B+1","Defend_B+1","Defend_B+1","Defend_B+1","Defend_B+1","Zap+1","Dualcast+1","Ball Lightning","Ball Lightning","Barrage","Redo","Compile Driver","Go for the Eyes","Ball Lightning","Stack","Tempest","Static Discharge","Auto Shields","Electrodynamics","Ball Lightning+1","FTL","Ball Lightning+1","Stack","Chill+1","Thunder Strike","Stack+1","Steam+1"],"special_seed":0,"relics":["Cracked Core","Blood Vial","Peace Pipe","Dream Catcher","Kunai","Vajra","Black Star","Singing Bowl","Anchor","Girya","Bottled Flame","Mercury Hourglass"],"potions_floor_usage":[10,10,12,19,24,24,27,33,33],"damage_taken":[{"damage":1.0,"enemies":"Cultist","floor":1.0,"turns":3.0},{"damage":7.0,"enemies":"2 Louse","floor":2.0,"turns":2.0},{"damage":3.0,"enemies":"Small Slimes","floor":3.0,"turns":3.0},{"damage":15.0,"enemies":"Gremlin Gang","floor":5.0,"turns":4.0},{"damage":17.0,"enemies":"3 Sentries","floor":6.0,"turns":5.0},{"damage":9.0,"enemies":"Red Slaver","floor":8.0,"turns":3.0},{"damage":10,"enemies":"Lagavulin","floor":10,"turns":6},{"damage":3,"enemies":"3 Sentries","floor":12,"turns":4},{"damage":21,"enemies":"The Guardian","floor":16,"turns":10},{"damage":21,"enemies":"Shell Parasite","floor":18,"turns":4},{"damage":14,"enemies":"3 Byrds","floor":19,"turns":3},{"damage":8,"enemies":"3 Cultists","floor":20,"turns":3},{"damage":22,"enemies":"Sentry and Sphere","floor":22,"turns":4},{"damage":16,"enemies":"Book of Stabbing","floor":24,"turns":4},{"damage":8,"enemies":"Slavers","floor":27,"turns":3},{"damage":5,"enemies":"Slaver and Parasite","floor":29,"turns":4},{"damage":0,"enemies":"Cultist and Chosen","floor":31,"turns":3},{"damage":69,"enemies":"Collector","floor":33,"turns":6}],"seed_played":"8707972585196303849","potions_obtained":[{"floor":2.0,"key":"Poison Potion"},{"floor":8.0,"key":"SpeedPotion"},{"floor":10,"key":"Fire Potion"},{"floor":12,"key":"Weak Potion"},{"floor":18,"key":"AttackPotion"},{"floor":20,"key":"Strength Potion"},{"floor":24,"key":"EssenceOfSteel"},{"floor":27,"key":"Block Potion"},{"floor":31,"key":"Swift Potion"}],"is_trial":false,"path_per_floor":["M","M","M","T","M","E","R","M","T","E","R","E","R","$","R","B",null,"M","M","M","?","M","R","E","R","T","E","R","M","R","M","R"],"character_chosen":"DEFECT","items_purchased":["Static Discharge","Auto Shields"],"campfire_rested":4,"item_purchase_floors":[14,14],"current_hp_per_floor":[74,67,64,64,51,36,36,29,29,21,43,42,42,42,42,23,62,43,31,25,25,5,27,13,35,35,31,31,30,30,32,57,0],"gold":404,"neow_bonus":"","is_prod":false,"is_daily":false,"chose_seed":false,"campfire_upgraded":2,"win_rate":0,"timestamp":1530388966,"path_taken":["M","?","?","?","M","E","R","M","T","E","R","E","R","$","R","BOSS","M","?","M","?","?","R","E","R","T","E","R","M","R","?","R","BOSS"],"build_version":"2018-06-28","purchased_purges":0,"victory":false,"max_hp_per_floor":[75,75,75,75,75,75,75,75,75,75,75,75,75,75,75,75,75,75,75,75,75,75,75,75,75,75,77,77,79,79,79,81,81],"card_choices":[{"not_picked":["Go for the Eyes","Streamline"],"picked":"Ball Lightning","floor":1.0},{"not_picked":["Sweeping Beam","Scrape"],"picked":"Ball Lightning","floor":2.0},{"not_picked":["Compile Driver","Rebound"],"picked":"Barrage","floor":3.0},{"not_picked":["Hologram","Rebound"],"picked":"Redo","floor":5.0},{"not_picked":["Amplify","Beam Cell"],"picked":"Compile Driver","floor":6.0},{"not_picked":["Barrage","Beam Cell"],"picked":"Go for the Eyes","floor":8.0},{"not_picked":["Chaos","Genetic Algorithm"],"picked":"Ball Lightning","floor":10},{"not_picked":["Compile Driver","Streamline"],"picked":"Stack","floor":11},{"not_picked":["Seek","Rip and Tear"],"picked":"Tempest","floor":12},{"not_picked":["Core Surge","Machine Learning"],"picked":"Electrodynamics","floor":16},{"not_picked":["Beam Cell","Streamline"],"picked":"Ball Lightning+1","floor":18},{"not_picked":["Blizzard","Gash"],"picked":"FTL","floor":19},{"not_picked":["Reprogram","Leap"],"picked":"Ball Lightning+1","floor":20},{"not_picked":["Sunder","Beam Cell"],"picked":"Stack","floor":22},{"not_picked":["Scrape","Ball Lightning"],"picked":"Chill+1","floor":23},{"not_picked":["Turbo","Heatsinks"],"picked":"Thunder Strike","floor":24},{"not_picked":["Redo+1","Compile Driver"],"picked":"Stack+1","floor":25},{"not_picked":["Fission","Rip and Tear","Turbo"],"picked":"Singing Bowl","floor":27},{"not_picked":["Gash","Double Energy","Cold Snap"],"picked":"Singing Bowl","floor":29},{"not_picked":["Tempest","Biased Cognition"],"picked":"Steam+1","floor":31},{"not_picked":["Steam","Beam Cell","Streamline"],"picked":"Singing Bowl","floor":32}],"player_experience":803431,"relics_obtained":[{"floor":4.0,"key":"Blood Vial"},{"floor":6.0,"key":"Peace Pipe"},{"floor":9.0,"key":"Dream Catcher"},{"floor":10,"key":"Kunai"},{"floor":12,"key":"Vajra"},{"floor":24,"key":"Singing Bowl"},{"floor":24,"key":"Anchor"},{"floor":26,"key":"Girya"},{"floor":27,"key":"Bottled Flame"},{"floor":27,"key":"Mercury Hourglass"}],"event_choices":[{"event_name":"Back to Basics","player_choice":"Simplicity","floor":21,"damage_taken":0}],"boss_relics":[{"not_picked":["Astrolabe","Tiny House"],"picked":"Black Star"}],"items_purged_floors":[],"is_endless":false,"potions_floor_spawned":[2,8,10,12,18,20,24,27,31],"killed_by":"Collector","ascension_level":5}