{"gold_per_floor":[115,76,76,34,100,126,9,35,81,81,98,114,114,127,127,127],"floor_reached":16,"playtime":613,"items_purged":["Defend_R"],"score":300,"play_id":"864803a0-5f44-4bbb-9244-27cb8ee6da55","local_time":"20190217141646","is_ascension_mode":true,"campfire_choices":[{"data":"Barricade","floor":10,"key":"SMITH"},{"floor":15,"key":"REST"}],"neow_cost":"NONE","seed_source_timestamp":15098812060652351,"circlet_count":0,"master_deck":["AscendersBane","Strike_R","Strike_R","Strike_R","Strike_R","Defend_R+1","Defend_R+1","Bash","Dropkick","Metallicize","Blood for Blood","Evolve","Ghostly Armor","Dual Wield","Barricade+1","Flame Barrier","Shrug It Off"],"relics":["Burning Blood","NeowsBlessing","War Paint","Bottled Lightning","Oddly Smooth Stone"],"potions_floor_usage":[],"damage_taken":[{"damage":0,"enemies":"Cultist","floor":1,"turns":1},{"damage":0,"enemies":"3 Sentries","floor":6,"turns":1},{"damage":0,"enemies":"Gremlin Nob","floor":8,"turns":1},{"damage":12,"enemies":"Jaw Worm","floor":11,"turns":9},{"damage":12,"enemies":"Small Slimes","floor":12,"turns":6},{"damage":19,"enemies":"3 Louse","floor":14,"turns":5},{"damage":74,"enemies":"Slime Boss","floor":16,"turns":18}],"seed_played":"-280599128750900183","potions_obtained":[{"floor":1,"key":"Ancient Potion"},{"floor":11,"key":"EssenceOfSteel"},{"floor":14,"key":"Dexterity Potion"}],"is_trial":false,"path_per_floor":["M","$","?","$","?","E","$","E","T","R","M","M","?","M","R","B"],"character_chosen":"IRONCLAD","items_purchased":["Metallicize","Evolve","Dual Wield"],"campfire_rested":1,"item_purchase_floors":[2,4,7],"current_hp_per_floor":[74,74,74,74,74,75,75,75,75,75,69,63,63,50,72,0],"gold":127,"neow_bonus":"THREE_ENEMY_KILL","is_prod":false,"is_daily":false,"chose_seed":false,"campfire_upgraded":1,"win_rate":0,"timestamp":1550409406,"path_taken":["M","?","?","$","?","E","$","E","T","R","M","M","?","?","R","BOSS"],"build_version":"2019-01-23","purchased_purges":1,"victory":false,"max_hp_per_floor":[75,75,75,75,75,75,75,75,75,75,75,75,75,75,75,75],"card_choices":[{"not_picked":["Searing Blow","Wild Strike"],"picked":"Dropkick","floor":1},{"not_picked":["Searing Blow","Perfected Strike"],"picked":"Ghostly Armor","floor":6},{"not_picked":["Havoc","Armaments","Barricade"],"picked":"SKIP","floor":8},{"not_picked":["Havoc","Armaments"],"picked":"Barricade","floor":8},{"not_picked":["Cleave","Pommel Strike","Blood for Blood"],"picked":"SKIP","floor":11},{"not_picked":["Flex","Pommel Strike"],"picked":"Flame Barrier","floor":12},{"not_picked":["Flame Barrier","Warcry"],"picked":"Shrug It Off","floor":14}],"player_experience":404025,"relics_obtained":[{"floor":6,"key":"War Paint"},{"floor":8,"key":"Bottled Lightning"},{"floor":9,"key":"Oddly Smooth Stone"}],"event_choices":[{"damage_healed":0,"gold_gain":0,"cards_transformed":["Defend_R"],"player_choice":"Change","damage_taken":0,"max_hp_gain":0,"max_hp_loss":0,"event_name":"Living Wall","floor":3,"gold_loss":0,"cards_obtained":["Blood for Blood"]},{"damage_healed":0,"gold_gain":66,"player_choice":"Gained Gold","damage_taken":0,"max_hp_gain":0,"max_hp_loss":0,"event_name":"Golden Wing","floor":5,"gold_loss":0},{"cards_removed":["Strike_R"],"damage_healed":0,"gold_gain":0,"player_choice":"Offered Basic","damage_taken":0,"max_hp_gain":0,"max_hp_loss":0,"event_name":"Bonfire Elementals","floor":13,"gold_loss":0}],"is_beta":false,"boss_relics":[],"items_purged_floors":[7],"is_endless":false,"potions_floor_spawned":[1,11,14],"killed_by":"Slime Boss","ascension_level":18}