{"gold_per_floor":[115,115,129,140,140,140,167,180,180,207,207,233,233,43,43,143,143,153,153,153,153,153,153,182,182,258,276,310,161,179,192,192,291,291,302,302,262,273,273,273,300,300,323,323,334,353,353],"floor_reached":47,"playtime":2006,"items_purged":[],"score":712,"play_id":"b2b9947c-c51e-46d3-9b33-5d42c61c5b3b","local_time":"20180817121442","is_ascension_mode":true,"campfire_choices":[{"data":"Anger","floor":6.0,"key":"SMITH"},{"data":"Entrench","floor":11.0,"key":"SMITH"},{"floor":15.0,"key":"REST"},{"data":"Demon Form","floor":23.0,"key":"SMITH"},{"floor":25.0,"key":"REST"},{"floor":32.0,"key":"REST"},{"floor":40,"key":"REST"},{"floor":42,"key":"REST"},{"floor":44,"key":"REST"}],"neow_cost":"NONE","seed_source_timestamp":0,"circlet_count":0,"master_deck":["Strike_R","Strike_R","Strike_R","Defend_R","Defend_R","Defend_R","Defend_R","Bash","Anger+1","Flame Barrier","Warcry","Entrench+1","Spot Weakness+1","Immolate","Shrug It Off","Demon Form+1","Body Slam","Flame Barrier","Pommel Strike","Seeing Red+1","Disarm","Forethought","Trip","Havoc+1","Anger+1"],"special_seed":0,"relics":["Burning Blood","Bag of Preparation","Art of War","Gremlin Horn","Paper Frog","Lantern","Strange Spoon","Busted Crown","Bottled Flame","Bottled Lightning","Singing Bowl","Red Mask","Orichalcum","Fusion Hammer","Juzu Bracelet","Blood Vial"],"potions_floor_usage":[39,41,41,47],"damage_taken":[{"damage":1.0,"enemies":"Cultist","floor":1.0,"turns":3.0},{"damage":7.0,"enemies":"Jaw Worm","floor":3.0,"turns":3.0},{"damage":3.0,"enemies":"Small Slimes","floor":4.0,"turns":4.0},{"damage":11.0,"enemies":"Lagavulin","floor":7.0,"turns":5.0},{"damage":1.0,"enemies":"2 Fungi Beasts","floor":8.0,"turns":4.0},{"damage":14.0,"enemies":"3 Sentries","floor":10.0,"turns":8.0},{"damage":33.0,"enemies":"Lagavulin","floor":12.0,"turns":7.0},{"damage":38.0,"enemies":"The Guardian","floor":16.0,"turns":13.0},{"damage":0.0,"enemies":"Chosen","floor":18.0,"turns":4.0},{"damage":36.0,"enemies":"Book of Stabbing","floor":24.0,"turns":6.0},{"damage":14.0,"enemies":"Spheric Guardian","floor":27.0,"turns":5.0},{"damage":26.0,"floor":28.0,"turns":5.0},{"damage":12.0,"enemies":"Snake Plant","floor":30.0,"turns":4.0},{"damage":14.0,"enemies":"Snecko","floor":31.0,"turns":6.0},{"damage":57.0,"enemies":"Automaton","floor":33.0,"turns":8.0},{"damage":0,"enemies":"3 Darklings","floor":35,"turns":6},{"damage":2,"enemies":"Orb Walker","floor":38,"turns":3},{"damage":45,"enemies":"Spire Growth","floor":39,"turns":5},{"damage":42,"enemies":"Nemesis","floor":41,"turns":5},{"damage":29,"enemies":"3 Darklings","floor":45,"turns":4},{"damage":39,"enemies":"Transient","floor":46,"turns":5},{"damage":27,"enemies":"Flame Bruiser 2 Orb","floor":47,"turns":4}],"seed_played":"-3687024396142220994","potions_obtained":[{"floor":3.0,"key":"EssenceOfSteel"},{"floor":4.0,"key":"AttackPotion"},{"floor":10.0,"key":"EssenceOfSteel"},{"floor":12.0,"key":"BloodPotion"},{"floor":24.0,"key":"Strength Potion"},{"floor":27.0,"key":"Dexterity Potion"},{"floor":28.0,"key":"EntropicBrew"},{"floor":33.0,"key":"Swift Potion"},{"floor":35,"key":"Poison Potion"},{"floor":37,"key":"SkillPotion"},{"floor":37,"key":"Regen Potion"},{"floor":41,"key":"Explosive Potion"},{"floor":45,"key":"Strength Potion"}],"is_trial":false,"path_per_floor":["M","?","M","M","$","R","E","M","T","E","R","E","?","$","R","B",null,"M","?","?","T","?","R","E","R","T","M","?","$","M","M","R","B",null,"M","?","?","M","M","R","E","R","T","R","M","M"],"character_chosen":"IRONCLAD","items_purchased":["Strange Spoon","Orichalcum"],"campfire_rested":6,"item_purchase_floors":[14,29],"current_hp_per_floor":[77,70,69,72,72,72,67,72,72,64,64,37,37,37,61,29,67,73,73,73,73,73,73,43,67,67,61,49,49,43,37,62,13,68,74,69,69,73,34,59,37,63,63,88,67,38,13],"gold":353,"neow_bonus":"RANDOM_COMMON_RELIC","is_prod":false,"is_daily":false,"chose_seed":false,"campfire_upgraded":3,"win_rate":0,"timestamp":1534500882,"path_taken":["M","?","?","M","?","R","E","M","T","E","R","E","?","?","R","BOSS","M","?","?","?","?","R","E","R","T","?","?","$","M","M","R","BOSS","M","?","?","M","?","R","E","R","T","R","M","M","M"],"build_version":"2018-08-16","purchased_purges":0,"victory":false,"max_hp_per_floor":[80,80,80,80,80,80,80,80,80,80,80,80,80,80,80,80,80,80,80,80,80,80,80,80,80,80,82,82,82,82,84,84,86,86,86,86,86,86,86,86,88,88,88,88,90,92,92],"card_choices":[{"not_picked":["Wild Strike","Headbutt"],"picked":"Anger","floor":1.0},{"not_picked":["Warcry","Havoc"],"picked":"Flame Barrier","floor":3.0},{"not_picked":["Rage","Rupture"],"picked":"Warcry","floor":4.0},{"not_picked":["Power Through","Reckless Charge"],"picked":"Entrench","floor":7.0},{"not_picked":["Burning Pact","Twin Strike"],"picked":"Spot Weakness","floor":8.0},{"not_picked":["Havoc","Inflame"],"picked":"Immolate","floor":10.0},{"not_picked":["Second Wind","Body Slam"],"picked":"Shrug It Off","floor":12.0},{"not_picked":["Berserk","Fiend Fire"],"picked":"Demon Form","floor":16.0},{"not_picked":[],"picked":"Body Slam","floor":18.0},{"not_picked":["Evolve"],"picked":"SKIP","floor":24.0},{"not_picked":["Rampage"],"picked":"Singing Bowl","floor":27.0},{"not_picked":[],"picked":"Pommel Strike","floor":28.0},{"not_picked":[],"picked":"Seeing Red+1","floor":30.0},{"not_picked":["True Grit"],"picked":"Singing Bowl","floor":31.0},{"not_picked":["Brutality"],"picked":"Singing Bowl","floor":33.0},{"not_picked":[],"picked":"Disarm","floor":35},{"not_picked":[],"picked":"Forethought","floor":36},{"not_picked":[],"picked":"Trip","floor":36},{"not_picked":[],"picked":"Havoc+1","floor":38},{"not_picked":[],"picked":"Anger+1","floor":39},{"not_picked":["True Grit"],"picked":"Singing Bowl","floor":41},{"not_picked":["Dropkick"],"picked":"Singing Bowl","floor":45},{"not_picked":["Flame Barrier+1"],"picked":"Singing Bowl","floor":46}],"player_experience":887248,"relics_obtained":[{"floor":7.0,"key":"Art of War"},{"floor":9.0,"key":"Gremlin Horn"},{"floor":10.0,"key":"Paper Frog"},{"floor":12.0,"key":"Lantern"},{"floor":21.0,"key":"Bottled Flame"},{"floor":24.0,"key":"Bottled Lightning"},{"floor":26.0,"key":"Singing Bowl"},{"floor":28.0,"key":"Red Mask"},{"floor":41,"key":"Juzu Bracelet"},{"floor":43,"key":"Blood Vial"}],"event_choices":[{"event_name":"Golden Wing","player_choice":"Card Removal","floor":2.0,"damage_taken":0.0},{"event_name":"Upgrade Shrine","player_choice":"Upgraded","floor":13.0,"damage_taken":0.0},{"event_name":"Ghosts","player_choice":"Ignored","floor":19.0,"damage_taken":0.0},{"event_name":"Duplicator","player_choice":"One dupe","floor":20.0,"damage_taken":0.0},{"event_name":"Purifier","player_choice":"One Purge","floor":22.0,"damage_taken":0.0},{"event_name":"Masked Bandits","player_choice":"Fought Bandits","floor":28.0,"damage_taken":0.0},{"event_name":"SensoryStone","player_choice":"Memory 2","floor":36,"damage_taken":0},{"event_name":"The Woman in Blue","player_choice":"Bought 3 Potions","floor":37,"damage_taken":0}],"is_beta":false,"boss_relics":[{"not_picked":["Velvet Choker","Empty Cage"],"picked":"Busted Crown"},{"not_picked":["Lizard Tail","Pandora\u0027s Box"],"picked":"Fusion Hammer"}],"items_purged_floors":[],"is_endless":false,"potions_floor_spawned":[3,4,10,12,24,27,28,33,35,41,45],"killed_by":"Flame Bruiser 2 Orb","ascension_level":9}