{"gold_per_floor":[117,42,56,75,75,75,64,74,97,97,113,13,40,40,40,117,117,128,118,118,118,217,217,92,92,143,157,168,118,135,85,85,163,213,228,178,198,210,210],"floor_reached":39,"playtime":2755,"items_purged":["Defend_R","Defend_R","Wild Strike","Strike_R","Defend_R"],"score":682,"play_id":"40bfaefa-f84f-4a94-b348-db6951e20782","local_time":"20190125140706","is_ascension_mode":true,"campfire_choices":[{"data":"Rage","floor":6,"key":"SMITH"},{"floor":10,"key":"REST"},{"floor":15,"key":"REST"},{"data":"Feed","floor":23,"key":"SMITH"},{"floor":25,"key":"REST"},{"floor":32,"key":"REST"}],"neow_cost":"PERCENT_DAMAGE","seed_source_timestamp":13108889385091112,"circlet_count":0,"master_deck":["AscendersBane","Strike_R","Strike_R+1","Bash","Feed+1","Rage+1","Shrug It Off","Spot Weakness","Headbutt","Offering","Metallicize","Warcry","Flex","Iron Wave"],"relics":["Burning Blood","Dream Catcher","Boot","Runic Pyramid","Smiling Mask","Tiny House"],"potions_floor_usage":[7,13,16,16,28,33],"damage_taken":[{"damage":11,"enemies":"Cultist","floor":1,"turns":4},{"damage":0,"enemies":"Jaw Worm","floor":3,"turns":5},{"damage":12,"enemies":"Small Slimes","floor":4,"turns":4},{"damage":12,"enemies":"Exordium Thugs","floor":7,"turns":4},{"damage":13,"enemies":"3 Louse","floor":8,"turns":5},{"damage":11,"enemies":"Lots of Slimes","floor":11,"turns":6},{"damage":15,"enemies":"Lagavulin","floor":13,"turns":6},{"damage":91,"enemies":"Hexaghost","floor":16,"turns":11},{"damage":7,"enemies":"Chosen","floor":18,"turns":5},{"damage":29,"enemies":"2 Thieves","floor":19,"turns":4},{"damage":15,"enemies":"Sentry and Sphere","floor":27,"turns":6},{"damage":19,"enemies":"Snecko","floor":28,"turns":4},{"damage":21,"enemies":"Chosen and Byrds","floor":30,"turns":8},{"damage":73,"enemies":"Collector","floor":33,"turns":12},{"damage":37,"enemies":"3 Darklings","floor":35,"turns":9},{"damage":33,"enemies":"3 Shapes","floor":37,"turns":4},{"damage":53,"enemies":"Transient","floor":38,"turns":5},{"damage":21,"enemies":"Spire Growth","floor":39,"turns":1}],"seed_played":"-2192910128156204789","potions_obtained":[{"floor":1,"key":"Block Potion"},{"floor":7,"key":"EssenceOfSteel"},{"floor":11,"key":"Swift Potion"},{"floor":13,"key":"Fire Potion"},{"floor":19,"key":"Strength Potion"},{"floor":30,"key":"SkillPotion"},{"floor":34,"key":"FairyPotion"}],"is_trial":false,"path_per_floor":["M","$","M","M","?","R","M","M","T","R","M","$","E","?","R","B",null,"M","M","$","?","?","R","$","R","T","M","M","?","M","$","R","B",null,"M","$","M","M","M"],"character_chosen":"IRONCLAD","items_purchased":[],"campfire_rested":4,"item_purchase_floors":[],"current_hp_per_floor":[49,49,58,55,55,55,49,45,45,72,70,70,61,66,96,11,78,80,60,60,60,60,60,60,91,91,86,73,73,62,62,96,29,98,67,67,44,18,0],"gold":210,"neow_bonus":"THREE_RARE_CARDS","is_prod":false,"is_daily":false,"chose_seed":false,"campfire_upgraded":2,"win_rate":0,"timestamp":1548421626,"path_taken":["M","$","M","M","?","R","M","?","T","R","M","$","E","?","R","BOSS","M","M","$","?","?","R","$","R","T","?","M","?","M","$","R","BOSS","M","$","?","?","M"],"build_version":"2019-01-23","purchased_purges":5,"victory":false,"max_hp_per_floor":[83,83,86,89,89,89,89,92,92,92,95,95,95,100,100,100,100,103,106,106,106,106,106,106,106,106,110,110,110,114,114,114,114,119,119,119,123,123,123],"card_choices":[{"not_picked":["Impervious","Offering"],"picked":"Feed","floor":0},{"not_picked":["Body Slam","Sword Boomerang"],"picked":"Rage","floor":1},{"not_picked":["Heavy Blade","Sword Boomerang"],"picked":"Shrug It Off","floor":3},{"not_picked":["Intimidate","Dual Wield","Shrug It Off"],"picked":"SKIP","floor":4},{"not_picked":["Rupture","Searing Blow"],"picked":"Spot Weakness","floor":7},{"not_picked":["Heavy Blade","Uppercut","Body Slam"],"picked":"SKIP","floor":8},{"not_picked":["Anger","Evolve","Ghostly Armor"],"picked":"SKIP","floor":11},{"not_picked":["Spot Weakness","Demon Form","Clash"],"picked":"SKIP","floor":13},{"not_picked":["Bloodletting","Armaments"],"picked":"Headbutt","floor":18},{"not_picked":["Perfected Strike","Feel No Pain","Clash"],"picked":"SKIP","floor":19},{"not_picked":["Carnage","Corruption"],"picked":"Metallicize","floor":25},{"not_picked":["Feel No Pain","Inflame","Shockwave"],"picked":"SKIP","floor":27},{"not_picked":["Clash","Sword Boomerang","Shrug It Off"],"picked":"SKIP","floor":28},{"not_picked":["Demon Form","Inflame"],"picked":"Warcry","floor":30},{"not_picked":["Evolve","Wild Strike"],"picked":"Flex","floor":32},{"not_picked":["Blood for Blood+1","Metallicize+1"],"picked":"Iron Wave","floor":35},{"not_picked":["Sentinel+1","Havoc+1","Thunderclap+1"],"picked":"SKIP","floor":37},{"not_picked":["Metallicize","Warcry","True Grit"],"picked":"SKIP","floor":38}],"player_experience":319247,"relics_obtained":[{"floor":9,"key":"Dream Catcher"},{"floor":13,"key":"Boot"},{"floor":26,"key":"Smiling Mask"}],"event_choices":[{"cards_removed":["Defend_R"],"damage_healed":0,"gold_gain":0,"player_choice":"Purged","damage_taken":0,"max_hp_gain":0,"max_hp_loss":0,"event_name":"Purifier","floor":5,"gold_loss":0},{"damage_healed":0,"gold_gain":0,"player_choice":"Donut","damage_taken":0,"max_hp_gain":5,"max_hp_loss":0,"event_name":"Big Fish","floor":14,"gold_loss":0},{"damage_healed":0,"gold_gain":0,"cards_transformed":["Strike_R","Strike_R"],"player_choice":"Became Test Subject","damage_taken":0,"max_hp_gain":0,"max_hp_loss":0,"event_name":"Drug Dealer","floor":21,"gold_loss":0,"cards_obtained":["Wild Strike","Offering"]},{"damage_healed":0,"gold_gain":99,"player_choice":"Stole From Cult","damage_taken":0,"max_hp_gain":0,"max_hp_loss":0,"event_name":"Nest","floor":22,"gold_loss":0},{"damage_healed":0,"gold_gain":0,"player_choice":"Bet on Owner","damage_taken":0,"max_hp_gain":0,"max_hp_loss":0,"event_name":"The Joust","floor":29,"gold_loss":50}],"is_beta":false,"boss_relics":[{"not_picked":["Velvet Choker","Pandora\u0027s Box"],"picked":"Runic Pyramid"},{"not_picked":["Snecko Eye","Calling Bell"],"picked":"Tiny House"}],"items_purged_floors":[2,12,24,31,36],"is_endless":false,"potions_floor_spawned":[1,7,11,13,19,30],"killed_by":"Spire Growth","ascension_level":13}