{"gold_per_floor":[115,115,115,134,148,169,207,226,226,226,226,240,165,200,200,294,294,307,328,328,367,317,317,356,356,382,382],"floor_reached":27,"playtime":768,"items_purged":["Regret"],"score":435,"play_id":"46ddba2f-4353-450f-accf-87404f757538","local_time":"20190218184557","is_ascension_mode":true,"campfire_choices":[{"data":"Flame Barrier","floor":10.0,"key":"SMITH"},{"floor":15.0,"key":"REST"},{"data":"Immolate","floor":23,"key":"SMITH"},{"floor":25,"key":"REST"}],"neow_cost":"NONE","seed_source_timestamp":138169417699240,"circlet_count":0,"master_deck":["AscendersBane","Bash","Carnage+1","True Grit","Flame Barrier+1","Inflame","True Grit","Anger","True Grit","Impervious","Immolate+1","Fire Breathing","Seeing Red","Berserk","Brutality","Double Tap","Iron Wave","Feed","Berserk","Immolate","True Grit+1","True Grit","Dropkick","Shockwave+1"],"special_seed":0,"relics":["Burning Blood","NeowsBlessing","Golden Idol","Kunai","Gremlin Horn","Bag of Preparation","Dead Branch","Pandora\u0027s Box","Red Mask","Blood Vial","Regal Pillow"],"potions_floor_usage":[],"damage_taken":[{"damage":0.0,"enemies":"2 Louse","floor":1.0,"turns":1.0},{"damage":0.0,"enemies":"Cultist","floor":4.0,"turns":1.0},{"damage":0.0,"enemies":"Small Slimes","floor":5.0,"turns":1.0},{"damage":12.0,"enemies":"Blue Slaver","floor":6.0,"turns":4.0},{"damage":18.0,"enemies":"Gremlin Nob","floor":7.0,"turns":4.0},{"damage":9.0,"enemies":"3 Louse","floor":8.0,"turns":3.0},{"damage":11.0,"enemies":"Large Slime","floor":12.0,"turns":4.0},{"damage":21.0,"enemies":"3 Sentries","floor":14.0,"turns":5.0},{"damage":44.0,"enemies":"The Guardian","floor":16.0,"turns":14.0},{"damage":11.0,"enemies":"Shell Parasite","floor":18.0,"turns":6.0},{"damage":23.0,"enemies":"2 Thieves","floor":19.0,"turns":3.0},{"damage":3,"enemies":"Masked Bandits","floor":21,"turns":3},{"damage":41,"enemies":"Gremlin Leader","floor":24,"turns":4},{"damage":4,"enemies":"Book of Stabbing","floor":27,"turns":2}],"seed_played":"-7046717717698896204","potions_obtained":[{"floor":4.0,"key":"SteroidPotion"},{"floor":7.0,"key":"Fruit Juice"},{"floor":16.0,"key":"GamblersBrew"},{"floor":18.0,"key":"Explosive Potion"},{"floor":19.0,"key":"Ancient Potion"}],"is_trial":false,"path_per_floor":["M","?","?","M","M","M","E","M","T","R","?","M","$","E","R","B",null,"M","M","?","?","?","R","E","R","T","E"],"character_chosen":"IRONCLAD","items_purchased":[],"campfire_rested":2,"item_purchase_floors":[],"current_hp_per_floor":[74,69,69,69,69,63,51,53,53,53,53,48,48,33,55,17,60,55,38,38,44,44,44,9,32,32,30],"gold":382,"neow_bonus":"THREE_ENEMY_KILL","is_prod":false,"is_daily":false,"chose_seed":false,"campfire_upgraded":2,"win_rate":0,"timestamp":1550511957,"path_taken":["M","?","?","?","M","M","E","M","T","R","?","M","$","E","R","BOSS","M","M","?","?","?","R","E","R","T","E"],"build_version":"2019-01-23","purchased_purges":1,"victory":false,"max_hp_per_floor":[75,69,69,69,69,69,69,74,74,74,74,74,74,74,74,74,74,74,74,74,77,77,77,77,77,77,77],"card_choices":[{"not_picked":["Body Slam","Anger"],"picked":"Carnage","floor":1.0},{"not_picked":["Anger","Wild Strike"],"picked":"True Grit","floor":4.0},{"not_picked":["Clash","Burning Pact"],"picked":"Flame Barrier","floor":5.0},{"not_picked":["Sword Boomerang","Whirlwind"],"picked":"Inflame","floor":6.0},{"not_picked":["Fire Breathing","Havoc"],"picked":"True Grit","floor":7.0},{"not_picked":["Corruption","Cleave"],"picked":"Anger","floor":8.0},{"not_picked":["Bloodletting","Sentinel"],"picked":"True Grit","floor":12.0},{"not_picked":["Barricade","Sword Boomerang"],"picked":"Impervious","floor":14.0},{"not_picked":["Berserk","Reaper"],"picked":"Immolate","floor":16.0},{"not_picked":["Headbutt","Searing Blow"],"picked":"True Grit+1","floor":18.0},{"not_picked":["Cleave","Heavy Blade"],"picked":"True Grit","floor":19.0},{"not_picked":["Warcry","Reckless Charge"],"picked":"Dropkick","floor":21},{"not_picked":["Warcry","Reckless Charge"],"picked":"Shockwave+1","floor":24}],"player_experience":2289684,"relics_obtained":[{"floor":7.0,"key":"Kunai"},{"floor":9.0,"key":"Gremlin Horn"},{"floor":14.0,"key":"Dead Branch"},{"floor":21,"key":"Red Mask"},{"floor":24,"key":"Blood Vial"},{"floor":26,"key":"Regal Pillow"}],"event_choices":[{"damage_healed":0.0,"max_hp_gain":0.0,"max_hp_loss":6.0,"gold_gain":0.0,"event_name":"Golden Idol","player_choice":"Lose Max HP","floor":2.0,"gold_loss":0.0,"damage_taken":0.0,"relics_obtained":["Golden Idol"]},{"damage_healed":0.0,"max_hp_gain":0.0,"max_hp_loss":0.0,"gold_gain":0.0,"event_name":"Accursed Blacksmith","player_choice":"Forge","floor":3.0,"gold_loss":0.0,"damage_taken":0.0,"cards_upgraded":["Carnage"]},{"damage_healed":0.0,"max_hp_gain":0.0,"max_hp_loss":0.0,"gold_gain":0.0,"event_name":"Big Fish","player_choice":"Box","floor":11.0,"gold_loss":0.0,"damage_taken":0.0,"relics_obtained":["Bag of Preparation"],"cards_obtained":["Regret"]},{"damage_healed":0.0,"max_hp_gain":0.0,"max_hp_loss":0.0,"gold_gain":0.0,"event_name":"Back to Basics","player_choice":"Simplicity","floor":20.0,"gold_loss":0.0,"damage_taken":0.0,"cards_upgraded":[]},{"damage_healed":0,"gold_gain":0,"player_choice":"Fought Bandits","damage_taken":0,"max_hp_gain":0,"max_hp_loss":0,"event_name":"Masked Bandits","floor":21,"gold_loss":0},{"damage_healed":0,"gold_gain":0,"player_choice":"Bet on Murderer","damage_taken":0,"max_hp_gain":0,"max_hp_loss":0,"event_name":"The Joust","floor":22,"gold_loss":50}],"is_beta":false,"boss_relics":[{"not_picked":["Snecko Eye","Black Blood"],"picked":"Pandora\u0027s Box"}],"items_purged_floors":[13],"is_endless":false,"potions_floor_spawned":[4,7,16,18,19],"killed_by":"Book of Stabbing","ascension_level":14}