{"gold_per_floor":[117,117,128,138,138,164,164,177,477,477,493,8,43,68,68,170,170,186,186,204,204,221,221,239,239,239,46,56,83,93,104,104,209,209,222,222,234,247,263,291,291,291,291,291,306,306,316,335,335,335],"floor_reached":51,"playtime":5756,"items_purged":["Defend_R"],"score":713,"play_id":"0881b361-6f87-4f80-815e-ccca0e8f7c62","local_time":"20190220024841","is_ascension_mode":false,"campfire_choices":[{"data":"Infernal Blade","floor":7,"key":"SMITH"},{"floor":10,"key":"REST"},{"data":"Corruption","floor":15,"key":"SMITH"},{"data":"Brutality","floor":23,"key":"SMITH"},{"data":"Whirlwind","floor":25,"key":"SMITH"},{"floor":32,"key":"REST"},{"floor":41,"key":"REST"},{"data":"Uppercut","floor":44,"key":"SMITH"},{"floor":49,"key":"REST"}],"neow_cost":"NONE","seed_source_timestamp":1221895063187000,"circlet_count":0,"master_deck":["Strike_R","Strike_R","Strike_R","Strike_R","Strike_R","Defend_R","Defend_R","Defend_R","Bash","True Grit","Battle Trance","Infernal Blade+1","Uppercut+1","Corruption+1","Ghostly Armor","Flame Barrier","Master of Strategy","Clash","Whirlwind+1","Discovery","Heavy Blade","Headbutt","Brutality+1","Infernal Blade","Perfected Strike","Whirlwind","Infernal Blade+1","Hemokinesis","Pommel Strike+1","Thunderclap+1","Body Slam","Perfected Strike","Clash","Offering","Uppercut+1","Pain","Body Slam","Second Wind+1","Shrug It Off+1","Perfected Strike+1","Madness","Madness","Spot Weakness+1","Demon Form"],"relics":["Burning Blood","Bird Faced Urn","Mango","Old Coin","Self Forming Clay","Odd Mushroom","Sozu","Ice Cream","Membership Card","Calipers","Lizard Tail","WarpedTongs","Matryoshka","Anchor","Kunai"],"potions_floor_usage":[22],"damage_taken":[{"damage":1,"enemies":"Cultist","floor":1,"turns":3},{"damage":1,"enemies":"2 Louse","floor":3,"turns":4},{"damage":11,"enemies":"Jaw Worm","floor":4,"turns":3},{"damage":28,"enemies":"Gremlin Nob","floor":6,"turns":4},{"damage":13,"enemies":"Looter","floor":8,"turns":3},{"damage":3,"enemies":"Red Slaver","floor":11,"turns":4},{"damage":8,"enemies":"3 Sentries","floor":13,"turns":5},{"damage":8,"enemies":"The Mushroom Lair","floor":14,"turns":4},{"damage":63,"enemies":"Hexaghost","floor":16,"turns":9},{"damage":16,"enemies":"Chosen","floor":18,"turns":6},{"damage":5,"enemies":"Shell Parasite","floor":20,"turns":6},{"damage":10,"enemies":"Centurion and Healer","floor":22,"turns":4},{"damage":23,"enemies":"Sentry and Sphere","floor":24,"turns":4},{"damage":10,"enemies":"Snecko","floor":28,"turns":3},{"damage":21,"enemies":"Book of Stabbing","floor":29,"turns":4},{"damage":15,"enemies":"Centurion and Healer","floor":30,"turns":5},{"damage":17,"enemies":"Shelled Parasite and Fungi","floor":31,"turns":4},{"damage":62,"enemies":"Automaton","floor":33,"turns":7},{"damage":15,"enemies":"3 Darklings","floor":35,"turns":2},{"damage":6,"enemies":"Orb Walker","floor":37,"turns":2},{"damage":21,"enemies":"Jaw Worm Horde","floor":38,"turns":4},{"damage":15,"enemies":"Transient","floor":39,"turns":5},{"damage":27,"enemies":"Nemesis","floor":40,"turns":7},{"damage":11,"enemies":"Sphere and 2 Shapes","floor":45,"turns":3},{"damage":9,"enemies":"Jaw Worm Horde","floor":47,"turns":2},{"damage":13,"enemies":"Transient","floor":48,"turns":5},{"damage":116,"enemies":"Awakened One","floor":50,"turns":11}],"seed_played":"4926426066547485829","potions_obtained":[{"floor":1,"key":"LiquidBronze"},{"floor":8,"key":"Strength Potion"},{"floor":13,"key":"Strength Potion"},{"floor":16,"key":"Block Potion"}],"is_trial":false,"path_per_floor":["M","?","M","M","?","E","R","M","T","R","M","$","E","?","R","B",null,"M","?","M","?","M","R","M","R","T","$","M","E","M","M","R","B",null,"M","?","M","M","M","E","R","?","T","R","M","?","M","M","R","B",null],"character_chosen":"IRONCLAD","items_purchased":["Flame Barrier","Master of Strategy","Clash","Whirlwind","Discovery","Membership Card"],"campfire_rested":4,"item_purchase_floors":[12,12,12,12,12,27],"current_hp_per_floor":[88,88,88,83,80,72,72,65,65,95,100,100,100,98,98,43,102,93,93,98,98,98,98,85,85,85,85,85,74,69,62,92,40,102,93,93,95,84,79,62,92,92,92,92,89,76,77,74,102,54],"gold":335,"neow_bonus":"TEN_PERCENT_HP_BONUS","is_prod":false,"is_daily":false,"chose_seed":false,"campfire_upgraded":5,"win_rate":0.0,"timestamp":1550627321,"path_taken":["M","?","M","?","?","E","R","M","T","R","M","$","E","?","R","BOSS","M","?","M","?","M","R","M","R","T","$","M","E","?","?","R","BOSS","M","?","M","M","?","E","R","?","T","R","M","?","M","?","R","BOSS"],"build_version":"2019-01-23","purchased_purges":1,"victory":true,"max_hp_per_floor":[88,88,88,88,88,102,102,102,102,102,102,102,102,102,102,102,102,102,102,102,102,102,102,102,102,102,102,102,102,102,102,102,102,102,102,102,102,102,102,102,102,102,102,102,102,102,102,102,102,102],"card_choices":[{"not_picked":["Pummel","Burning Pact"],"picked":"True Grit","floor":1},{"not_picked":["True Grit","Headbutt"],"picked":"Battle Trance","floor":3},{"not_picked":["Warcry","Flame Barrier"],"picked":"Infernal Blade","floor":4},{"not_picked":["Dual Wield","Armaments"],"picked":"Uppercut","floor":6},{"not_picked":["Bloodletting","Anger"],"picked":"Corruption","floor":8},{"not_picked":["Clothesline","Rage"],"picked":"Ghostly Armor","floor":11},{"not_picked":["Headbutt","Shrug It Off"],"picked":"Heavy Blade","floor":13},{"not_picked":["Entrench","Reaper"],"picked":"Headbutt","floor":14},{"not_picked":["Fiend Fire","Juggernaut"],"picked":"Brutality","floor":16},{"not_picked":["Armaments","Flex"],"picked":"Infernal Blade","floor":18},{"not_picked":["Sword Boomerang+1","Shockwave+1"],"picked":"Whirlwind","floor":20},{"not_picked":["Shrug It Off","True Grit"],"picked":"Hemokinesis","floor":22},{"not_picked":["Battle Trance","Anger"],"picked":"Pommel Strike+1","floor":24},{"not_picked":["Sword Boomerang","Flex"],"picked":"Thunderclap+1","floor":28},{"not_picked":["Double Tap","Warcry"],"picked":"Body Slam","floor":29},{"not_picked":["Blood for Blood","Headbutt"],"picked":"Perfected Strike","floor":30},{"not_picked":["Body Slam","Flex"],"picked":"Clash","floor":31},{"not_picked":["Juggernaut","Fiend Fire"],"picked":"Offering","floor":33},{"not_picked":["Cleave","True Grit+1"],"picked":"Uppercut+1","floor":35},{"not_picked":["Clothesline","Pommel Strike"],"picked":"Body Slam","floor":37},{"not_picked":["Sword Boomerang+1","Inflame"],"picked":"Second Wind+1","floor":38},{"not_picked":["Clash+1","Disarm"],"picked":"Shrug It Off+1","floor":39},{"not_picked":["Second Wind+1","Cleave"],"picked":"Heavy Blade+1","floor":40},{"not_picked":["Twin Strike","Flex"],"picked":"Perfected Strike+1","floor":45},{"not_picked":["Shrug It Off+1","Rage+1"],"picked":"Spot Weakness+1","floor":47},{"not_picked":["Burning Pact","Ghostly Armor"],"picked":"Demon Form","floor":48}],"player_experience":4940,"relics_obtained":[{"floor":6,"key":"Mango"},{"floor":9,"key":"Old Coin"},{"floor":13,"key":"Self Forming Clay"},{"floor":14,"key":"Odd Mushroom"},{"floor":26,"key":"Ice Cream"},{"floor":29,"key":"Calipers"},{"floor":40,"key":"Matryoshka"},{"floor":43,"key":"Anchor"},{"floor":43,"key":"Kunai"}],"event_choices":[{"damage_healed":0,"gold_gain":0,"player_choice":"Bought 0 Potions","damage_taken":0,"max_hp_gain":0,"max_hp_loss":0,"event_name":"The Woman in Blue","floor":2,"gold_loss":0},{"damage_healed":0,"gold_gain":0,"player_choice":"Success","damage_taken":3,"relics_obtained":["Bird Faced Urn"],"max_hp_gain":0,"max_hp_loss":0,"event_name":"Scrap Ooze","floor":5,"gold_loss":0},{"damage_healed":0,"gold_gain":0,"player_choice":"Fought Mushrooms","damage_taken":0,"max_hp_gain":0,"max_hp_loss":0,"event_name":"Mushrooms","floor":14,"gold_loss":0},{"damage_healed":0,"gold_gain":0,"player_choice":"Read","damage_taken":0,"max_hp_gain":0,"max_hp_loss":0,"event_name":"The Library","floor":19,"gold_loss":0,"cards_obtained":["Perfected Strike"]},{"damage_healed":0,"gold_gain":0,"player_choice":"Copied","damage_taken":0,"max_hp_gain":0,"max_hp_loss":0,"event_name":"Duplicator","floor":21,"gold_loss":0,"cards_obtained":["Infernal Blade"]},{"damage_healed":0,"gold_gain":0,"player_choice":"Rummage","damage_taken":0,"relics_obtained":["WarpedTongs"],"max_hp_gain":0,"max_hp_loss":0,"event_name":"Accursed Blacksmith","floor":36,"gold_loss":0,"cards_obtained":["Pain"]},{"cards_removed":["Heavy Blade"],"damage_healed":0,"gold_gain":0,"player_choice":"Removed Attack","damage_taken":0,"max_hp_gain":0,"max_hp_loss":0,"event_name":"Falling","floor":42,"gold_loss":0},{"damage_healed":0,"gold_gain":0,"player_choice":"Embrace Madness","damage_taken":13,"max_hp_gain":0,"max_hp_loss":0,"event_name":"Winding Halls","floor":46,"gold_loss":0,"cards_obtained":["Madness","Madness"]}],"is_beta":false,"boss_relics":[{"not_picked":["Black Star","Tiny House"],"picked":"Sozu"},{"not_picked":["White Beast Statue","Velvet Choker"],"picked":"Lizard Tail"}],"items_purged_floors":[12],"is_endless":false,"potions_floor_spawned":[1,8,13,16,22,24,28,29,35,40],"ascension_level":0}