{"gold_per_floor":[112,112,127,127,53,96,96,432,459,459,459,472,472,493,493,624,624,648,848,500,523,547,547,570,570,638,638,677,696,696,721,721,849,849,865,356,372,372,372,372,397,397,424,424,455,479,479,479,479,479,479,479,53,86,86],"floor_reached":56,"playtime":9001,"items_purged":["Strike_G","Strike_G","Setup+1"],"score":1178,"play_id":"0d596fbf-0827-4028-ba62-20e2e4628555","local_time":"20190105140231","is_ascension_mode":false,"campfire_choices":[{"floor":7.0,"key":"REST"},{"floor":10.0,"key":"REST"},{"floor":13.0,"key":"REST"},{"data":"Caltrops","floor":15.0,"key":"SMITH"},{"data":"Malaise","floor":23.0,"key":"SMITH"},{"floor":27.0,"key":"REST"},{"floor":30.0,"key":"RECALL"},{"data":"Accuracy","floor":32.0,"key":"SMITH"},{"data":"Blade Dance","floor":40.0,"key":"SMITH"},{"data":"Blade Dance","floor":42.0,"key":"SMITH"},{"data":"Cloak And Dagger","floor":44.0,"key":"SMITH"},{"floor":47.0,"key":"REST"},{"floor":49.0,"key":"REST"},{"data":"Prepared","floor":52.0,"key":"SMITH"}],"neow_cost":"TEN_PERCENT_HP_LOSS","seed_source_timestamp":0,"circlet_count":0,"master_deck":["Defend_G","Defend_G","Defend_G","Defend_G","Strike_G","Survivor","Neutralize","Dagger Spray","Cloak And Dagger+1","Caltrops+1","Prepared+1","PiercingWail","Reflex","Tactician","Well Laid Plans","Poisoned Stab","Malaise+1","Escape Plan+1","Prepared","Dagger Throw","Poisoned Stab+1","PiercingWail","Blade Dance+1","Accuracy+1","Deflect","After Image","Footwork","Blade Dance+1","Master of Strategy","Madness","Madness","Deadly Poison","Cloak And Dagger+1","Escape Plan","Flash of Steel","Leg Sweep"],"special_seed":0,"relics":["Ring of the Snake","Bronze Scales","Golden Idol","Nunchaku","Old Coin","Dream Catcher","Lizard Tail","Membership Card","Vajra","Oddly Smooth Stone","Busted Crown","Boot","Kunai","OrangePellets","Ancient Tea Set","StoneCalendar","Paper Crane","Toy Ornithopter","Bag of Preparation","Letter Opener"],"potions_floor_usage":[54],"damage_taken":[{"damage":0.0,"enemies":"2 Louse","floor":1.0,"turns":3.0},{"damage":0.0,"enemies":"Jaw Worm","floor":3.0,"turns":3.0},{"damage":15.0,"enemies":"Lagavulin","floor":6.0,"turns":10.0},{"damage":16.0,"enemies":"Gremlin Nob","floor":8.0,"turns":5.0},{"damage":0.0,"enemies":"Cultist","floor":12.0,"turns":4.0},{"damage":2.0,"enemies":"3 Louse","floor":14.0,"turns":2.0},{"damage":26.0,"enemies":"Hexaghost","floor":16.0,"turns":9.0},{"damage":0.0,"enemies":"3 Byrds","floor":18.0,"turns":3.0},{"damage":4.0,"enemies":"Chosen","floor":21.0,"turns":7.0},{"damage":26.0,"enemies":"Snecko","floor":22.0,"turns":8.0},{"damage":8.0,"enemies":"3 Cultists","floor":24.0,"turns":5.0},{"damage":1.0,"enemies":"Book of Stabbing","floor":28.0,"turns":5.0},{"damage":7.0,"enemies":"Centurion and Healer","floor":29.0,"turns":7.0},{"damage":3.0,"enemies":"Shelled Parasite and Fungi","floor":31.0,"turns":5.0},{"damage":37.0,"enemies":"Collector","floor":33.0,"turns":12.0},{"damage":0.0,"enemies":"3 Darklings","floor":35.0,"turns":7.0},{"damage":8.0,"enemies":"Orb Walker","floor":37.0,"turns":3.0},{"damage":0.0,"enemies":"Writhing Mass","floor":41.0,"turns":6.0},{"damage":19.0,"enemies":"Reptomancer","floor":45.0,"turns":9.0},{"damage":0.0,"enemies":"3 Darklings","floor":46.0,"turns":5.0},{"damage":12.0,"enemies":"Donu and Deca","floor":50.0,"turns":10.0},{"damage":11,"enemies":"Shield and Spear","floor":54,"turns":9},{"damage":35,"enemies":"The Heart","floor":55,"turns":9}],"seed_played":"-3638091635766576332","potions_obtained":[{"floor":3.0,"key":"Poison Potion"},{"floor":12.0,"key":"Block Potion"},{"floor":16.0,"key":"AttackPotion"},{"floor":18.0,"key":"Regen Potion"},{"floor":22.0,"key":"Poison Potion"},{"floor":24.0,"key":"EntropicBrew"},{"floor":29.0,"key":"Fire Potion"},{"floor":35.0,"key":"Poison Potion"},{"floor":37.0,"key":"Swift Potion"},{"floor":41.0,"key":"Swift Potion"},{"floor":54,"key":"Fire Potion"}],"is_trial":false,"path_per_floor":["M","?","M","?","$","E","R","E","T","R","?","M","R","M","R","B",null,"M","?","$","M","M","R","M","?","T","R","E","M","R","M","R","B",null,"M","$","M","?","?","R","M","R","T","R","E","M","R","T","R","B",null,"R","$","E","B",null],"character_chosen":"THE_SILENT","items_purchased":["Caltrops","Membership Card","Prepared","Vajra","Footwork","Blade Dance","Boot","Kunai","OrangePellets","Master of Strategy","Escape Plan","Flash of Steel","SmokeBomb","EssenceOfSteel","GhostInAJar","Toy Ornithopter","Bag of Preparation"],"campfire_rested":6,"item_purchase_floors":[5,20,20,20,36,36,36,36,36,36,53,53,53,53,53,53,53],"current_hp_per_floor":[63,60,60,45,45,30,48,32,32,50,43,43,61,59,59,33,63,63,63,63,59,43,43,35,35,35,53,52,45,45,42,42,5,63,63,63,55,47,47,47,47,47,47,47,28,28,46,46,63,51,63,63,63,57,22],"gold":86,"neow_bonus":"REMOVE_TWO","is_prod":false,"is_daily":false,"chose_seed":false,"campfire_upgraded":7,"win_rate":0,"timestamp":1546664551,"path_taken":["M","?","M","?","?","E","R","E","T","R","?","M","R","M","R","BOSS","M","?","$","?","M","R","M","?","T","R","E","M","R","?","R","BOSS","M","$","M","?","?","R","M","R","T","R","E","?","R","?","R","BOSS","R","$","E","BOSS"],"build_version":"2019-01-03v4","purchased_purges":3,"victory":true,"max_hp_per_floor":[63,63,63,63,63,63,63,63,63,63,63,63,63,63,63,63,63,63,63,63,63,63,63,63,63,63,63,63,63,63,63,63,63,63,63,63,63,63,63,63,63,63,63,63,63,63,63,63,63,63,63,63,63,63,63],"card_choices":[{"not_picked":["Flying Knee","Endless Agony"],"picked":"Dagger Spray","floor":1.0},{"not_picked":["Distraction","Outmaneuver"],"picked":"Cloak And Dagger","floor":3.0},{"not_picked":["Poisoned Stab","Concentrate"],"picked":"Prepared","floor":6.0},{"not_picked":["Acrobatics","Eviscerate"],"picked":"PiercingWail","floor":8.0},{"not_picked":["Prepared","Eviscerate"],"picked":"Reflex","floor":10.0},{"not_picked":["Catalyst","Slice"],"picked":"Tactician","floor":12.0},{"not_picked":["Crippling Poison","Bullet Time"],"picked":"Well Laid Plans","floor":13.0},{"not_picked":["Dagger Spray","Calculated Gamble"],"picked":"Poisoned Stab","floor":14.0},{"not_picked":["Storm of Steel","Venomology"],"picked":"Malaise","floor":16.0},{"not_picked":["Blur","Backflip"],"picked":"Escape Plan+1","floor":18.0},{"not_picked":["Skewer","Underhanded Strike"],"picked":"Dagger Throw","floor":21.0},{"not_picked":["Distraction+1","Tactician"],"picked":"Poisoned Stab+1","floor":22.0},{"not_picked":["Distraction","Outmaneuver"],"picked":"PiercingWail","floor":24.0},{"not_picked":["Dodge and Roll","Slice"],"picked":"Blade Dance","floor":27.0},{"not_picked":["Masterful Stab","Underhanded Strike+1"],"picked":"Accuracy","floor":28.0},{"not_picked":["Dagger Throw","Backflip+1"],"picked":"Setup+1","floor":29.0},{"not_picked":["Dagger Throw","Dagger Spray"],"picked":"Deflect","floor":31.0},{"not_picked":["Burst","Storm of Steel"],"picked":"After Image","floor":33.0},{"not_picked":["Dagger Spray"],"picked":"SKIP","floor":35.0},{"not_picked":["Dodge and Roll"],"picked":"SKIP","floor":37.0},{"not_picked":["PiercingWail"],"picked":"SKIP","floor":41.0},{"not_picked":[],"picked":"Cloak And Dagger+1","floor":45.0},{"not_picked":["Dagger Throw"],"picked":"SKIP","floor":46.0},{"not_picked":[],"picked":"Leg Sweep","floor":54}],"player_experience":283686,"relics_obtained":[{"floor":6.0,"key":"Nunchaku"},{"floor":8.0,"key":"Old Coin"},{"floor":9.0,"key":"Dream Catcher"},{"floor":28.0,"key":"Oddly Smooth Stone"},{"floor":43.0,"key":"Ancient Tea Set"},{"floor":45.0,"key":"StoneCalendar"},{"floor":48.0,"key":"Paper Crane"},{"floor":54,"key":"Letter Opener"}],"event_choices":[{"damage_healed":0.0,"max_hp_gain":0.0,"max_hp_loss":0.0,"gold_gain":0.0,"event_name":"Scrap Ooze","player_choice":"Success","floor":2.0,"gold_loss":0.0,"damage_taken":3.0,"relics_obtained":["Bronze Scales"]},{"damage_healed":0.0,"max_hp_gain":0.0,"max_hp_loss":0.0,"gold_gain":0.0,"event_name":"Golden Idol","player_choice":"Take Damage","floor":4.0,"gold_loss":0.0,"damage_taken":15.0,"relics_obtained":["Golden Idol"]},{"cards_removed":["Strike_G"],"damage_healed":0.0,"max_hp_gain":0.0,"max_hp_loss":0.0,"gold_gain":0.0,"event_name":"Golden Wing","player_choice":"Card Removal","floor":11.0,"gold_loss":0.0,"damage_taken":7.0},{"damage_healed":0.0,"max_hp_gain":0.0,"max_hp_loss":0.0,"gold_gain":200.0,"event_name":"Wheel of Change","player_choice":"Gold","floor":19.0,"gold_loss":0.0,"damage_taken":0.0},{"damage_healed":0.0,"max_hp_gain":0.0,"max_hp_loss":0.0,"gold_gain":0.0,"event_name":"The Woman in Blue","player_choice":"Bought 0 Potions","floor":25.0,"gold_loss":0.0,"damage_taken":0.0},{"damage_healed":0.0,"max_hp_gain":0.0,"max_hp_loss":0.0,"gold_gain":0.0,"event_name":"Winding Halls","player_choice":"Embrace Madness","floor":38.0,"gold_loss":0.0,"damage_taken":8.0,"cards_obtained":["Madness","Madness"]},{"damage_healed":0.0,"max_hp_gain":0.0,"max_hp_loss":0.0,"gold_gain":0.0,"event_name":"Match and Keep!","player_choice":"1 cards matched","floor":39.0,"gold_loss":0.0,"damage_taken":0.0,"cards_obtained":["Deadly Poison"]}],"is_beta":false,"boss_relics":[{"not_picked":["Ring of the Serpent","Pandora\u0027s Box"],"picked":"Lizard Tail"},{"not_picked":["Velvet Choker","Philosopher\u0027s Stone"],"picked":"Busted Crown"}],"items_purged_floors":[20,36,53],"is_endless":false,"potions_floor_spawned":[3,12,16,18,22,24,29,35,37,41,54],"ascension_level":0}