{"gold_per_floor":[115,115,133,133,32,32,67,67,116,149,149,165,165,185,185,308,308,233,29,29,44,69,69,90,40,91,91],"floor_reached":27,"playtime":1087,"items_purged":["Regret","Normality","Shame"],"score":343,"play_id":"771bb030-cd95-4be1-8ab5-93d8ba74469b","local_time":"20180903185543","is_ascension_mode":true,"campfire_choices":[{"data":"Well Laid Plans","floor":6,"key":"SMITH"},{"floor":8,"key":"REST"},{"data":"Survivor","floor":15,"key":"SMITH"},{"data":"Normality","floor":23,"key":"PURGE"}],"neow_cost":"CURSE","seed_source_timestamp":235346998163219,"circlet_count":0,"master_deck":["Defend_G","Defend_G","Defend_G","Defend_G","Defend_G","Strike_G","Strike_G","Strike_G","Strike_G","Strike_G","Survivor+1","Neutralize","Well Laid Plans+1","Neutralize","Storm of Steel+1","Quick Slash","Backflip","All Out Attack","Glass Knife","Infinite Blades","After Image","Quick Slash+1","Ghostly","Ghostly","Ghostly","Ghostly","Ghostly","Adrenaline","Escape Plan","Dodge and Roll"],"relics":["Ring of the Snake","Smiling Mask","Oddly Smooth Stone","Peace Pipe","Golden Idol","Calling Bell","Orichalcum","Mercury Hourglass","Bird Faced Urn","Bronze Scales","Snake Skull"],"potions_floor_usage":[16,24,24,24],"damage_taken":[{"damage":9,"enemies":"Small Slimes","floor":1,"turns":5},{"damage":7,"enemies":"Cultist","floor":3,"turns":5},{"damage":29,"enemies":"Gremlin Nob","floor":7,"turns":5},{"damage":12,"enemies":"3 Sentries","floor":10,"turns":7},{"damage":0,"enemies":"Jaw Worm","floor":12,"turns":2},{"damage":1,"enemies":"Large Slime","floor":14,"turns":6},{"damage":34,"enemies":"Hexaghost","floor":16,"turns":12},{"damage":12,"enemies":"2 Thieves","floor":18,"turns":5},{"damage":0,"enemies":"Shell Parasite","floor":21,"turns":6},{"damage":0,"enemies":"3 Cultists","floor":22,"turns":5},{"damage":0,"enemies":"Snecko","floor":24,"turns":3},{"damage":66,"enemies":"Gremlin Leader","floor":27,"turns":5}],"seed_played":"2068914736352079348","potions_obtained":[{"floor":10,"key":"Swift Potion"},{"floor":12,"key":"SteroidPotion"},{"floor":14,"key":"Poison Potion"},{"floor":21,"key":"Energy Potion"}],"is_trial":false,"path_per_floor":["M","?","M","?","$","R","E","R","T","E","?","M","?","M","R","B",null,"M","$","?","M","M","R","M","$","T"],"character_chosen":"THE_SILENT","items_purchased":["Backflip","Bronze Scales"],"campfire_rested":1,"item_purchase_floors":[5,19],"current_hp_per_floor":[68,68,61,61,61,61,32,57,57,45,84,84,63,62,62,28,70,62,62,42,42,42,42,42,42,42,0],"gold":91,"neow_bonus":"TWENTY_PERCENT_HP_BONUS","is_prod":false,"is_daily":false,"chose_seed":false,"campfire_upgraded":2,"win_rate":0,"timestamp":1535993743,"path_taken":["M","?","M","?","$","R","E","R","T","E","?","?","?","M","R","BOSS","M","$","?","M","M","R","M","$","T","E"],"build_version":"2018-08-30","purchased_purges":3,"victory":false,"max_hp_per_floor":[84,84,84,84,84,84,84,84,84,84,84,84,84,84,84,84,84,84,84,42,42,42,42,42,42,42,42],"card_choices":[{"not_picked":["Dodge and Roll","Flying Knee"],"picked":"Well Laid Plans","floor":1},{"not_picked":["Backflip","Terror"],"picked":"Quick Slash","floor":3},{"not_picked":["Slice","Backflip"],"picked":"Skewer","floor":7},{"not_picked":["Prepared","Poisoned Stab"],"picked":"All Out Attack","floor":10},{"not_picked":["PiercingWail","Underhanded Strike"],"picked":"Glass Knife","floor":12},{"not_picked":["Poisoned Stab","Slice"],"picked":"Infinite Blades","floor":14},{"not_picked":["A Thousand Cuts","Bullet Time"],"picked":"After Image","floor":16},{"not_picked":["PiercingWail","Escape Plan"],"picked":"Quick Slash+1","floor":18},{"not_picked":["Bane","Finisher"],"picked":"Adrenaline","floor":21},{"not_picked":["Deflect","Blade Dance"],"picked":"Escape Plan","floor":22},{"not_picked":["Catalyst+1","Skewer"],"picked":"Dodge and Roll","floor":24}],"player_experience":964695,"relics_obtained":[{"floor":7,"key":"Smiling Mask"},{"floor":9,"key":"Oddly Smooth Stone"},{"floor":10,"key":"Peace Pipe"},{"floor":17,"key":"Orichalcum"},{"floor":17,"key":"Mercury Hourglass"},{"floor":17,"key":"Bird Faced Urn"},{"floor":26,"key":"Snake Skull"}],"event_choices":[{"event_name":"Match and Keep!","player_choice":"2 cards matched","floor":2,"damage_taken":0},{"event_name":"Living Wall","player_choice":"Grow","floor":4,"damage_taken":0},{"event_name":"Bonfire Elementals","player_choice":"UNCOMMON","floor":11,"damage_taken":0},{"event_name":"Golden Idol","player_choice":"Take Damage","floor":13,"damage_taken":0},{"event_name":"Ghosts","player_choice":"Became a Ghost","floor":20,"damage_taken":0}],"is_beta":false,"boss_relics":[{"not_picked":["Pandora\u0027s Box","Eternal Feather"],"picked":"Calling Bell"}],"items_purged_floors":[5,19,25],"is_endless":false,"potions_floor_spawned":[10,12,14,21],"killed_by":"Gremlin Leader","ascension_level":9}