{"gold_per_floor":[109,109,9,184,196,196,196,222,222,222,240,258,258,273,273,273],"floor_reached":16,"playtime":377,"items_purged":[],"score":140,"play_id":"a46c0ea7-e8c8-4909-a4ce-3d6d19880837","local_time":"20180722115739","is_ascension_mode":true,"campfire_choices":[{"data":"Terror","floor":6.0,"key":"SMITH"},{"floor":10.0,"key":"REST"},{"floor":15.0,"key":"REST"}],"neow_cost":"TEN_PERCENT_HP_LOSS","seed_source_timestamp":0,"circlet_count":0,"master_deck":["Defend_G","Defend_G","Defend_G","Defend_G","Strike_G+1","Strike_G","Strike_G","Strike_G+1","Survivor","Neutralize","Sucker Punch","Finesse","Doubt","Terror+1","Parasite","Quick Slash","Dagger Throw+1","Flying Knee+1","Dagger Throw+1"],"special_seed":0,"relics":["Ring of the Snake","Unceasing Top","Molten Egg 2","Ninja Scroll"],"potions_floor_usage":[16],"damage_taken":[{"damage":2.0,"enemies":"Jaw Worm","floor":1.0,"turns":4.0},{"damage":0.0,"enemies":"Small Slimes","floor":5.0,"turns":3.0},{"damage":60.0,"enemies":"Lagavulin","floor":8.0,"turns":7.0},{"damage":20.0,"enemies":"Cultist","floor":11.0,"turns":5.0},{"damage":0.0,"enemies":"2 Fungi Beasts","floor":12.0,"turns":3.0},{"damage":0.0,"enemies":"Large Slime","floor":14.0,"turns":3.0},{"damage":20,"enemies":"Slime Boss","floor":16,"turns":5}],"seed_played":"4235360203537663037","potions_obtained":[{"floor":8.0,"key":"EssenceOfSteel"},{"floor":11.0,"key":"GhostInAJar"}],"is_trial":false,"path_per_floor":["M","?","$","?","M","R","?","E","T","R","M","M","T","M","R"],"character_chosen":"THE_SILENT","items_purchased":["Finesse"],"campfire_rested":2,"item_purchase_floors":[3],"current_hp_per_floor":[61,48,48,48,48,48,63,3,3,21,1,1,1,1,19,0],"gold":273,"neow_bonus":"REMOVE_TWO","is_prod":false,"is_daily":false,"chose_seed":false,"campfire_upgraded":1,"win_rate":0,"timestamp":1532253459,"path_taken":["M","?","?","?","M","R","?","E","T","R","M","?","?","M","R","BOSS"],"build_version":"2018-07-19v2","purchased_purges":0,"victory":false,"max_hp_per_floor":[63,63,63,63,63,63,63,63,63,63,63,63,63,63,63,63],"card_choices":[{"not_picked":["Prepared","Choke"],"picked":"Sucker Punch","floor":1.0},{"not_picked":["Prepared","Noxious Fumes"],"picked":"Terror","floor":5.0},{"not_picked":["Slice","A Thousand Cuts"],"picked":"Quick Slash","floor":8.0},{"not_picked":["Prepared","Underhanded Strike+1"],"picked":"Dagger Throw+1","floor":11.0},{"not_picked":["Deflect","Cloak And Dagger"],"picked":"Flying Knee+1","floor":12.0},{"not_picked":["Deflect","Backflip"],"picked":"Dagger Throw+1","floor":14.0}],"player_experience":831052,"relics_obtained":[{"floor":8.0,"key":"Unceasing Top"},{"floor":9.0,"key":"Molten Egg 2"},{"floor":13.0,"key":"Ninja Scroll"}],"event_choices":[{"event_name":"Shining Light","player_choice":"Entered Light","floor":2.0,"damage_taken":0.0},{"event_name":"Liars Game","player_choice":"agreed","floor":4.0,"damage_taken":0.0},{"event_name":"Mushrooms","player_choice":"Healed and dodged fight","floor":7.0,"damage_taken":0.0}],"is_beta":false,"boss_relics":[],"items_purged_floors":[],"is_endless":false,"potions_floor_spawned":[8,11],"killed_by":"Slime Boss","ascension_level":8}