{"gold_per_floor":[112,112,122,23,37,65,121,139,208,243,243,243,263,298,298,369,369,346,359,60,74,74,74,74],"floor_reached":24,"playtime":974,"items_purged":[],"score":435,"play_id":"08bf41d9-60f9-4631-952c-ec92f7b68466","local_time":"20190217152242","is_ascension_mode":true,"campfire_choices":[{"floor":11,"key":"REST"},{"floor":15,"key":"REST"},{"data":"1","floor":23,"key":"LIFT"}],"neow_cost":"NONE","seed_source_timestamp":15102405469214226,"circlet_count":0,"master_deck":["AscendersBane","Defend_R","Defend_R","Defend_R","Defend_R","Bash","True Grit","Finesse+1","Uppercut","Cleave","Battle Trance","Juggernaut","Reckless Charge","Offering+1","Cleave","Flex+1","Warcry+1","Feel No Pain","Armaments+1","Thunderclap","Enlightenment+1","Iron Wave","Bite","Bite","Bite","Bite","Bite"],"relics":["Burning Blood","Art of War","Girya","Toxic Egg 2","Red Skull","Omamori","Orrery","Lee\u0027s Waffle"],"potions_floor_usage":[6,10,13,13,19],"damage_taken":[{"damage":16,"enemies":"Jaw Worm","floor":1,"turns":6},{"damage":15,"enemies":"Small Slimes","floor":3,"turns":4},{"damage":0,"enemies":"2 Louse","floor":5,"turns":6},{"damage":6,"enemies":"Gremlin Nob","floor":6,"turns":3},{"damage":15,"enemies":"Blue Slaver","floor":8,"turns":3},{"damage":23,"enemies":"Lagavulin","floor":10,"turns":6},{"damage":2,"enemies":"Lots of Slimes","floor":13,"turns":2},{"damage":30,"enemies":"Gremlin Nob","floor":14,"turns":4},{"damage":54,"enemies":"Hexaghost","floor":16,"turns":11},{"damage":12,"enemies":"2 Thieves","floor":18,"turns":4},{"damage":46,"enemies":"3 Byrds","floor":19,"turns":3},{"damage":19,"enemies":"Snecko","floor":21,"turns":5},{"damage":75,"enemies":"Slavers","floor":24,"turns":4}],"seed_played":"7426368350144541788","potions_obtained":[{"floor":1,"key":"Strength Potion"},{"floor":6,"key":"Explosive Potion"},{"floor":8,"key":"Energy Potion"},{"floor":10,"key":"Fruit Juice"},{"floor":18,"key":"Explosive Potion"}],"is_trial":false,"path_per_floor":["M","$","M","$","M","E","?","M","T","E","R","?","M","E","R","B",null,"M","M","$","M","?","R","E"],"character_chosen":"IRONCLAD","items_purchased":["Finesse","Lee\u0027s Waffle","Enlightenment+1"],"campfire_rested":2,"item_purchase_floors":[4,20,20],"current_hp_per_floor":[58,58,49,49,55,55,55,46,46,29,51,51,60,36,60,12,63,57,17,87,74,60,60,0],"gold":74,"neow_bonus":"RANDOM_COMMON_RELIC","is_prod":false,"is_daily":false,"chose_seed":false,"campfire_upgraded":0,"win_rate":0,"timestamp":1550413362,"path_taken":["M","$","M","$","M","E","?","M","T","E","R","?","M","E","R","BOSS","M","M","$","M","?","R","E"],"build_version":"2019-01-23","purchased_purges":0,"victory":false,"max_hp_per_floor":[75,75,75,75,75,75,75,75,75,75,75,75,80,80,80,80,80,80,80,87,87,60,60,60],"card_choices":[{"not_picked":["Searing Blow","Wild Strike","Rupture"],"picked":"SKIP","floor":1},{"not_picked":["Havoc","Warcry"],"picked":"True Grit","floor":3},{"not_picked":["Pommel Strike","True Grit"],"picked":"Uppercut","floor":5},{"not_picked":["Impervious","Armaments"],"picked":"Cleave","floor":6},{"not_picked":["Disarm","Sword Boomerang"],"picked":"Battle Trance","floor":8},{"not_picked":["Clothesline","Perfected Strike"],"picked":"Juggernaut","floor":10},{"not_picked":["Fire Breathing","Body Slam","Anger"],"picked":"SKIP","floor":13},{"not_picked":["Twin Strike","Dark Embrace"],"picked":"Reckless Charge","floor":14},{"not_picked":["Fiend Fire","Immolate"],"picked":"Offering+1","floor":16},{"not_picked":["Fire Breathing","Perfected Strike"],"picked":"Cleave","floor":17},{"not_picked":["Anger","Sword Boomerang"],"picked":"Flex+1","floor":17},{"not_picked":["Flex+1","Heavy Blade"],"picked":"Warcry+1","floor":17},{"not_picked":["Anger","Bludgeon"],"picked":"Feel No Pain","floor":17},{"not_picked":["Pummel","Anger"],"picked":"Armaments+1","floor":18},{"not_picked":["Wild Strike+1","Anger"],"picked":"Thunderclap","floor":19},{"not_picked":["Warcry+1","Headbutt"],"picked":"Iron Wave","floor":21}],"player_experience":405945,"relics_obtained":[{"floor":6,"key":"Girya"},{"floor":9,"key":"Toxic Egg 2"},{"floor":10,"key":"Red Skull"},{"floor":14,"key":"Omamori"}],"event_choices":[{"damage_healed":0,"gold_gain":56,"player_choice":"Gained Gold","damage_taken":0,"max_hp_gain":0,"max_hp_loss":0,"event_name":"Golden Wing","floor":7,"gold_loss":0},{"damage_healed":0,"gold_gain":0,"player_choice":"Grow","damage_taken":0,"max_hp_gain":0,"max_hp_loss":0,"event_name":"Living Wall","floor":12,"gold_loss":0,"cards_upgraded":["Finesse"]},{"damage_healed":0,"gold_gain":0,"player_choice":"Became a vampire","damage_taken":0,"max_hp_gain":0,"max_hp_loss":27,"event_name":"Vampires","floor":22,"gold_loss":0,"cards_obtained":["Bite","Bite","Bite","Bite","Bite"]}],"is_beta":false,"boss_relics":[{"not_picked":["Busted Crown","Mark of Pain"],"picked":"Orrery"}],"items_purged_floors":[],"is_endless":false,"potions_floor_spawned":[1,6,8,10,18],"killed_by":"Slavers","ascension_level":18}