{"gold_per_floor":[119,119,136,136,136,167,188,213,213,56,56,56,21,39,39,163,163,177,92,115,130,130,130,155,155,208,208,241,261,261,275,275,374,374,385,400,400,400,157,192,240,240,240,272,283,283],"floor_reached":46,"playtime":2785,"items_purged":["Regret"],"score":654,"play_id":"387858c9-8221-4dbd-86f2-7a5c5b19b378","local_time":"20180703035716","is_ascension_mode":true,"campfire_choices":[{"floor":12.0,"key":"REST"},{"data":"Defragment","floor":15.0,"key":"SMITH"},{"floor":23.0,"key":"REST"},{"floor":25.0,"key":"REST"},{"data":"Consume","floor":27.0,"key":"SMITH"},{"floor":32,"key":"REST"},{"data":"Apotheosis","floor":42,"key":"SMITH"}],"neow_cost":"","seed_source_timestamp":0,"circlet_count":0,"master_deck":["Strike_B","Strike_B","Strike_B","Strike_B","Defend_B+1","Defend_B+1","Defend_B","Defend_B","Zap+1","Dualcast","Cold Snap","Blizzard","Defragment+1","Capacitor","Consume+1","Defragment","Coolheaded","Turbo","Multi-Cast","Conserve Battery+1","Conserve Battery+1","Barrage+1","Rebound+1","Cold Snap+1","Coolheaded+1","Core Surge+1","Beam Cell+1","Conserve Battery+1","Apotheosis+1","Barrage+1","Leap+1","Rebound+1","Rebound+1","Cold Snap+1"],"special_seed":0,"relics":["Cracked Core","NeowsBlessing","Vajra","Bloody Idol","Bottled Flame","Juzu Bracelet","Inserter","Molten Egg 2","Strawberry","Oddly Smooth Stone","Sozu","War Paint","Unceasing Top","Du-Vu Doll","Ancient Tea Set"],"potions_floor_usage":[31,31],"damage_taken":[{"damage":0.0,"enemies":"2 Louse","floor":1.0,"turns":1.0},{"damage":0.0,"enemies":"Jaw Worm","floor":3.0,"turns":1.0},{"damage":0.0,"enemies":"Gremlin Nob","floor":6.0,"turns":1.0},{"damage":3.0,"enemies":"Small Slimes","floor":7.0,"turns":2.0},{"damage":21.0,"enemies":"3 Louse","floor":8.0,"turns":2.0},{"damage":0.0,"enemies":"2 Fungi Beasts","floor":14.0,"turns":2.0},{"damage":23.0,"enemies":"Slime Boss","floor":16.0,"turns":14.0},{"damage":11.0,"enemies":"Shell Parasite","floor":18.0,"turns":12.0},{"damage":19.0,"enemies":"Chosen","floor":20.0,"turns":7.0},{"damage":16.0,"enemies":"Snake Plant","floor":21.0,"turns":6.0},{"damage":5.0,"enemies":"Centurion and Healer","floor":24.0,"turns":9.0},{"damage":21.0,"enemies":"Book of Stabbing","floor":28.0,"turns":6.0},{"damage":6.0,"enemies":"3 Cultists","floor":29.0,"turns":7.0},{"damage":23,"enemies":"Snake Plant","floor":31,"turns":5},{"damage":23,"enemies":"Collector","floor":33,"turns":12},{"damage":29,"enemies":"3 Darklings","floor":35,"turns":9},{"damage":9,"enemies":"Orb Walker","floor":36,"turns":4},{"damage":10,"enemies":"Nemesis","floor":40,"turns":9},{"damage":21,"floor":41,"turns":6},{"damage":31,"enemies":"2 Orb Walkers","floor":44,"turns":5},{"damage":13,"enemies":"4 Shapes","floor":45,"turns":9},{"damage":15,"enemies":"Nemesis","floor":46,"turns":1}],"seed_played":"6362486764098376287","potions_obtained":[{"floor":3.0,"key":"Explosive Potion"},{"floor":6.0,"key":"GamblersBrew"},{"floor":7.0,"key":"Swift Potion"},{"floor":16.0,"key":"Weak Potion"},{"floor":20.0,"key":"GamblersBrew"},{"floor":21.0,"key":"Dexterity Potion"},{"floor":29.0,"key":"Poison Potion"}],"is_trial":false,"path_per_floor":["M","?","M","?","$","E","M","M","T","$","?","R","?","M","R","B",null,"M","?","M","M","$","R","M","R","T","R","E","M","?","M","R","B",null,"M","M","?","?","$","E","?","R","T","E","M"],"character_chosen":"DEFECT","items_purchased":["Defragment","Coolheaded","Apotheosis","Barrage+1"],"campfire_rested":4,"item_purchase_floors":[],"current_hp_per_floor":[75,75,75,69,69,69,66,45,45,45,31,51,68,68,68,45,63,52,52,33,17,17,37,32,52,59,59,38,32,32,14,36,18,62,38,34,34,66,66,61,45,45,45,19,11,0],"gold":283,"neow_bonus":"","is_prod":false,"is_daily":false,"chose_seed":false,"campfire_upgraded":3,"win_rate":0,"timestamp":1530583036,"path_taken":["M","?","M","?","$","E","M","M","T","$","?","R","?","M","R","BOSS","M","?","M","M","$","R","M","R","T","R","E","M","?","M","R","BOSS","M","M","?","?","$","E","?","R","T","E","M","E"],"build_version":"2018-06-28","purchased_purges":1,"victory":false,"max_hp_per_floor":[75,75,75,69,69,69,69,69,69,69,69,69,69,69,69,69,69,69,69,69,69,69,69,69,69,76,76,76,76,76,76,76,76,76,76,76,76,66,66,66,66,66,66,66,66,66],"card_choices":[{"not_picked":["Consume","Redo"],"picked":"Cold Snap","floor":1.0},{"not_picked":["Tempest","Storm"],"picked":"Blizzard","floor":3.0},{"not_picked":["Turbo","Go for the Eyes"],"picked":"Defragment","floor":6.0},{"not_picked":["Coolheaded","Machine Learning"],"picked":"Capacitor","floor":7.0},{"not_picked":["Scrape","Barrage"],"picked":"Consume","floor":8.0},{"not_picked":["Beam Cell","Barrage"],"picked":"Turbo","floor":14.0},{"not_picked":["Electrodynamics","Machine Learning"],"picked":"Multi-Cast","floor":16.0},{"not_picked":["Genetic Algorithm","Streamline"],"picked":"Conserve Battery+1","floor":18.0},{"not_picked":["Redo","Turbo"],"picked":"Go for the Eyes+1","floor":20.0},{"not_picked":["Consume","Melter+1"],"picked":"Conserve Battery+1","floor":21.0},{"not_picked":["Capacitor","Hologram"],"picked":"Barrage+1","floor":24.0},{"not_picked":["Coolheaded","Darkness+1"],"picked":"Rebound+1","floor":28.0},{"not_picked":["Steam","Go for the Eyes+1"],"picked":"Cold Snap+1","floor":29.0},{"not_picked":["Turbo","Redo"],"picked":"Coolheaded","floor":31},{"not_picked":["Multi-Cast","Meteor Strike+1"],"picked":"Core Surge+1","floor":33},{"not_picked":["Recycle","Hologram"],"picked":"Beam Cell+1","floor":35},{"not_picked":["Ball Lightning+1","Loop"],"picked":"Conserve Battery+1","floor":36},{"not_picked":["Rip and Tear+1","Hello World"],"picked":"Leap+1","floor":40},{"not_picked":["Steam Power+1","Stack"],"picked":"Rebound+1","floor":41},{"not_picked":["Hello World+1","Compile Driver+1"],"picked":"Rebound+1","floor":44},{"not_picked":["Conserve Battery","Beam Cell+1"],"picked":"Cold Snap+1","floor":45}],"player_experience":808382,"relics_obtained":[{"floor":6.0,"key":"Bottled Flame"},{"floor":9.0,"key":"Juzu Bracelet"},{"floor":26.0,"key":"Strawberry"},{"floor":28.0,"key":"Oddly Smooth Stone"},{"floor":40,"key":"War Paint"},{"floor":41,"key":"Unceasing Top"},{"floor":43,"key":"Du-Vu Doll"},{"floor":44,"key":"Ancient Tea Set"}],"event_choices":[{"event_name":"Big Fish","player_choice":"Box","floor":2.0,"damage_taken":0.0},{"event_name":"Golden Idol","player_choice":"Lose Max HP","floor":4.0,"damage_taken":0.0},{"event_name":"Shining Light","player_choice":"Entered Light","floor":11.0,"damage_taken":0.0},{"event_name":"The Cleric","player_choice":"Healed","floor":13.0,"damage_taken":0.0},{"event_name":"Addict","player_choice":"Obtained Relic","floor":19.0,"damage_taken":0.0},{"event_name":"Forgotten Altar","player_choice":"Gave Idol","floor":30.0,"damage_taken":0.0},{"event_name":"Falling","player_choice":"Removed Attack","floor":37,"damage_taken":0},{"event_name":"The Moai Head","player_choice":"Heal","floor":38,"damage_taken":0},{"event_name":"Mysterious Sphere","player_choice":"Fight","floor":41,"damage_taken":0}],"boss_relics":[{"not_picked":["Ectoplasm","Coffee Dripper"],"picked":"Inserter"},{"not_picked":["White Beast Statue","Snecko Eye"],"picked":"Sozu"}],"items_purged_floors":[],"is_endless":false,"potions_floor_spawned":[3,6,7,16,20,21,29,40,44,45],"killed_by":"Nemesis","ascension_level":5}