{"path_per_floor":["M","M","M","M","$","R","E","M","T","?","?","M","M","M","R","B",null,"M","$","M","M","M","E","R","?","T","E","M","?","?","M","R","B",null,"M","M","$","M","?","R","E","T","T","R","M","R","$","M","R","B"],"character_chosen":"IRONCLAD","items_purchased":["Bludgeon","Toxic Egg 2","Shuriken","Happy Flower","Swift Potion","Regen Potion"],"gold_per_floor":[109,127,144,160,7,7,35,55,82,82,82,98,119,142,142,272,272,291,40,58,79,79,115,115,40,70,106,131,131,131,145,145,269,269,290,311,211,225,558,558,588,614,639,639,655,655,24,36,36,36],"floor_reached":51,"campfire_rested":2,"playtime":2954,"current_hp_per_floor":[80,80,80,80,80,80,62,56,56,49,49,52,54,60,60,66,80,79,79,80,67,53,45,69,69,69,42,37,80,80,72,72,72,80,71,53,53,27,27,51,33,40,40,40,81,81,81,77,77,58],"items_purged":["Strike_R","Normality","Normality"],"gold":36,"score":773,"play_id":"4e43c08c-3c7a-4b93-a280-96ec22640ff0","local_time":"20180415154113","is_prod":false,"is_daily":false,"chose_seed":false,"is_ascension_mode":false,"campfire_upgraded":6,"timestamp":1523799673,"path_taken":["M","M","M","M","$","R","E","M","T","?","?","M","M","M","R","BOSS","M","$","M","M","M","E","R","?","T","E","M","?","?","M","R","BOSS","M","M","$","M","?","R","E","?","T","R","M","R","$","M","R","BOSS"],"build_version":"2018-04-12","seed_source_timestamp":398645876951261,"purchased_purges":3,"victory":true,"master_deck":["Strike_R","Strike_R","Strike_R","Defend_R","Defend_R","Defend_R","Defend_R","Bash+1","Dropkick","Bloodletting+1","Clash","Dropkick+1","Bludgeon+1","Clash","Thunderclap+1","Thunderclap+1","Rage+1","Offering+1","Spot Weakness+1","Warcry+1","Warcry+1","Seeing Red+1","Spot Weakness+1","Reaper","Hemokinesis+1","Ghostly Armor+1"],"max_hp_per_floor":[80,80,80,80,80,80,80,80,80,80,80,80,80,80,80,80,80,80,80,80,80,80,80,80,80,80,80,80,80,80,80,80,80,80,80,80,80,80,80,80,80,87,87,87,87,87,87,87,87,87],"relics":["Burning Blood","Anchor","Omamori","Vajra","Runic Cube","Toxic Egg 2","Juzu Bracelet","Tiny Chest","Blood Vial","Calling Bell","Orichalcum","Pen Nib","Matryoshka","Self Forming Clay","Kunai","Strawberry","Regal Pillow","War Paint","Shuriken","Happy Flower"],"card_choices":[{"not_picked":["Headbutt","Ghostly Armor"],"picked":"Dropkick","floor":1},{"not_picked":["Combust","Havoc"],"picked":"Bloodletting","floor":2},{"not_picked":["Sword Boomerang","Iron Wave"],"picked":"Clash","floor":3},{"not_picked":["Wild Strike","Pommel Strike"],"picked":"Dropkick","floor":4},{"not_picked":["Immolate","Intimidate"],"picked":"Clash","floor":7},{"not_picked":["Warcry","Clash"],"picked":"Thunderclap","floor":8},{"not_picked":["Berserk","True Grit"],"picked":"Thunderclap","floor":12},{"not_picked":["Warcry","Combust"],"picked":"Rage","floor":14},{"not_picked":["Berserk","Immolate"],"picked":"Offering","floor":16},{"not_picked":["Blood for Blood","Sword Boomerang"],"picked":"Spot Weakness","floor":18},{"not_picked":["Pommel Strike","Reckless Charge"],"picked":"Warcry","floor":20},{"not_picked":["Pummel","Rampage"],"picked":"Warcry","floor":22},{"not_picked":["Anger","Pummel"],"picked":"Seeing Red","floor":23},{"not_picked":["Flex","Inflame"],"picked":"Spot Weakness","floor":28},{"not_picked":["Berserk","Brutality"],"picked":"Reaper","floor":33},{"not_picked":["Anger","Metallicize"],"picked":"Hemokinesis","floor":36},{"not_picked":["Flame Barrier","Inflame"],"picked":"Ghostly Armor","floor":41}],"player_experience":227083,"potions_floor_usage":[7,20,21,23,31,33,33,41,50,50,50],"damage_taken":[{"damage":0,"enemies":"2 Louse","floor":1,"turns":3},{"damage":6,"enemies":"Jaw Worm","floor":2,"turns":3},{"damage":1,"enemies":"Cultist","floor":3,"turns":3},{"damage":5,"enemies":"Looter","floor":4,"turns":3},{"damage":24,"enemies":"Lagavulin","floor":7,"turns":5},{"damage":12,"enemies":"Exordium Thugs","floor":8,"turns":3},{"damage":3,"enemies":"Blue Slaver","floor":12,"turns":2},{"damage":4,"enemies":"2 Fungi Beasts","floor":13,"turns":3},{"damage":0,"enemies":"Gremlin Gang","floor":14,"turns":2},{"damage":0,"enemies":"Slime Boss","floor":16,"turns":4},{"damage":7,"enemies":"Chosen","floor":18,"turns":4},{"damage":1,"enemies":"3 Byrds","floor":20,"turns":3},{"damage":19,"enemies":"Centurion and Healer","floor":21,"turns":4},{"damage":20,"enemies":"Snake Plant","floor":22,"turns":3},{"damage":14,"enemies":"Gremlin Leader","floor":23,"turns":3},{"damage":33,"enemies":"Slavers","floor":27,"turns":3},{"damage":13,"enemies":"3 Cultists","floor":28,"turns":3},{"damage":14,"enemies":"Snecko","floor":31,"turns":3},{"damage":14,"enemies":"Collector","floor":33,"turns":5},{"damage":15,"enemies":"3 Darklings","floor":35,"turns":4},{"damage":31,"enemies":"3 Shapes","floor":36,"turns":6},{"damage":34,"enemies":"3 Darklings","floor":38,"turns":3},{"damage":40,"enemies":"2 Orb Walkers","floor":41,"turns":4},{"damage":16,"enemies":"4 Shapes","floor":45,"turns":3},{"damage":12,"enemies":"Maw","floor":48,"turns":4},{"damage":81,"enemies":"Donu and Deca","floor":50,"turns":6}],"event_choices":[{"event_name":"Scrap Ooze","player_choice":"success","floor":10,"damage_taken":7},{"event_name":"Golden Idol","player_choice":"Take Wound","floor":11,"damage_taken":0},{"event_name":"Beggar","player_choice":"Gave Gold","floor":25,"damage_taken":0},{"event_name":"Wheel of Change","player_choice":"Full Heal","floor":29,"damage_taken":0},{"event_name":"Ghosts","player_choice":"Ignored","floor":30,"damage_taken":0},{"event_name":"The Moai Head","player_choice":"Gave Idol","floor":39,"damage_taken":0}],"boss_relics":[{"not_picked":["Sozu","Orrery"],"picked":"Runic Cube"},{"not_picked":["Lizard Tail","Pandora\u0027s Box"],"picked":"Calling Bell"}],"potions_floor_spawned":[2,4,7,13,18,23,27,28,38,45,48],"seed_played":"-2326500110583629047","ascension_level":0,"is_trial":false}