{"gold_per_floor":[12,12,31,47,47,72,72,128,128,128,128,128,143,105,105,183,183,196,196,196,215,226,245,245,261,261,271,283,308,308,334,334,334],"floor_reached":33,"playtime":1017,"items_purged":[],"score":471,"play_id":"e281d3c9-1e74-4087-9c59-d5ef5e9c8fa5","local_time":"20190214111132","is_ascension_mode":true,"campfire_choices":[{"data":"Flame Barrier","floor":7,"key":"SMITH"},{"floor":11,"key":"REST"},{"data":"Shockwave","floor":15,"key":"SMITH"},{"data":"Metallicize","floor":24,"key":"SMITH"},{"data":"Metallicize","floor":32,"key":"SMITH"}],"neow_cost":"NO_GOLD","seed_source_timestamp":554743286158350,"circlet_count":0,"master_deck":["AscendersBane","Strike_R","Strike_R+1","Strike_R+1","Strike_R","Defend_R","Defend_R","Defend_R","Defend_R","Bash","Demon Form+1","Havoc","Flame Barrier+1","Anger","Uppercut","Anger","Iron Wave","Shockwave+1","Immolate","Spot Weakness+1","Metallicize+1","Shrug It Off","Feed","Shrug It Off","Metallicize+1","Intimidate+1","Bludgeon","Dropkick"],"relics":["Burning Blood","Red Skull","Question Card","Tiny Chest","Shuriken","Whetstone","Meat on the Bone","Runic Pyramid","Bronze Scales","Orichalcum","Paper Frog"],"potions_floor_usage":[3,6,22,25,27,27,27,27],"damage_taken":[{"damage":11,"enemies":"Cultist","floor":1,"turns":4},{"damage":4,"enemies":"Small Slimes","floor":3,"turns":4},{"damage":3,"enemies":"Jaw Worm","floor":4,"turns":5},{"damage":21,"enemies":"Gremlin Nob","floor":6,"turns":4},{"damage":20,"enemies":"Lagavulin","floor":8,"turns":6},{"damage":9,"enemies":"Looter","floor":13,"turns":3},{"damage":28,"enemies":"Slime Boss","floor":16,"turns":7},{"damage":15,"enemies":"Chosen","floor":18,"turns":4},{"damage":23,"enemies":"Shell Parasite","floor":21,"turns":5},{"damage":31,"enemies":"Snake Plant","floor":22,"turns":4},{"damage":31,"enemies":"Sentry and Sphere","floor":23,"turns":6},{"damage":28,"enemies":"Shelled Parasite and Fungi","floor":25,"turns":5},{"damage":2,"enemies":"Snake Plant","floor":27,"turns":3},{"damage":12,"enemies":"Cultist and Chosen","floor":28,"turns":5},{"damage":13,"enemies":"Gremlin Leader","floor":31,"turns":6},{"damage":40,"enemies":"Collector","floor":33,"turns":7}],"seed_played":"-4917038855140253177","potions_obtained":[{"floor":1,"key":"Fruit Juice"},{"floor":4,"key":"FearPotion"},{"floor":21,"key":"Energy Potion"},{"floor":22,"key":"Fire Potion"},{"floor":23,"key":"LiquidBronze"},{"floor":25,"key":"EntropicBrew"}],"is_trial":false,"path_per_floor":["M","?","M","M","?","E","R","E","T","T","R","T","M","$","R","B",null,"M","?","?","M","M","M","R","M","T","M","M","T","?","E","R","B"],"character_chosen":"IRONCLAD","items_purchased":["Shockwave"],"campfire_rested":1,"item_purchase_floors":[14],"current_hp_per_floor":[63,51,58,61,61,46,46,32,32,32,56,56,53,53,53,43,71,62,62,62,57,44,31,31,24,24,40,49,49,49,54,54,14],"gold":334,"neow_bonus":"THREE_RARE_CARDS","is_prod":false,"is_daily":false,"chose_seed":false,"campfire_upgraded":4,"win_rate":0,"timestamp":1550139092,"path_taken":["M","?","M","M","?","E","R","E","T","?","R","?","M","?","R","BOSS","M","?","?","M","M","M","R","M","T","?","M","?","?","E","R","BOSS"],"build_version":"2019-01-23","purchased_purges":0,"victory":false,"max_hp_per_floor":[75,75,80,80,80,80,80,80,80,80,80,80,80,80,80,80,80,80,80,80,80,80,80,80,83,83,83,86,86,86,86,86,86],"card_choices":[{"not_picked":["Barricade","Juggernaut"],"picked":"Demon Form","floor":0},{"not_picked":["Sever Soul","Sentinel"],"picked":"Havoc","floor":1},{"not_picked":["Armaments","Blood for Blood"],"picked":"Flame Barrier","floor":3},{"not_picked":["Cleave","Evolve"],"picked":"Anger","floor":4},{"not_picked":["Power Through","Juggernaut"],"picked":"Uppercut","floor":6},{"not_picked":["Heavy Blade","Wild Strike","Dual Wield"],"picked":"Anger","floor":8},{"not_picked":["Rage","Sever Soul","Hemokinesis"],"picked":"Iron Wave","floor":13},{"not_picked":["Fiend Fire","Demon Form","Reaper"],"picked":"Immolate","floor":16},{"not_picked":["Flex","Twin Strike","Iron Wave"],"picked":"Spot Weakness+1","floor":18},{"not_picked":["Iron Wave","True Grit","Havoc"],"picked":"Shrug It Off","floor":21},{"not_picked":["Wild Strike","Perfected Strike","Pummel"],"picked":"Feed","floor":22},{"not_picked":["Flex","Spot Weakness","Sword Boomerang"],"picked":"Shrug It Off","floor":23},{"not_picked":["Thunderclap","Perfected Strike+1","Bloodletting"],"picked":"Metallicize","floor":25},{"not_picked":["Havoc","Ghostly Armor","Thunderclap"],"picked":"Intimidate+1","floor":27},{"not_picked":["Havoc","Flex","Searing Blow"],"picked":"Bludgeon","floor":28},{"not_picked":["Perfected Strike","Thunderclap","Fiend Fire"],"picked":"Dropkick","floor":31}],"player_experience":2282873,"relics_obtained":[{"floor":6,"key":"Question Card"},{"floor":8,"key":"Tiny Chest"},{"floor":9,"key":"Shuriken"},{"floor":10,"key":"Whetstone"},{"floor":12,"key":"Meat on the Bone"},{"floor":26,"key":"Bronze Scales"},{"floor":29,"key":"Orichalcum"},{"floor":31,"key":"Paper Frog"}],"event_choices":[{"damage_healed":0,"gold_gain":0,"player_choice":"Success","damage_taken":12,"relics_obtained":["Red Skull"],"max_hp_gain":0,"max_hp_loss":0,"event_name":"Scrap Ooze","floor":2,"gold_loss":0},{"damage_healed":0,"gold_gain":0,"player_choice":"Grow","damage_taken":0,"max_hp_gain":0,"max_hp_loss":0,"event_name":"Living Wall","floor":5,"gold_loss":0,"cards_upgraded":["Demon Form"]},{"damage_healed":0,"gold_gain":0,"player_choice":"Read","damage_taken":0,"max_hp_gain":0,"max_hp_loss":0,"event_name":"The Library","floor":19,"gold_loss":0,"cards_obtained":["Metallicize"]},{"cards_removed":["Strike_R"],"damage_healed":0,"gold_gain":0,"player_choice":"Card Removal","damage_taken":0,"max_hp_gain":0,"max_hp_loss":0,"event_name":"Wheel of Change","floor":20,"gold_loss":0},{"damage_healed":0,"gold_gain":0,"player_choice":"Ignored","damage_taken":0,"max_hp_gain":0,"max_hp_loss":0,"event_name":"Ghosts","floor":30,"gold_loss":0}],"is_beta":false,"boss_relics":[{"not_picked":["Black Blood","Fusion Hammer"],"picked":"Runic Pyramid"}],"items_purged_floors":[],"is_endless":false,"potions_floor_spawned":[1,4,21,22,23,25],"killed_by":"Collector","ascension_level":14}