{"gold_per_floor":[111,111,111,111,127,127,160,75,126,151,151,165,199,215,215,306,306,330,330,330,330,102,102,138,156,211,211,227,227,227,265,265,265],"floor_reached":33,"playtime":1913,"items_purged":[],"score":632,"play_id":"a5406e79-5453-4d06-9a01-13139a1ce887","local_time":"20181103140918","is_ascension_mode":true,"campfire_choices":[{"data":"Bash","floor":6.0,"key":"SMITH"},{"data":"Limit Break","floor":11.0,"key":"SMITH"},{"data":"Inflame","floor":15.0,"key":"SMITH"},{"floor":23.0,"key":"REST"},{"data":"Fiend Fire","floor":27.0,"key":"SMITH"},{"data":"Fiend Fire","floor":29.0,"key":"SMITH"},{"floor":32.0,"key":"REST"}],"neow_cost":"NONE","seed_source_timestamp":153747766360994,"circlet_count":0,"master_deck":["AscendersBane","Strike_R","Strike_R","Strike_R","Strike_R","Strike_R","Defend_R","Defend_R+1","Defend_R","Defend_R+1","Bash+1","Whirlwind+1","Iron Wave","Limit Break+1","Inflame+1","Battle Trance","Feel No Pain","Headbutt","Immolate","True Grit+1","Fiend Fire+1","Heavy Blade","Fiend Fire+1"],"special_seed":0,"relics":["Burning Blood","NeowsBlessing","Golden Idol","Oddly Smooth Stone","Orichalcum","Smiling Mask","Snecko Eye","Enchiridion","Magic Flower","War Paint","Paper Frog"],"potions_floor_usage":[33],"damage_taken":[{"damage":0.0,"enemies":"Small Slimes","floor":1.0,"turns":1.0},{"damage":0.0,"enemies":"Jaw Worm","floor":5.0,"turns":1.0},{"damage":0.0,"enemies":"Gremlin Nob","floor":7.0,"turns":1.0},{"damage":0.0,"enemies":"2 Louse","floor":10.0,"turns":1.0},{"damage":10.0,"enemies":"Looter","floor":12.0,"turns":3.0},{"damage":15.0,"enemies":"3 Sentries","floor":13.0,"turns":4.0},{"damage":0.0,"enemies":"2 Fungi Beasts","floor":14.0,"turns":2.0},{"damage":32.0,"enemies":"Hexaghost","floor":16.0,"turns":7.0},{"damage":32.0,"enemies":"2 Thieves","floor":18.0,"turns":3.0},{"damage":6.0,"enemies":"Colosseum Slavers","floor":20.0,"turns":3.0},{"damage":28.0,"enemies":"Slavers","floor":24.0,"turns":2.0},{"damage":2.0,"enemies":"Chosen","floor":25.0,"turns":4.0},{"damage":4.0,"enemies":"Sentry and Sphere","floor":28.0,"turns":3.0},{"damage":37.0,"enemies":"Book of Stabbing","floor":31.0,"turns":3.0},{"damage":38,"enemies":"Automaton","floor":33,"turns":8}],"seed_played":"5181243521922825776","potions_obtained":[{"floor":5.0,"key":"FearPotion"},{"floor":7.0,"key":"Swift Potion"},{"floor":14.0,"key":"SpeedPotion"},{"floor":18.0,"key":"SteroidPotion"},{"floor":24.0,"key":"Block Potion"}],"is_trial":false,"path_per_floor":["M","?","?","?","M","R","E","$","T","M","R","M","E","M","R","B",null,"M","?","?","?","$","R","E","M","T","R","M","R","?","E","R","B"],"character_chosen":"IRONCLAD","items_purchased":["Inflame","Fiend Fire","Regen Potion","Explosive Potion"],"campfire_rested":2,"item_purchase_floors":[8,22,22,22],"current_hp_per_floor":[74,74,48,48,54,54,60,60,60,66,66,62,53,59,59,33,65,39,18,18,18,18,40,27,34,34,34,39,39,39,11,33,0],"gold":265,"neow_bonus":"THREE_ENEMY_KILL","is_prod":false,"is_daily":false,"chose_seed":false,"campfire_upgraded":5,"win_rate":0,"timestamp":1541268558,"path_taken":["M","?","?","?","M","R","E","$","T","M","R","M","E","?","R","BOSS","M","?","?","?","$","R","E","M","T","R","M","R","?","E","R","BOSS"],"build_version":"2018-11-02","purchased_purges":0,"victory":false,"max_hp_per_floor":[75,75,75,75,75,75,75,75,75,75,75,75,75,75,75,75,75,75,75,75,75,75,75,75,75,75,75,75,75,75,75,75,75],"card_choices":[{"not_picked":["Shrug It Off","Power Through"],"picked":"Whirlwind","floor":1.0},{"not_picked":["Thunderclap","Flex"],"picked":"Iron Wave","floor":5.0},{"not_picked":["Clash","Anger"],"picked":"Limit Break","floor":7.0},{"not_picked":["Clash","Anger"],"picked":"Battle Trance","floor":10.0},{"not_picked":["Dropkick","Second Wind"],"picked":"Feel No Pain","floor":12.0},{"not_picked":["Body Slam","Clash"],"picked":"Headbutt","floor":13.0},{"not_picked":["Clash","Body Slam","Whirlwind"],"picked":"SKIP","floor":14.0},{"not_picked":["Double Tap","Barricade"],"picked":"Immolate","floor":16.0},{"not_picked":["Wild Strike","Iron Wave"],"picked":"True Grit+1","floor":18.0},{"not_picked":["Anger+1","Body Slam","Intimidate+1"],"picked":"SKIP","floor":24.0},{"not_picked":["Dropkick","Cleave"],"picked":"Heavy Blade","floor":25.0},{"not_picked":["Second Wind","Perfected Strike"],"picked":"Fiend Fire","floor":28.0},{"not_picked":["Havoc","Headbutt","Rage"],"picked":"SKIP","floor":31.0}],"player_experience":1142473,"relics_obtained":[{"floor":7.0,"key":"Oddly Smooth Stone"},{"floor":9.0,"key":"Orichalcum"},{"floor":13.0,"key":"Smiling Mask"},{"floor":19.0,"key":"Enchiridion"},{"floor":24.0,"key":"Magic Flower"},{"floor":26.0,"key":"War Paint"},{"floor":31.0,"key":"Paper Frog"}],"event_choices":[{"damage_healed":0.0,"max_hp_gain":0.0,"max_hp_loss":0.0,"gold_gain":0.0,"event_name":"Golden Wing","player_choice":"Ignored","floor":2.0,"gold_loss":0.0,"damage_taken":0.0},{"damage_healed":0.0,"max_hp_gain":0.0,"max_hp_loss":0.0,"gold_gain":0.0,"event_name":"Golden Idol","player_choice":"Take Damage","floor":3.0,"gold_loss":0.0,"damage_taken":26.0,"relics_obtained":["Golden Idol"]},{"damage_healed":0.0,"max_hp_gain":0.0,"max_hp_loss":0.0,"gold_gain":0.0,"event_name":"Living Wall","player_choice":"Grow","floor":4.0,"gold_loss":0.0,"damage_taken":0.0,"cards_upgraded":["Whirlwind"]},{"damage_healed":0.0,"max_hp_gain":0.0,"max_hp_loss":0.0,"gold_gain":0.0,"event_name":"Cursed Tome","player_choice":"Obtained Book","floor":19.0,"gold_loss":0.0,"damage_taken":21.0},{"damage_healed":0.0,"max_hp_gain":0.0,"max_hp_loss":0.0,"gold_gain":0.0,"event_name":"Colosseum","player_choice":"Fight","floor":20.0,"gold_loss":0.0,"damage_taken":0.0},{"damage_healed":0.0,"max_hp_gain":0.0,"max_hp_loss":0.0,"gold_gain":0.0,"event_name":"Colosseum","player_choice":"Fled From Nobs","floor":20.0,"gold_loss":0.0,"damage_taken":0.0},{"damage_healed":0.0,"max_hp_gain":0.0,"max_hp_loss":0.0,"gold_gain":0.0,"event_name":"Beggar","player_choice":"Ignored","floor":21.0,"gold_loss":0.0,"damage_taken":0.0},{"damage_healed":0.0,"max_hp_gain":0.0,"max_hp_loss":0.0,"gold_gain":0.0,"event_name":"Vampires","player_choice":"Ignored","floor":30.0,"gold_loss":0.0,"damage_taken":0.0}],"is_beta":true,"boss_relics":[{"not_picked":["Orrery","Cursed Key"],"picked":"Snecko Eye"}],"items_purged_floors":[],"is_endless":false,"potions_floor_spawned":[5,7,14,18,24],"killed_by":"Automaton","ascension_level":20}