{"gold_per_floor":[111,193,207,223,188,217,217,246,246,256,256,270,195,195,195,273,273,283,303,303,303,4,4,19,19,19,19,19,19,39,54,54,132,132,144,144,164,164,264,264,274,290,316,316,333,333,347,347,347,347],"floor_reached":51,"playtime":3071,"items_purged":["Strike_R"],"score":1178,"play_id":"43ba7ae6-7b4c-4711-aa0a-cebe94ca2f0c","local_time":"20190219133241","is_ascension_mode":true,"campfire_choices":[{"floor":7.0,"key":"REST"},{"data":"Mayhem","floor":11.0,"key":"SMITH"},{"floor":15.0,"key":"REST"},{"floor":23.0,"key":"REST"},{"floor":25.0,"key":"REST"},{"data":"Chrysalis","floor":28.0,"key":"SMITH"},{"floor":32.0,"key":"REST"},{"floor":40.0,"key":"REST"},{"floor":46,"key":"REST"},{"floor":49,"key":"REST"}],"neow_cost":"CURSE","seed_source_timestamp":0,"circlet_count":0,"master_deck":["AscendersBane","Strike_R","Strike_R","Strike_R","Strike_R","Defend_R","Defend_R","Defend_R","Bash","Mayhem+1","Jack Of All Trades+1","Clumsy","Shrug It Off","Armaments","Warcry","Spot Weakness","Metallicize","Warcry","Havoc","Limit Break","Ghostly Armor","Reckless Charge","Chrysalis+1","Bandage Up","Demon Form","Enlightenment","Parasite"],"special_seed":0,"relics":["Burning Blood","Mercury Hourglass","Boot","Bag of Preparation","Dead Branch","Busted Crown","MutagenicStrength","Happy Flower","Runic Pyramid","Du-Vu Doll","Omamori"],"potions_floor_usage":[45,47],"damage_taken":[{"damage":18.0,"enemies":"Cultist","floor":1.0,"turns":5.0},{"damage":11.0,"enemies":"Small Slimes","floor":3.0,"turns":4.0},{"damage":6.0,"enemies":"2 Louse","floor":4.0,"turns":4.0},{"damage":27.0,"enemies":"3 Sentries","floor":6.0,"turns":9.0},{"damage":19.0,"enemies":"Lagavulin","floor":8.0,"turns":5.0},{"damage":9.0,"enemies":"Large Slime","floor":10.0,"turns":5.0},{"damage":12.0,"enemies":"Lots of Slimes","floor":12.0,"turns":4.0},{"damage":35.0,"enemies":"Hexaghost","floor":16.0,"turns":7.0},{"damage":13.0,"enemies":"Chosen","floor":18.0,"turns":4.0},{"damage":3.0,"enemies":"Spheric Guardian","floor":19.0,"turns":3.0},{"damage":24.0,"enemies":"Snake Plant","floor":24.0,"turns":5.0},{"damage":26.0,"enemies":"Cultist and Chosen","floor":30.0,"turns":6.0},{"damage":21.0,"enemies":"Shelled Parasite and Fungi","floor":31.0,"turns":4.0},{"damage":22.0,"enemies":"Champ","floor":33.0,"turns":10.0},{"damage":1.0,"enemies":"3 Shapes","floor":35.0,"turns":4.0},{"damage":48.0,"enemies":"3 Darklings","floor":37.0,"turns":5.0},{"damage":3.0,"enemies":"Mind Bloom Boss Battle","floor":39.0,"turns":8.0},{"damage":12.0,"enemies":"Writhing Mass","floor":41.0,"turns":4.0},{"damage":38,"enemies":"Spire Growth","floor":42,"turns":4},{"damage":27,"enemies":"Jaw Worm Horde","floor":45,"turns":3},{"damage":0,"enemies":"Sphere and 2 Shapes","floor":47,"turns":5},{"damage":31,"enemies":"Donu and Deca","floor":50,"turns":6}],"seed_played":"-1136761694424213233","potions_obtained":[{"floor":4.0,"key":"SkillPotion"},{"floor":6.0,"key":"SteroidPotion"},{"floor":16.0,"key":"SkillPotion"},{"floor":18.0,"key":"AttackPotion"},{"floor":30.0,"key":"Poison Potion"},{"floor":31.0,"key":"Poison Potion"},{"floor":37.0,"key":"EssenceOfSteel"},{"floor":41.0,"key":"Swift Potion"},{"floor":45,"key":"Fruit Juice"},{"floor":47,"key":"GamblersBrew"}],"is_trial":false,"path_per_floor":["M","T","M","M","?","E","R","E","T","M","R","M","$","?","R","B",null,"M","M","?","?","$","R","M","R","T","?","R","?","M","M","R","B",null,"M","?","M","?","?","R","M","M","T","?","M","R","M","?","R","B",null],"character_chosen":"IRONCLAD","items_purchased":["Chrysalis","Bandage Up"],"campfire_rested":8,"item_purchase_floors":[22,22],"current_hp_per_floor":[56,56,51,51,69,48,70,57,57,54,54,48,48,48,70,41,67,60,63,63,63,63,75,57,75,75,75,75,75,61,50,72,60,71,75,75,39,39,46,68,62,34,34,49,32,54,69,69,80,59],"gold":347,"neow_bonus":"RANDOM_COLORLESS_2","is_prod":false,"is_daily":false,"chose_seed":false,"campfire_upgraded":2,"win_rate":0,"timestamp":1550579561,"path_taken":["M","?","?","M","?","E","R","E","T","M","R","M","$","?","R","BOSS","M","M","?","?","$","R","?","R","T","?","R","?","M","M","R","BOSS","M","?","M","?","?","R","M","M","T","?","M","R","M","?","R","BOSS"],"build_version":"2019-01-23","purchased_purges":1,"victory":true,"max_hp_per_floor":[75,75,75,75,75,75,75,75,75,75,75,75,75,75,75,75,75,75,75,75,75,75,75,75,75,75,75,75,75,75,75,75,75,75,75,75,75,75,75,75,75,75,75,75,75,75,80,80,80,80],"card_choices":[{"not_picked":["Infernal Blade","Iron Wave"],"picked":"Shrug It Off","floor":1.0},{"not_picked":["Clothesline","Hemokinesis"],"picked":"Armaments","floor":3.0},{"not_picked":["Seeing Red","Brutality"],"picked":"Warcry","floor":4.0},{"not_picked":["Shockwave","Headbutt"],"picked":"Spot Weakness","floor":6.0},{"not_picked":["Impervious","Headbutt"],"picked":"Metallicize","floor":8.0},{"not_picked":["Wild Strike","Heavy Blade"],"picked":"Warcry","floor":10.0},{"not_picked":["Fire Breathing","Clash"],"picked":"Havoc","floor":12.0},{"not_picked":["Double Tap","Exhume"],"picked":"Limit Break","floor":16.0},{"not_picked":[],"picked":"Ghostly Armor","floor":18.0},{"not_picked":[],"picked":"Reckless Charge","floor":19.0},{"not_picked":["Heavy Blade+1"],"picked":"SKIP","floor":24.0},{"not_picked":["Power Through"],"picked":"SKIP","floor":30.0},{"not_picked":["Perfected Strike"],"picked":"SKIP","floor":31.0},{"not_picked":[],"picked":"Demon Form","floor":33.0},{"not_picked":["Iron Wave"],"picked":"SKIP","floor":35.0},{"not_picked":[],"picked":"Enlightenment","floor":36.0},{"not_picked":["Headbutt"],"picked":"SKIP","floor":37.0},{"not_picked":["Iron Wave"],"picked":"SKIP","floor":41.0},{"not_picked":["Heavy Blade"],"picked":"SKIP","floor":42},{"not_picked":["Sever Soul"],"picked":"SKIP","floor":45},{"not_picked":["Flame Barrier"],"picked":"SKIP","floor":47}],"player_experience":412964,"relics_obtained":[{"floor":2.0,"key":"Mercury Hourglass"},{"floor":6.0,"key":"Boot"},{"floor":8.0,"key":"Bag of Preparation"},{"floor":9.0,"key":"Dead Branch"},{"floor":26.0,"key":"Happy Flower"},{"floor":39.0,"key":"Du-Vu Doll"},{"floor":43,"key":"Omamori"}],"event_choices":[{"damage_healed":18.0,"max_hp_gain":0.0,"max_hp_loss":0.0,"gold_gain":0.0,"event_name":"The Cleric","player_choice":"Healed","floor":5.0,"gold_loss":35.0,"damage_taken":0.0},{"damage_healed":0.0,"max_hp_gain":0.0,"max_hp_loss":0.0,"gold_gain":0.0,"event_name":"Golden Idol","player_choice":"Ignored","floor":14.0,"gold_loss":0.0,"damage_taken":0.0},{"damage_healed":0.0,"max_hp_gain":0.0,"max_hp_loss":0.0,"gold_gain":0.0,"event_name":"Drug Dealer","player_choice":"Inject Mutagens","floor":20.0,"gold_loss":0.0,"damage_taken":0.0,"relics_obtained":["MutagenicStrength"]},{"damage_healed":0.0,"max_hp_gain":0.0,"max_hp_loss":0.0,"gold_gain":0.0,"event_name":"Accursed Blacksmith","player_choice":"Forge","floor":21.0,"gold_loss":0.0,"damage_taken":0.0,"cards_upgraded":["Jack Of All Trades"]},{"damage_healed":0.0,"max_hp_gain":0.0,"max_hp_loss":0.0,"gold_gain":0.0,"event_name":"Ghosts","player_choice":"Ignored","floor":27.0,"gold_loss":0.0,"damage_taken":0.0},{"damage_healed":0.0,"max_hp_gain":0.0,"max_hp_loss":0.0,"gold_gain":0.0,"event_name":"SensoryStone","player_choice":"Memory 1","floor":36.0,"gold_loss":0.0,"damage_taken":0.0},{"damage_healed":0.0,"max_hp_gain":0.0,"max_hp_loss":0.0,"gold_gain":0.0,"event_name":"Mysterious Sphere","player_choice":"Ignored","floor":38.0,"gold_loss":0.0,"damage_taken":0.0},{"damage_healed":0.0,"max_hp_gain":0.0,"max_hp_loss":0.0,"gold_gain":0.0,"event_name":"MindBloom","player_choice":"Fight","floor":39.0,"gold_loss":0.0,"damage_taken":0.0},{"damage_healed":15,"gold_gain":0,"player_choice":"Writhe","damage_taken":0,"max_hp_gain":0,"max_hp_loss":0,"event_name":"Winding Halls","floor":44,"gold_loss":0,"cards_obtained":["Writhe"]},{"cards_removed":["Defend_R"],"damage_healed":0,"gold_gain":0,"player_choice":"Removed Skill","damage_taken":0,"max_hp_gain":0,"max_hp_loss":0,"event_name":"Falling","floor":48,"gold_loss":0}],"is_beta":false,"boss_relics":[{"not_picked":["Pandora\u0027s Box","Mark of Pain"],"picked":"Busted Crown"},{"not_picked":["Eternal Feather","Black Blood"],"picked":"Runic Pyramid"}],"items_purged_floors":[13],"is_endless":false,"potions_floor_spawned":[4,6,16,18,30,31,37,41,45,47],"ascension_level":18}