{"gold_per_floor":[119,119,136,154,0,34,34,34,57,136,101,101,115,140,140,140],"floor_reached":16,"playtime":587,"items_purged":[],"score":125,"play_id":"936a8163-839c-485d-adc0-12fd73416cec","local_time":"20180703044901","is_ascension_mode":true,"campfire_choices":[{"data":"Gash","floor":7,"key":"SMITH"},{"data":"Glacier","floor":15,"key":"SMITH"}],"neow_cost":"NONE","seed_source_timestamp":384252243287030,"circlet_count":0,"master_deck":["Strike_B","Strike_B","Strike_B","Defend_B","Defend_B","Defend_B","Zap","Dualcast","Leap","Gash+1","Leap","Glacier+1","Gash","Rebound","Rebound"],"relics":["Philosopher\u0027s Stone","Bag of Preparation","Juzu Bracelet","Golden Idol","Potion Belt","Pear"],"potions_floor_usage":[10,16],"damage_taken":[{"damage":3,"enemies":"Small Slimes","floor":1,"turns":3},{"damage":0,"enemies":"Jaw Worm","floor":3,"turns":4},{"damage":0,"enemies":"2 Louse","floor":4,"turns":2},{"damage":30,"enemies":"Lagavulin","floor":6,"turns":8},{"damage":16,"enemies":"Lagavulin Event","floor":10,"turns":9},{"damage":1,"enemies":"Large Slime","floor":13,"turns":6},{"damage":9,"enemies":"3 Louse","floor":14,"turns":3},{"damage":25,"enemies":"Slime Boss","floor":16,"turns":8}],"seed_played":"-8716515983915554663","potions_obtained":[{"floor":6,"key":"LiquidBronze"},{"floor":10,"key":"Weak Potion"},{"floor":13,"key":"Dexterity Potion"}],"is_trial":false,"path_per_floor":["M","?","M","M","$","E","R","?","T","?","?","?","M","M","R"],"character_chosen":"DEFECT","items_purchased":["Bag of Preparation"],"campfire_rested":0,"item_purchase_floors":[5],"current_hp_per_floor":[72,65,65,65,65,35,35,35,35,29,48,48,47,38,38,13],"gold":140,"neow_bonus":"BOSS_RELIC","is_prod":false,"is_daily":false,"chose_seed":false,"campfire_upgraded":2,"win_rate":0,"timestamp":1530586141,"path_taken":["M","?","M","M","$","E","R","?","T","?","?","?","M","M","R","BOSS"],"build_version":"2018-06-28","purchased_purges":0,"victory":false,"max_hp_per_floor":[75,75,75,75,75,75,75,69,69,79,79,79,79,79,79,79],"card_choices":[{"not_picked":["Redo","Double Energy"],"picked":"Leap","floor":1},{"not_picked":["Capacitor","Rip and Tear"],"picked":"Gash","floor":3},{"not_picked":["Compile Driver","Turbo"],"picked":"Leap","floor":4},{"not_picked":["Loop","Beam Cell"],"picked":"Glacier","floor":6},{"not_picked":["Coolheaded","Barrage"],"picked":"Gash","floor":10},{"not_picked":["Melter","Sunder"],"picked":"Rebound","floor":13},{"not_picked":["Cold Snap","Steam Power"],"picked":"Rebound","floor":14}],"player_experience":813401,"relics_obtained":[{"floor":6,"key":"Juzu Bracelet"},{"floor":9,"key":"Potion Belt"},{"floor":10,"key":"Pear"}],"event_choices":[{"event_name":"Golden Wing","player_choice":"Card Removal","floor":2,"damage_taken":0},{"event_name":"Golden Idol","player_choice":"Lose Max HP","floor":8,"damage_taken":0},{"event_name":"Dead Adventurer","player_choice":"Searched \u00271\u0027 times","floor":10,"damage_taken":0},{"event_name":"The Cleric","player_choice":"Healed","floor":11,"damage_taken":0},{"event_name":"Purifier","player_choice":"One Purge","floor":12,"damage_taken":0}],"boss_relics":[],"items_purged_floors":[],"is_endless":false,"potions_floor_spawned":[6,10,13],"killed_by":"Slime Boss","ascension_level":5}