{"gold_per_floor":[113,288,288,138,138,171,185,228,228,290,290,314,314,379,379,499,499,524,524,565,104,19,19,19],"floor_reached":24,"playtime":667,"items_purged":["Doubt"],"score":357,"play_id":"bfd88aae-1a94-4ca9-90ea-2c5e06e5faad","local_time":"20190128143543","is_ascension_mode":true,"campfire_choices":[{"data":"Adrenaline","floor":13,"key":"SMITH"},{"floor":15,"key":"REST"},{"data":"Footwork","floor":23,"key":"SMITH"}],"neow_cost":"NONE","seed_source_timestamp":178211618248266,"circlet_count":0,"master_deck":["AscendersBane","Defend_G+1","Defend_G+1","Defend_G+1","Defend_G+1","Defend_G+1","Strike_G+1","Strike_G+1","Strike_G+1","Strike_G+1","Strike_G+1","Survivor","Neutralize","Endless Agony","Backstab","Adrenaline+1","Infinite Blades","Cloak And Dagger","Caltrops","Backflip","After Image","Distraction+1","PiercingWail","Footwork+1","Master of Strategy"],"relics":["Ring of the Snake","NeowsBlessing","Golden Idol","Dodecahedron","Tough Bandages","Question Card","Centennial Puzzle","Mercury Hourglass","White Beast Statue","Red Mask","Strange Spoon","Pocketwatch"],"potions_floor_usage":[8,8,14,18,20,24,24],"damage_taken":[{"damage":0,"enemies":"Small Slimes","floor":1,"turns":1},{"damage":0,"enemies":"Lagavulin","floor":6,"turns":1},{"damage":0,"enemies":"2 Louse","floor":7,"turns":1},{"damage":11,"enemies":"Gremlin Nob","floor":8,"turns":4},{"damage":0,"enemies":"Jaw Worm","floor":12,"turns":3},{"damage":16,"enemies":"Gremlin Nob","floor":14,"turns":4},{"damage":30,"enemies":"Hexaghost","floor":16,"turns":12},{"damage":8,"enemies":"Chosen","floor":18,"turns":5},{"damage":2,"enemies":"Masked Bandits","floor":20,"turns":5},{"damage":23,"enemies":"Gremlin Leader","floor":24,"turns":4}],"seed_played":"-2868181914615955210","potions_obtained":[{"floor":6,"key":"SteroidPotion"},{"floor":7,"key":"EssenceOfSteel"},{"floor":8,"key":"GamblersBrew"},{"floor":14,"key":"Strength Potion"},{"floor":16,"key":"AttackPotion"},{"floor":18,"key":"GhostInAJar"},{"floor":20,"key":"AttackPotion"}],"is_trial":false,"path_per_floor":["M","?","?","$","?","E","M","E","T","?","?","M","R","?","R","B",null,"M","?","?","$","?","R","E"],"character_chosen":"THE_SILENT","items_purchased":["Backstab","Footwork","Master of Strategy","Strange Spoon"],"campfire_rested":1,"item_purchase_floors":[4,21,21,21],"current_hp_per_floor":[63,63,63,63,50,50,50,39,39,39,36,36,36,20,39,9,51,43,43,41,41,41,41,18],"gold":19,"neow_bonus":"THREE_ENEMY_KILL","is_prod":false,"is_daily":false,"chose_seed":false,"campfire_upgraded":2,"win_rate":0,"timestamp":1548682543,"path_taken":["M","?","?","$","?","E","M","E","T","?","?","?","R","?","R","BOSS","M","?","?","$","?","R","E"],"build_version":"2019-01-23","purchased_purges":1,"victory":false,"max_hp_per_floor":[70,70,65,65,65,65,65,65,65,65,65,65,65,65,65,65,65,65,65,65,65,65,65,65],"card_choices":[{"not_picked":["Quick Slash","Flying Knee"],"picked":"Endless Agony","floor":1},{"not_picked":["Outmaneuver","Blade Dance"],"picked":"Adrenaline","floor":6},{"not_picked":["Sucker Punch","PiercingWail"],"picked":"Infinite Blades","floor":7},{"not_picked":["Deadly Poison","Prepared"],"picked":"Cloak And Dagger","floor":8},{"not_picked":["Bane","Cloak And Dagger","Backflip"],"picked":"Caltrops","floor":12},{"not_picked":["Blade Dance","Slice","Envenom"],"picked":"Backflip","floor":14},{"not_picked":["Glass Knife","Burst","Adrenaline"],"picked":"After Image","floor":16},{"not_picked":["Noxious Fumes","Riddle With Holes","Poisoned Stab"],"picked":"Distraction+1","floor":18},{"not_picked":["Eviscerate","Choke","Blur+1"],"picked":"PiercingWail","floor":20}],"player_experience":2070929,"relics_obtained":[{"floor":6,"key":"Dodecahedron"},{"floor":8,"key":"Tough Bandages"},{"floor":9,"key":"Question Card"},{"floor":14,"key":"Mercury Hourglass"},{"floor":20,"key":"Red Mask"}],"event_choices":[{"damage_healed":0,"gold_gain":175,"player_choice":"AGREE","damage_taken":0,"max_hp_gain":0,"max_hp_loss":0,"event_name":"Liars Game","floor":2,"gold_loss":0,"cards_obtained":["Doubt"]},{"damage_healed":0,"gold_gain":0,"player_choice":"Lose Max HP","damage_taken":0,"relics_obtained":["Golden Idol"],"max_hp_gain":0,"max_hp_loss":5,"event_name":"Golden Idol","floor":3,"gold_loss":0},{"damage_healed":0,"gold_gain":0,"player_choice":"Entered Light","damage_taken":13,"max_hp_gain":0,"max_hp_loss":0,"event_name":"Shining Light","floor":5,"gold_loss":0,"cards_upgraded":["Defend_G","Strike_G"]},{"damage_healed":0,"gold_gain":62,"player_choice":"Gained Gold","damage_taken":0,"max_hp_gain":0,"max_hp_loss":0,"event_name":"Golden Wing","floor":10,"gold_loss":0},{"damage_healed":0,"gold_gain":0,"player_choice":"Success","damage_taken":3,"relics_obtained":["Centennial Puzzle"],"max_hp_gain":0,"max_hp_loss":0,"event_name":"Scrap Ooze","floor":11,"gold_loss":0},{"damage_healed":0,"gold_gain":30,"player_choice":"Searched \u00273\u0027 times","damage_taken":0,"max_hp_gain":0,"max_hp_loss":0,"event_name":"Dead Adventurer","floor":14,"gold_loss":0},{"damage_healed":0,"gold_gain":0,"player_choice":"Simplicity","damage_taken":0,"max_hp_gain":0,"max_hp_loss":0,"event_name":"Back to Basics","floor":19,"gold_loss":0,"cards_upgraded":["Defend_G","Defend_G","Defend_G","Defend_G","Strike_G","Strike_G","Strike_G","Strike_G"]},{"damage_healed":0,"gold_gain":0,"player_choice":"Fought Bandits","damage_taken":0,"max_hp_gain":0,"max_hp_loss":0,"event_name":"Masked Bandits","floor":20,"gold_loss":0},{"damage_healed":0,"gold_gain":0,"player_choice":"Obtained Relic","damage_taken":0,"relics_obtained":["Pocketwatch"],"max_hp_gain":0,"max_hp_loss":0,"event_name":"Addict","floor":22,"gold_loss":85}],"is_beta":false,"boss_relics":[{"not_picked":["Empty Cage","Eternal Feather"],"picked":"White Beast Statue"}],"items_purged_floors":[4],"is_endless":false,"potions_floor_spawned":[6,7,8,14,16,18,20],"killed_by":"Gremlin Leader","ascension_level":12}