{"gold_per_floor":[110,70,70,86,100,100,100,128,153,153,169,185,69,86,86,86],"floor_reached":16,"playtime":2839,"items_purged":[],"score":158,"play_id":"76fa8619-ede2-47dd-888b-b039e92faaa4","local_time":"20181102054646","is_ascension_mode":true,"campfire_choices":[{"floor":7,"key":"REST"},{"data":"Inflame","floor":15,"key":"SMITH"}],"neow_cost":"PERCENT_DAMAGE","seed_source_timestamp":623864013440805,"circlet_count":0,"master_deck":["AscendersBane","Strike_R","Strike_R","Strike_R","Strike_R","Strike_R","Defend_R","Defend_R","Defend_R+1","Defend_R+1","Bash","Enlightenment+1","Mind Blast","Wild Strike","Uppercut","Cleave","Warcry","Whirlwind","Warcry","Inflame+1","Shrug It Off"],"relics":["Burning Blood","Regal Pillow","The Courier","War Paint","Oddly Smooth Stone"],"potions_floor_usage":[8,12,16],"damage_taken":[{"damage":6,"enemies":"2 Louse","floor":1,"turns":3},{"damage":10,"enemies":"Small Slimes","floor":4,"turns":3},{"damage":12,"enemies":"Jaw Worm","floor":5,"turns":2},{"damage":46,"enemies":"Lagavulin","floor":8,"turns":8},{"damage":0,"enemies":"Lots of Slimes","floor":11,"turns":1},{"damage":9,"enemies":"Blue Slaver","floor":12,"turns":5},{"damage":8,"enemies":"Looter","floor":14,"turns":2},{"damage":29,"enemies":"Slime Boss","floor":16,"turns":7}],"seed_played":"6051274730796504595","potions_obtained":[{"floor":1,"key":"Dexterity Potion"},{"floor":8,"key":"Regen Potion"},{"floor":11,"key":"Swift Potion"},{"floor":14,"key":"Weak Potion"}],"is_trial":false,"path_per_floor":["M","$","?","M","M","?","R","E","T","?","M","M","$","M","R","B"],"character_chosen":"IRONCLAD","items_purchased":["Uppercut","Oddly Smooth Stone"],"campfire_rested":1,"item_purchase_floors":[2,13],"current_hp_per_floor":[51,51,51,47,41,34,73,33,33,33,39,50,50,48,48,19],"gold":86,"neow_bonus":"RANDOM_COLORLESS_2","is_prod":false,"is_daily":false,"chose_seed":false,"campfire_upgraded":1,"win_rate":0,"timestamp":1541134006,"path_taken":["M","$","?","M","M","?","R","E","T","?","M","?","?","M","R","BOSS"],"build_version":"2018-11-01","purchased_purges":0,"victory":false,"max_hp_per_floor":[80,80,80,80,80,80,80,80,80,80,80,80,80,80,80,80],"card_choices":[{"not_picked":["Entrench","True Grit"],"picked":"Wild Strike","floor":1},{"not_picked":["Pommel Strike","Sword Boomerang"],"picked":"Cleave","floor":4},{"not_picked":["Twin Strike","Searing Blow"],"picked":"Warcry","floor":5},{"not_picked":["Corruption","Rage"],"picked":"Whirlwind","floor":8},{"not_picked":["Entrench","Flex"],"picked":"Warcry","floor":11},{"not_picked":["Twin Strike","Corruption"],"picked":"Inflame","floor":12},{"not_picked":["Sword Boomerang","Flex"],"picked":"Shrug It Off","floor":14}],"player_experience":1115628,"relics_obtained":[{"floor":8,"key":"The Courier"},{"floor":9,"key":"War Paint"}],"event_choices":[{"damage_healed":0,"gold_gain":0,"player_choice":"Box","damage_taken":0,"relics_obtained":["Regal Pillow"],"max_hp_gain":0,"max_hp_loss":0,"event_name":"Big Fish","floor":3,"gold_loss":0,"cards_obtained":["Regret"]},{"cards_removed":["Regret"],"damage_healed":0,"gold_gain":0,"player_choice":"Card Removal","damage_taken":7,"max_hp_gain":0,"max_hp_loss":0,"event_name":"Golden Wing","floor":6,"gold_loss":0},{"damage_healed":0,"gold_gain":0,"player_choice":"Grow","damage_taken":0,"max_hp_gain":0,"max_hp_loss":0,"event_name":"Living Wall","floor":10,"gold_loss":0,"cards_upgraded":["Enlightenment"]}],"is_beta":false,"boss_relics":[],"items_purged_floors":[],"is_endless":false,"potions_floor_spawned":[1,8,11,14],"killed_by":"Slime Boss","ascension_level":11}