{"path_per_floor":["M","M","M","M","M","R","E","R","T","M","M","E","R","?","R","B",null,"M","?","?","$","?","R","M","E","T","E","M","M","T","E","R"],"character_chosen":"DEFECT","items_purchased":["Ball Lightning","Ornamental Fan"],"gold_per_floor":[115,129,142,155,169,169,201,201,256,273,287,315,315,315,315,441,441,459,459,558,259,259,259,280,346,346,379,399,419,473,516,516,516],"floor_reached":33,"campfire_rested":3,"playtime":3797,"item_purchase_floors":[21,21],"current_hp_per_floor":[73,66,66,41,41,41,32,32,32,31,23,3,40,22,59,45,75,59,37,37,37,37,37,15,18,18,22,23,29,29,10,36,0],"items_purged":[],"gold":516,"score":405,"play_id":"cfebca08-375b-40c2-b0aa-7e16655fa348","local_time":"20180617114355","is_prod":false,"is_daily":false,"chose_seed":false,"is_ascension_mode":true,"campfire_upgraded":3,"win_rate":0,"timestamp":1529228635,"campfire_choices":[{"data":"Dualcast","floor":6,"key":"SMITH"},{"data":"Hello World","floor":8,"key":"SMITH"},{"floor":13,"key":"REST"},{"floor":15,"key":"REST"},{"data":"Ghostly","floor":23,"key":"SMITH"},{"floor":32,"key":"REST"}],"path_taken":["M","M","M","M","M","R","E","R","T","M","M","E","R","?","R","BOSS","M","?","?","$","?","R","M","E","T","E","M","?","?","E","R","BOSS"],"build_version":"2018-06-14v2","seed_source_timestamp":320585173499578,"purchased_purges":0,"victory":false,"master_deck":["Strike_B","Strike_B","Strike_B","Strike_B","Defend_B","Defend_B","Defend_B","Defend_B","Zap","Dualcast+1","Recycle","Chill","Sweeping Beam","Undo+1","Loop","Hello World+1","Leap+1","Rebound+1","Redo","Rainbow","Ghostly+1","Ghostly","Ghostly","Ghostly","Ghostly","Ball Lightning+1","Writhe","Self Repair","Steam+1","Reinforced Body+1","White Noise+1","Blizzard","Coolheaded+1"],"max_hp_per_floor":[75,75,75,75,75,75,75,75,75,75,75,75,75,75,75,75,75,75,37,37,37,37,37,37,37,37,37,37,37,37,37,37,37],"relics":["Cracked Core","Regal Pillow","Boot","Mercury Hourglass","Golden Idol","Black Star","Ornamental Fan","Art of War","Tiny Chest","War Paint","Whetstone","Dream Catcher","Orichalcum","Omamori","Meat on the Bone","Letter Opener"],"card_choices":[{"not_picked":["Redo","Go for the Eyes"],"picked":"Recycle","floor":1},{"not_picked":["Streamline","Gash"],"picked":"Chill","floor":2},{"not_picked":["Beam Cell","Steam"],"picked":"Sweeping Beam","floor":3},{"not_picked":["Turbo","Biased Cognition"],"picked":"Undo","floor":4},{"not_picked":["Barrage","Darkness"],"picked":"Loop","floor":5},{"not_picked":["Leap","Turbo"],"picked":"Hello World","floor":7},{"not_picked":["Turbo","Hello World"],"picked":"Leap","floor":10},{"not_picked":["Gash","Beam Cell"],"picked":"Rebound","floor":11},{"not_picked":["Scrape","Turbo"],"picked":"Redo","floor":12},{"not_picked":["Fission","Biased Cognition"],"picked":"Rainbow","floor":16},{"not_picked":["Gash+1","Go for the Eyes","Rebound"],"picked":"SKIP","floor":18},{"not_picked":["Sweeping Beam","Blizzard"],"picked":"Self Repair","floor":24},{"not_picked":["Fission","Turbo"],"picked":"Steam+1","floor":25},{"not_picked":["Double Energy","Cold Snap"],"picked":"Reinforced Body+1","floor":27},{"not_picked":["Turbo+1","Go for the Eyes"],"picked":"White Noise+1","floor":28},{"not_picked":["Barrage","Gash+1","Streamline"],"picked":"SKIP","floor":29},{"not_picked":["Redo","Gash"],"picked":"Blizzard","floor":31},{"not_picked":["Steam","Sunder"],"picked":"Coolheaded+1","floor":32}],"player_experience":707807,"potions_floor_usage":[7,7,7,12,18,27,28,31,31],"damage_taken":[{"damage":2,"enemies":"Jaw Worm","floor":1,"turns":3},{"damage":7,"enemies":"Small Slimes","floor":2,"turns":4},{"damage":0,"enemies":"2 Louse","floor":3,"turns":3},{"damage":25,"enemies":"Large Slime","floor":4,"turns":6},{"damage":0,"enemies":"Looter","floor":5,"turns":4},{"damage":9,"enemies":"3 Sentries","floor":7,"turns":4},{"damage":1,"enemies":"2 Fungi Beasts","floor":10,"turns":4},{"damage":8,"enemies":"Blue Slaver","floor":11,"turns":4},{"damage":34,"enemies":"Gremlin Nob","floor":12,"turns":5},{"damage":14,"enemies":"Slime Boss","floor":16,"turns":8},{"damage":16,"enemies":"Shell Parasite","floor":18,"turns":9},{"damage":22,"enemies":"3 Byrds","floor":24,"turns":4},{"damage":4,"enemies":"Gremlin Leader","floor":25,"turns":8},{"damage":3,"enemies":"Slavers","floor":27,"turns":6},{"damage":6,"enemies":"Slaver and Parasite","floor":28,"turns":8},{"damage":1,"enemies":"3 Cultists","floor":29,"turns":7},{"damage":26,"enemies":"Gremlin Leader","floor":31,"turns":8},{"damage":39,"enemies":"Automaton","floor":33,"turns":10}],"relics_obtained":[{"floor":7,"key":"Regal Pillow"},{"floor":9,"key":"Boot"},{"floor":12,"key":"Mercury Hourglass"},{"floor":25,"key":"Tiny Chest"},{"floor":25,"key":"War Paint"},{"floor":26,"key":"Whetstone"},{"floor":27,"key":"Dream Catcher"},{"floor":27,"key":"Orichalcum"},{"floor":30,"key":"Omamori"},{"floor":31,"key":"Meat on the Bone"},{"floor":31,"key":"Letter Opener"}],"event_choices":[{"event_name":"Golden Idol","player_choice":"Take Damage","floor":14,"damage_taken":0},{"event_name":"Ghosts","player_choice":"Became a Ghost","floor":19,"damage_taken":0},{"event_name":"Nest","player_choice":"Stole From Cult","floor":20,"damage_taken":0},{"event_name":"The Mausoleum","player_choice":"Yes","floor":22,"damage_taken":0}],"boss_relics":[{"not_picked":["Busted Crown","Lizard Tail"],"picked":"Black Star"}],"items_purged_floors":[],"is_endless":false,"potions_floor_spawned":[1,4,5,11,12,16,18,27,29],"seed_played":"-1590102717988840721","killed_by":"Automaton","ascension_level":4,"potions_obtained":[{"floor":1,"key":"PowerPotion"},{"floor":4,"key":"SteroidPotion"},{"floor":5,"key":"Strength Potion"},{"floor":11,"key":"Regen Potion"},{"floor":12,"key":"Weak Potion"},{"floor":16,"key":"Explosive Potion"},{"floor":18,"key":"Weak Potion"},{"floor":27,"key":"PowerPotion"},{"floor":29,"key":"Poison Potion"}],"is_trial":false}