{"gold_per_floor":[113,113,38,52,69,99,99,99,123,49,49,65,85,98,98,193,193,203,203,103,118,134,62,80,80,80,80,99,119,119,133,133,237,287,305,305,318,337,356,356,231,242,266,298,208,130,149,149,149,149],"floor_reached":51,"playtime":6105,"items_purged":["Strike_R","Defend_R","Strike_R"],"score":855,"play_id":"0d23b280-107a-4643-8a68-0a415d783ad7","local_time":"20190113174634","is_ascension_mode":true,"campfire_choices":[{"floor":7.0,"key":"REST"},{"data":"Rage","floor":11.0,"key":"SMITH"},{"data":"Inflame","floor":15.0,"key":"SMITH"},{"floor":25.0,"key":"REST"},{"floor":30.0,"key":"REST"},{"data":"Rage","floor":32.0,"key":"SMITH"},{"floor":40,"key":"REST"},{"floor":49,"key":"REST"}],"neow_cost":"PERCENT_DAMAGE","seed_source_timestamp":12081823304990287,"circlet_count":0,"master_deck":["Strike_R","Strike_R+1","Defend_R","Bash","Metallicize+1","Burning Pact","Iron Wave+1","Spot Weakness","True Grit","Rage+1","Iron Wave","Inflame+1","Limit Break+1","Infernal Blade","Flame Barrier+1","Rage+1","Exhume","Rampage","Second Wind","Parasite","Battle Trance+1","Armaments+1","Warcry+1"],"special_seed":0,"relics":["Burning Blood","Thread and Needle","Dream Catcher","Bag of Preparation","Runic Pyramid","Meat on the Bone","Tiny House","FaceOfCleric","Whetstone","Pen Nib"],"potions_floor_usage":[44,50,50,50,50,50],"damage_taken":[{"damage":3.0,"enemies":"Small Slimes","floor":1.0,"turns":4.0},{"damage":0.0,"enemies":"Cultist","floor":4.0,"turns":4.0},{"damage":0.0,"enemies":"Jaw Worm","floor":5.0,"turns":6.0},{"damage":39.0,"enemies":"Lagavulin","floor":6.0,"turns":9.0},{"damage":19.0,"enemies":"Lots of Slimes","floor":12.0,"turns":6.0},{"damage":2.0,"enemies":"3 Louse","floor":13.0,"turns":4.0},{"damage":0.0,"enemies":"Exordium Thugs","floor":14.0,"turns":5.0},{"damage":36.0,"enemies":"The Guardian","floor":16.0,"turns":12.0},{"damage":0.0,"enemies":"Chosen","floor":18.0,"turns":4.0},{"damage":0.0,"enemies":"3 Byrds","floor":21.0,"turns":6.0},{"damage":24.0,"enemies":"Snake Plant","floor":22.0,"turns":4.0},{"damage":33.0,"enemies":"Centurion and Healer","floor":24.0,"turns":10.0},{"damage":0.0,"enemies":"Snecko","floor":28.0,"turns":7.0},{"damage":59.0,"enemies":"3 Cultists","floor":29.0,"turns":8.0},{"damage":12.0,"enemies":"Sentry and Sphere","floor":31.0,"turns":7.0},{"damage":33.0,"enemies":"Champ","floor":33.0,"turns":14.0},{"damage":0.0,"enemies":"3 Shapes","floor":35.0,"turns":10.0},{"damage":60.0,"enemies":"3 Darklings","floor":37.0,"turns":7.0},{"damage":18,"enemies":"Writhing Mass","floor":38,"turns":10},{"damage":1,"enemies":"Sphere and 2 Shapes","floor":39,"turns":11},{"damage":0,"enemies":"Spire Growth","floor":42,"turns":7},{"damage":18,"enemies":"Giant Head","floor":44,"turns":10},{"damage":64,"enemies":"4 Shapes","floor":47,"turns":8},{"damage":26,"enemies":"Donu and Deca","floor":50,"turns":10}],"seed_played":"-1971680144031588906","potions_obtained":[{"floor":6.0,"key":"Ancient Potion"},{"floor":12.0,"key":"SpeedPotion"},{"floor":13.0,"key":"Energy Potion"},{"floor":24.0,"key":"FearPotion"},{"floor":29.0,"key":"SpeedPotion"},{"floor":33.0,"key":"FearPotion"},{"floor":34.0,"key":"Explosive Potion"},{"floor":37.0,"key":"SpeedPotion"},{"floor":42,"key":"Weak Potion"},{"floor":48,"key":"EntropicBrew"},{"floor":48,"key":"Dexterity Potion"}],"is_trial":false,"path_per_floor":["M","?","$","M","M","E","R","$","T","$","R","M","M","M","R","B",null,"M","?","$","M","M","$","M","R","T","$","M","M","R","M","R","B",null,"M","?","M","M","M","R","$","M","T","E","?","$","M","?","R","B",null],"character_chosen":"IRONCLAD","items_purchased":["Rage","Rage","EssenceOfSteel"],"campfire_rested":5,"item_purchase_floors":[10,23,46],"current_hp_per_floor":[54,54,54,60,66,33,57,57,57,57,57,44,48,54,54,24,66,72,72,72,78,60,60,33,57,57,57,63,22,46,52,52,37,74,80,80,39,40,58,84,84,89,89,78,78,78,33,33,60,53],"gold":149,"neow_bonus":"ONE_RARE_RELIC","is_prod":false,"is_daily":false,"chose_seed":false,"campfire_upgraded":3,"win_rate":0,"timestamp":1547397994,"path_taken":["M","?","$","M","M","E","R","$","T","?","R","?","M","M","R","BOSS","M","?","$","M","?","?","M","R","T","$","M","M","R","M","R","BOSS","M","?","M","M","?","R","$","M","T","E","?","$","?","?","R","BOSS"],"build_version":"2019-01-10","purchased_purges":3,"victory":true,"max_hp_per_floor":[80,80,80,80,80,80,80,80,80,80,80,80,80,80,80,80,80,80,80,80,80,80,80,80,80,80,80,80,80,80,80,80,80,85,85,85,86,87,88,88,88,89,89,90,90,90,91,91,91,92],"card_choices":[{"not_picked":["Pommel Strike","Iron Wave"],"picked":"Metallicize","floor":1.0},{"not_picked":["Anger","Warcry"],"picked":"Burning Pact","floor":4.0},{"not_picked":["Headbutt","Searing Blow"],"picked":"Iron Wave","floor":5.0},{"not_picked":["Clash","Iron Wave"],"picked":"Spot Weakness","floor":6.0},{"not_picked":["Evolve","Shrug It Off"],"picked":"True Grit","floor":7.0},{"not_picked":["Combust","Sever Soul"],"picked":"Iron Wave","floor":12.0},{"not_picked":["Clash","Rupture"],"picked":"Inflame","floor":13.0},{"not_picked":["Pommel Strike","Anger","Cleave"],"picked":"SKIP","floor":14.0},{"not_picked":["Dark Embrace","Immolate"],"picked":"Limit Break","floor":16.0},{"not_picked":["Combust+1","Perfected Strike","Seeing Red"],"picked":"SKIP","floor":18.0},{"not_picked":["Clash","Twin Strike"],"picked":"Infernal Blade","floor":21.0},{"not_picked":["Cleave+1","Anger+1"],"picked":"Flame Barrier+1","floor":22.0},{"not_picked":["Anger","Sever Soul","Cleave+1"],"picked":"SKIP","floor":24.0},{"not_picked":["Infernal Blade+1","Sword Boomerang","Clash"],"picked":"SKIP","floor":28.0},{"not_picked":["Clothesline","Disarm","Perfected Strike"],"picked":"SKIP","floor":29.0},{"not_picked":["Havoc","Body Slam","Sever Soul"],"picked":"SKIP","floor":31.0},{"not_picked":["Double Tap","Berserk"],"picked":"Exhume","floor":33.0},{"not_picked":["Flex","Thunderclap"],"picked":"Rampage","floor":34.0},{"not_picked":["Burning Pact+1","Corruption+1","Disarm"],"picked":"SKIP","floor":35.0},{"not_picked":["Havoc+1","Perfected Strike+1"],"picked":"Second Wind","floor":37.0},{"not_picked":["Fire Breathing","Second Wind+1"],"picked":"Battle Trance+1","floor":38},{"not_picked":["Clothesline","Twin Strike","Heavy Blade"],"picked":"SKIP","floor":39},{"not_picked":["Fire Breathing+1","Dual Wield","Iron Wave+1"],"picked":"SKIP","floor":42},{"not_picked":["Limit Break","Clash"],"picked":"Armaments+1","floor":44},{"not_picked":["Uppercut+1","Armaments"],"picked":"Warcry+1","floor":47}],"player_experience":233352,"relics_obtained":[{"floor":6.0,"key":"Dream Catcher"},{"floor":9.0,"key":"Bag of Preparation"},{"floor":26.0,"key":"Meat on the Bone"},{"floor":43,"key":"Whetstone"},{"floor":44,"key":"Pen Nib"}],"event_choices":[{"cards_removed":["Defend_R"],"damage_healed":0.0,"max_hp_gain":0.0,"max_hp_loss":0.0,"gold_gain":0.0,"event_name":"Purifier","player_choice":"Purged","floor":2.0,"gold_loss":0.0,"damage_taken":0.0},{"cards_removed":["Strike_R"],"damage_healed":0.0,"max_hp_gain":0.0,"max_hp_loss":0.0,"gold_gain":0.0,"event_name":"Bonfire Elementals","player_choice":"Offered Basic","floor":19.0,"gold_loss":0.0,"damage_taken":0.0},{"damage_healed":0.0,"max_hp_gain":0.0,"max_hp_loss":0.0,"gold_gain":0.0,"event_name":"FaceTrader","player_choice":"Trade","floor":36.0,"gold_loss":0.0,"damage_taken":0.0,"relics_obtained":["FaceOfCleric"]},{"cards_removed":["Defend_R"],"damage_healed":0,"gold_gain":0,"player_choice":"Upgrade and Remove","damage_taken":0,"max_hp_gain":0,"max_hp_loss":0,"event_name":"Designer","floor":45,"gold_loss":90,"cards_upgraded":["Limit Break"]},{"damage_healed":0,"gold_gain":0,"player_choice":"Got Potions","damage_taken":0,"max_hp_gain":0,"max_hp_loss":0,"event_name":"Lab","floor":48,"gold_loss":0}],"is_beta":false,"boss_relics":[{"not_picked":["Runic Cube","Empty Cage"],"picked":"Runic Pyramid"},{"not_picked":["Black Star","Velvet Choker"],"picked":"Tiny House"}],"items_purged_floors":[3,20,41],"is_endless":false,"potions_floor_spawned":[6,12,13,22,24,29,33,37,42,47],"ascension_level":6}