{"gold_per_floor":[217,228,281,2,2,2,30,30,78,78,96,144,144,170,170,243,293,312,312,492,509,509,543,557,587,587,599,5,5,5,5,5,5],"floor_reached":33,"playtime":911,"items_purged":[],"score":599,"play_id":"a7666e6c-32f0-4211-82e3-d0113fa188d9","local_time":"20190215203720","is_ascension_mode":true,"campfire_choices":[{"data":"Uppercut","floor":6.0,"key":"SMITH"},{"data":"Bash","floor":8.0,"key":"SMITH"},{"data":"Iron Wave","floor":13.0,"key":"SMITH"},{"data":"Spot Weakness","floor":15.0,"key":"SMITH"},{"data":"Whirlwind","floor":30.0,"key":"SMITH"},{"floor":32.0,"key":"REST"}],"neow_cost":"NONE","seed_source_timestamp":6256527469618,"circlet_count":0,"master_deck":["AscendersBane","Defend_R","Defend_R+1","Defend_R","Defend_R","Bash+1","Uppercut+1","Ghostly Armor","Anger","Iron Wave+1","Spot Weakness+1","Feed","Bite","Bite","Bite","Bite","Bite","Rage+1","Battle Trance","Inflame+1","Flame Barrier","Offering","Whirlwind+1"],"special_seed":0,"relics":["Burning Blood","Singing Bowl","Red Skull","Bag of Preparation","Whetstone","Ornamental Fan","Tiny House","Juzu Bracelet","Matryoshka","Darkstone Periapt","MawBank","Kunai","Membership Card","Frozen Egg 2"],"potions_floor_usage":[33],"damage_taken":[{"damage":20.0,"enemies":"Small Slimes","floor":1.0,"turns":5.0},{"damage":3.0,"enemies":"2 Louse","floor":2.0,"turns":3.0},{"damage":30.0,"enemies":"Gremlin Nob","floor":7.0,"turns":4.0},{"damage":0.0,"enemies":"Cultist","floor":11.0,"turns":2.0},{"damage":8.0,"enemies":"Lagavulin","floor":14.0,"turns":4.0},{"damage":16.0,"enemies":"Hexaghost","floor":16.0,"turns":7.0},{"damage":22.0,"enemies":"Spheric Guardian","floor":18.0,"turns":5.0},{"damage":19.0,"enemies":"3 Byrds","floor":21.0,"turns":7.0},{"damage":19.0,"enemies":"Book of Stabbing","floor":23.0,"turns":4.0},{"damage":4.0,"enemies":"Centurion and Healer","floor":24.0,"turns":5.0},{"damage":57.0,"enemies":"Gremlin Leader","floor":25.0,"turns":7.0},{"damage":81,"enemies":"Collector","floor":33,"turns":8}],"seed_played":"683439447676196719","potions_obtained":[{"floor":7.0,"key":"EssenceOfSteel"},{"floor":14.0,"key":"FearPotion"},{"floor":17.0,"key":"Swift Potion"}],"is_trial":false,"path_per_floor":["M","M","?","$","?","R","E","R","T","?","M","T","R","E","R","B",null,"M","?","?","M","?","E","M","E","T","?","$","$","R","?","R","B"],"character_chosen":"IRONCLAD","items_purchased":["Singing Bowl","Membership Card","Frozen Egg 2","Inflame+1","Flame Barrier","Offering","GamblersBrew","Whirlwind"],"campfire_rested":1,"item_purchase_floors":[4,28,28,28,28,28,28,28],"current_hp_per_floor":[54,57,57,57,46,46,22,22,22,22,30,30,30,30,30,22,69,57,57,33,37,37,32,51,24,24,24,24,24,24,24,52,0],"gold":5,"neow_bonus":"HUNDRED_GOLD","is_prod":false,"is_daily":false,"chose_seed":false,"campfire_upgraded":5,"win_rate":0,"timestamp":1550281040,"path_taken":["M","M","?","$","?","R","E","R","T","?","M","?","R","E","R","BOSS","M","?","?","?","?","E","M","E","T","?","?","$","R","?","R","BOSS"],"build_version":"2019-01-23","purchased_purges":0,"victory":false,"max_hp_per_floor":[75,75,75,75,75,75,75,75,75,75,75,75,75,75,75,75,82,84,84,84,87,87,87,92,94,94,94,94,94,94,94,94,94],"card_choices":[{"not_picked":["Iron Wave","Perfected Strike"],"picked":"Uppercut","floor":1.0},{"not_picked":["Clothesline","Searing Blow"],"picked":"Ghostly Armor","floor":2.0},{"not_picked":["Warcry","Thunderclap"],"picked":"Anger","floor":7.0},{"not_picked":["Wild Strike","Infernal Blade"],"picked":"Iron Wave","floor":11.0},{"not_picked":["True Grit","Shrug It Off"],"picked":"Spot Weakness","floor":14.0},{"not_picked":["Brutality","Bludgeon"],"picked":"Feed","floor":16.0},{"not_picked":["Pommel Strike","Body Slam","Heavy Blade"],"picked":"Singing Bowl","floor":17.0},{"not_picked":["Blood for Blood","Armaments","Iron Wave"],"picked":"Singing Bowl","floor":18.0},{"not_picked":["Burning Pact","Clash"],"picked":"Rage+1","floor":21.0},{"not_picked":["Havoc","Searing Blow"],"picked":"Battle Trance","floor":23.0},{"not_picked":["Warcry","Dual Wield+1","Cleave"],"picked":"Singing Bowl","floor":24.0},{"not_picked":["Burning Pact","Iron Wave","Body Slam"],"picked":"Singing Bowl","floor":25.0}],"player_experience":1218838,"relics_obtained":[{"floor":7.0,"key":"Bag of Preparation"},{"floor":9.0,"key":"Blood Vial"},{"floor":12.0,"key":"Whetstone"},{"floor":14.0,"key":"Ornamental Fan"},{"floor":23.0,"key":"Matryoshka"},{"floor":25.0,"key":"Darkstone Periapt"},{"floor":26.0,"key":"MawBank"},{"floor":26.0,"key":"Kunai"}],"event_choices":[{"damage_healed":0.0,"max_hp_gain":0.0,"max_hp_loss":0.0,"gold_gain":53.0,"event_name":"Golden Wing","player_choice":"Gained Gold","floor":3.0,"gold_loss":0.0,"damage_taken":0.0},{"damage_healed":0.0,"max_hp_gain":0.0,"max_hp_loss":0.0,"gold_gain":0.0,"event_name":"Scrap Ooze","player_choice":"Success","floor":5.0,"gold_loss":0.0,"damage_taken":11.0,"relics_obtained":["Red Skull"]},{"damage_healed":0.0,"max_hp_gain":0.0,"max_hp_loss":0.0,"gold_gain":0.0,"event_name":"Shining Light","player_choice":"Ignored","floor":10.0,"gold_loss":0.0,"damage_taken":0.0},{"damage_healed":0.0,"max_hp_gain":0.0,"max_hp_loss":0.0,"gold_gain":0.0,"event_name":"Vampires","player_choice":"Became a vampire (Vial)","floor":19.0,"relics_lost":["Blood Vial"],"gold_loss":0.0,"damage_taken":0.0,"cards_obtained":["Bite","Bite","Bite","Bite","Bite"]},{"damage_healed":0.0,"max_hp_gain":0.0,"max_hp_loss":0.0,"gold_gain":180.0,"event_name":"Knowing Skull","player_choice":"GOLD GOLD ","floor":20.0,"potions_obtained":[],"gold_loss":0.0,"damage_taken":24.0,"cards_obtained":[]},{"damage_healed":0.0,"max_hp_gain":0.0,"max_hp_loss":0.0,"gold_gain":0.0,"event_name":"The Mausoleum","player_choice":"Opened","floor":22.0,"gold_loss":0.0,"damage_taken":0.0,"relics_obtained":["Juzu Bracelet"],"cards_obtained":["Writhe"]},{"cards_removed":["Writhe"],"damage_healed":0.0,"max_hp_gain":0.0,"max_hp_loss":0.0,"gold_gain":0.0,"event_name":"Back to Basics","player_choice":"Elegance","floor":27.0,"gold_loss":0.0,"damage_taken":0.0},{"damage_healed":0.0,"max_hp_gain":0.0,"max_hp_loss":0.0,"gold_gain":0.0,"event_name":"Cursed Tome","player_choice":"Ignored","floor":31.0,"gold_loss":0.0,"damage_taken":0.0}],"is_beta":false,"boss_relics":[{"not_picked":["Runic Cube","Lizard Tail"],"picked":"Tiny House"}],"items_purged_floors":[],"is_endless":false,"potions_floor_spawned":[7,14],"killed_by":"Collector","ascension_level":20}