{"gold_per_floor":[118,118,393,411,40,72,88,88,112,112,129,139,139,314,314,314],"floor_reached":16,"playtime":543,"items_purged":["Regret"],"score":200,"play_id":"d6bc86ef-554e-4e6e-9316-a570a1b28a01","local_time":"20190203120510","is_ascension_mode":true,"campfire_choices":[{"floor":8,"key":"DIG"},{"floor":10,"key":"DIG"},{"floor":13,"key":"DIG"},{"floor":15,"key":"DIG"}],"neow_cost":"NONE","seed_source_timestamp":687703060199082,"circlet_count":0,"master_deck":["AscendersBane","Strike_B","Strike_B","Strike_B","Strike_B","Defend_B","Defend_B+1","Defend_B","Defend_B+1","Zap","Dualcast","Genetic Algorithm","Cold Snap","Hologram","Compile Driver","Reinforced Body","Coolheaded","Doubt"],"relics":["Cracked Core","NeowsBlessing","Shovel","Dream Catcher","Letter Opener","Blood Vial","Emotion Chip","War Paint","Singing Bowl"],"potions_floor_usage":[11,16,16],"damage_taken":[{"damage":0,"enemies":"2 Louse","floor":1,"turns":1},{"damage":0,"enemies":"Jaw Worm","floor":4,"turns":1},{"damage":0,"enemies":"Gremlin Nob","floor":6,"turns":1},{"damage":0,"enemies":"Cultist","floor":7,"turns":3},{"damage":0,"enemies":"Large Slime","floor":11,"turns":3},{"damage":7,"enemies":"Blue Slaver","floor":12,"turns":4},{"damage":71,"enemies":"Slime Boss","floor":16,"turns":14}],"seed_played":"5053311539371684121","potions_obtained":[{"floor":1,"key":"Fire Potion"},{"floor":6,"key":"Block Potion"},{"floor":11,"key":"GamblersBrew"}],"is_trial":false,"path_per_floor":["M","?","?","M","$","E","M","R","T","R","M","M","R","?","R","B"],"character_chosen":"DEFECT","items_purchased":["Shovel"],"campfire_rested":0,"item_purchase_floors":[5],"current_hp_per_floor":[68,68,68,68,68,68,68,68,68,68,70,65,65,65,65,0],"gold":314,"neow_bonus":"THREE_ENEMY_KILL","is_prod":false,"is_daily":false,"chose_seed":false,"campfire_upgraded":0,"win_rate":0,"timestamp":1549191910,"path_taken":["M","?","?","M","$","E","M","R","T","R","M","?","R","?","R","BOSS"],"build_version":"2019-01-23","purchased_purges":1,"victory":false,"max_hp_per_floor":[75,75,75,75,75,75,75,75,75,75,75,75,75,75,75,75],"card_choices":[{"not_picked":["Scrape","Steam"],"picked":"Genetic Algorithm","floor":1},{"not_picked":["Chaos","Conserve Battery"],"picked":"Cold Snap","floor":4},{"not_picked":["Hyperbeam","Aggregate"],"picked":"Hologram","floor":6},{"not_picked":["Stack","Recycle"],"picked":"Compile Driver","floor":7},{"not_picked":["Genetic Algorithm","Compile Driver"],"picked":"Reinforced Body","floor":11},{"not_picked":["Gash","Turbo"],"picked":"Coolheaded","floor":12}],"player_experience":2125502,"relics_obtained":[{"floor":6,"key":"Dream Catcher"},{"floor":8,"key":"Letter Opener"},{"floor":9,"key":"Blood Vial"},{"floor":10,"key":"Emotion Chip"},{"floor":13,"key":"War Paint"},{"floor":15,"key":"Singing Bowl"}],"event_choices":[{"damage_healed":0,"gold_gain":0,"player_choice":"Leave","damage_taken":0,"max_hp_gain":0,"max_hp_loss":0,"event_name":"The Cleric","floor":2,"gold_loss":0},{"damage_healed":0,"gold_gain":275,"player_choice":"Desecrate","damage_taken":0,"max_hp_gain":0,"max_hp_loss":0,"event_name":"Golden Shrine","floor":3,"gold_loss":0,"cards_obtained":["Regret"]},{"damage_healed":0,"gold_gain":175,"player_choice":"AGREE","damage_taken":0,"max_hp_gain":0,"max_hp_loss":0,"event_name":"Liars Game","floor":14,"gold_loss":0,"cards_obtained":["Doubt"]}],"is_beta":false,"boss_relics":[],"items_purged_floors":[5],"is_endless":false,"potions_floor_spawned":[1,6,11],"killed_by":"Slime Boss","ascension_level":12}