{"gold_per_floor":[118,118,118,83,101,142,142,156,156,189,165,340,365,345,345,474,474,452,28,62,62],"floor_reached":21,"playtime":2710,"items_purged":["Doubt"],"score":315,"play_id":"9aa08777-1c18-4992-a6cc-ec884136042b","local_time":"20181202132329","is_ascension_mode":true,"campfire_choices":[{"data":"Deadly Poison","floor":7,"key":"SMITH"},{"data":"Bouncing Flask","floor":15,"key":"SMITH"}],"neow_cost":"NONE","seed_source_timestamp":1264853983163724,"circlet_count":0,"master_deck":["AscendersBane","Defend_G","Defend_G","Defend_G","Defend_G","Defend_G+1","Strike_G+1","Strike_G","Strike_G","Strike_G","Strike_G","Survivor","Neutralize","Leg Sweep","Deadly Poison+1","Noxious Fumes","Bouncing Flask+1","Blur","Outmaneuver","Bane","Burst","Deadly Poison","Poisoned Stab","Crippling Poison"],"relics":["Ring of the Snake","NeowsBlessing","Golden Idol","Darkstone Periapt","Gremlin Horn","Bird Faced Urn","Orrery","Regal Pillow","PrismaticShard","Red Mask"],"potions_floor_usage":[16,16,20,20],"damage_taken":[{"damage":0,"enemies":"Small Slimes","floor":1,"turns":1},{"damage":0,"enemies":"2 Louse","floor":5,"turns":1},{"damage":0,"enemies":"Gremlin Nob","floor":6,"turns":1},{"damage":0,"enemies":"Jaw Worm","floor":8,"turns":4},{"damage":6,"enemies":"Lagavulin","floor":10,"turns":5},{"damage":6,"enemies":"2 Fungi Beasts","floor":13,"turns":5},{"damage":20,"enemies":"Hexaghost","floor":16,"turns":9},{"damage":26,"enemies":"2 Thieves","floor":18,"turns":5},{"damage":47,"enemies":"Masked Bandits","floor":20,"turns":5},{"damage":0,"enemies":"3 Byrds","floor":21,"turns":1}],"seed_played":"-9112355764245850443","potions_obtained":[{"floor":5,"key":"Explosive Potion"},{"floor":13,"key":"EssenceOfSteel"},{"floor":14,"key":"EssenceOfSteel"},{"floor":16,"key":"Regen Potion"},{"floor":20,"key":"Regen Potion"}],"is_trial":false,"path_per_floor":["M","?","?","?","M","E","R","M","T","E","$","?","M","?","R","B",null,"M","$","?","M"],"character_chosen":"THE_SILENT","items_purchased":["Outmaneuver","Regal Pillow","PrismaticShard"],"campfire_rested":0,"item_purchase_floors":[11,19,19],"current_hp_per_floor":[63,49,49,65,65,65,65,65,65,59,59,65,61,61,61,43,64,40,40,10,10],"gold":62,"neow_bonus":"THREE_ENEMY_KILL","is_prod":false,"is_daily":false,"chose_seed":false,"campfire_upgraded":2,"win_rate":0,"timestamp":1543753409,"path_taken":["M","?","?","?","M","E","R","M","T","E","?","?","?","?","R","BOSS","M","?","?","M"],"build_version":"2018-11-15","purchased_purges":1,"victory":false,"max_hp_per_floor":[70,70,65,65,65,65,65,65,65,65,65,71,71,71,71,71,71,71,71,71,71],"card_choices":[{"not_picked":["Acrobatics","Blade Dance"],"picked":"Leg Sweep","floor":1},{"not_picked":["Outmaneuver","Sucker Punch"],"picked":"Deadly Poison","floor":5},{"not_picked":["Catalyst","Prepared"],"picked":"Noxious Fumes","floor":6},{"not_picked":["Blur","Eviscerate"],"picked":"Bouncing Flask","floor":8},{"not_picked":["Predator","A Thousand Cuts"],"picked":"Blur","floor":10},{"not_picked":["Flying Knee","Slice"],"picked":"Bane","floor":13},{"not_picked":["Glass Knife","Night Terror"],"picked":"Burst","floor":16},{"not_picked":["Caltrops","Dagger Throw"],"picked":"Deadly Poison","floor":17},{"not_picked":["Acrobatics","Prepared"],"picked":"Poisoned Stab","floor":17},{"not_picked":["Predator","Quick Slash"],"picked":"Crippling Poison","floor":17},{"not_picked":["Caltrops","Blade Dance","Prepared"],"picked":"SKIP","floor":18}],"player_experience":1530596,"relics_obtained":[{"floor":6,"key":"Darkstone Periapt"},{"floor":9,"key":"Gremlin Horn"},{"floor":10,"key":"Bird Faced Urn"},{"floor":20,"key":"Red Mask"}],"event_choices":[{"damage_healed":0,"gold_gain":0,"player_choice":"Entered Light","damage_taken":14,"max_hp_gain":0,"max_hp_loss":0,"event_name":"Shining Light","floor":2,"gold_loss":0,"cards_upgraded":["Strike_G","Defend_G"]},{"damage_healed":0,"gold_gain":0,"player_choice":"Lose Max HP","damage_taken":0,"relics_obtained":["Golden Idol"],"max_hp_gain":0,"max_hp_loss":5,"event_name":"Golden Idol","floor":3,"gold_loss":0},{"damage_healed":16,"gold_gain":0,"player_choice":"Healed","damage_taken":0,"max_hp_gain":0,"max_hp_loss":0,"event_name":"The Cleric","floor":4,"gold_loss":35},{"damage_healed":0,"gold_gain":175,"player_choice":"AGREE","damage_taken":0,"max_hp_gain":0,"max_hp_loss":0,"event_name":"Liars Game","floor":12,"gold_loss":0,"cards_obtained":["Doubt"]},{"damage_healed":0,"gold_gain":0,"player_choice":"Bought 1 Potion","damage_taken":0,"max_hp_gain":0,"max_hp_loss":0,"event_name":"The Woman in Blue","floor":14,"gold_loss":0},{"damage_healed":0,"gold_gain":0,"player_choice":"Fought Bandits","damage_taken":0,"max_hp_gain":0,"max_hp_loss":0,"event_name":"Masked Bandits","floor":20,"gold_loss":0}],"is_beta":false,"boss_relics":[{"not_picked":["WristBlade","Snecko Eye"],"picked":"Orrery"}],"items_purged_floors":[19],"is_endless":false,"potions_floor_spawned":[5,13,16,20],"killed_by":"3 Byrds","ascension_level":10}