{"gold_per_floor":[11,28,42,117,133,133,146,146,146,179,179,205,205,228,228,324,324,337,462,476,327,343,377,377,408,408,447,447,462,487,15,15,108,108,131,0,24,383,404,404,448,448,448,462,462,505,520,9,9,9],"floor_reached":51,"playtime":5208,"items_purged":["Strike_R","Strike_R"],"score":1439,"play_id":"b1c3b74e-e677-4989-8366-f43eb9a01db9","local_time":"20190220233036","is_ascension_mode":true,"campfire_choices":[{"data":"Bash","floor":6,"key":"SMITH"},{"data":"Metallicize","floor":8,"key":"SMITH"},{"data":"Immolate","floor":13,"key":"SMITH"},{"floor":15,"key":"REST"},{"data":"True Grit","floor":24,"key":"SMITH"},{"floor":28,"key":"REST"},{"data":"Flame Barrier","floor":32,"key":"SMITH"},{"data":"Demon Form","floor":40,"key":"SMITH"},{"data":"Feel No Pain","floor":42,"key":"SMITH"},{"data":"True Grit","floor":49,"key":"SMITH"}],"neow_cost":"NO_GOLD","seed_source_timestamp":676906461690459,"circlet_count":0,"master_deck":["AscendersBane","Strike_R","Strike_R","Strike_R","Defend_R","Defend_R","Defend_R","Defend_R","Bash+1","Disarm","Metallicize+1","Burning Pact","Anger","Feel No Pain+1","Immolate+1","Headbutt","Immolate","Infernal Blade","True Grit+1","Evolve","Shrug It Off+1","Immolate","Flame Barrier+1","Disarm","Mayhem","Inflame","Demon Form+1","Body Slam+1","Shrug It Off","Intimidate","Feel No Pain","Power Through","Flame Barrier","Power Through+1","Fire Breathing+1","Second Wind","Flame Barrier+1","True Grit+1","Panache"],"relics":["Burning Blood","Nunchaku","Charon\u0027s Ashes","FossilizedHelix","Golden Idol","Bronze Scales","Sozu","Ice Cream","Matryoshka","Mummified Hand","Anchor","Strawberry","Question Card","Bag of Preparation","Pantograph","Orrery","Red Mask","Old Coin","Dead Branch","Pen Nib","Bottled Tornado","Potion Belt","Sundial"],"potions_floor_usage":[5,10,16],"damage_taken":[{"damage":15,"enemies":"Jaw Worm","floor":1,"turns":6},{"damage":9,"enemies":"2 Louse","floor":2,"turns":4},{"damage":7,"enemies":"Small Slimes","floor":3,"turns":5},{"damage":7,"enemies":"3 Louse","floor":5,"turns":4},{"damage":4,"enemies":"Red Slaver","floor":7,"turns":4},{"damage":35,"enemies":"Lagavulin","floor":10,"turns":9},{"damage":0,"enemies":"Exordium Thugs","floor":14,"turns":3},{"damage":17,"enemies":"The Guardian","floor":16,"turns":13},{"damage":3,"enemies":"Shell Parasite","floor":18,"turns":3},{"damage":7,"enemies":"Colosseum Slavers","floor":19,"turns":3},{"damage":7,"enemies":"Colosseum Nobs","floor":19,"turns":2},{"damage":6,"enemies":"Chosen","floor":20,"turns":2},{"damage":11,"enemies":"3 Cultists","floor":22,"turns":4},{"damage":19,"enemies":"Slavers","floor":23,"turns":2},{"damage":24,"enemies":"Book of Stabbing","floor":25,"turns":3},{"damage":19,"enemies":"Slavers","floor":27,"turns":4},{"damage":0,"enemies":"Cultist and Chosen","floor":29,"turns":4},{"damage":0,"enemies":"Snake Plant","floor":30,"turns":3},{"damage":0,"enemies":"Automaton","floor":33,"turns":8},{"damage":8,"enemies":"3 Shapes","floor":35,"turns":4},{"damage":0,"enemies":"Orb Walker","floor":37,"turns":3},{"damage":26,"enemies":"2 Orb Walkers","floor":38,"turns":4},{"damage":17,"enemies":"Sphere and 2 Shapes","floor":39,"turns":4},{"damage":0,"enemies":"Nemesis","floor":41,"turns":7},{"damage":4,"enemies":"Writhing Mass","floor":44,"turns":5},{"damage":0,"enemies":"Giant Head","floor":46,"turns":6},{"damage":0,"enemies":"3 Darklings","floor":47,"turns":2},{"damage":53,"enemies":"Awakened One","floor":50,"turns":11}],"seed_played":"-1337451260751864172","potions_obtained":[{"floor":1,"key":"Fire Potion"},{"floor":2,"key":"LiquidBronze"},{"floor":3,"key":"Swift Potion"},{"floor":14,"key":"Block Potion"}],"is_trial":false,"path_per_floor":["M","M","M","?","M","R","M","R","T","E","?","T","R","M","R","B",null,"M","?","M","$","M","E","R","E","T","E","R","M","M","$","R","B",null,"M","?","M","?","M","R","E","R","T","M","?","E","M","$","R","B",null],"character_chosen":"IRONCLAD","items_purchased":["Evolve","Mayhem","Pantograph","Inflame","Sundial","Panache"],"campfire_rested":2,"item_purchase_floors":[21,31,31,31,48,48],"current_hp_per_floor":[63,60,59,48,47,47,49,49,49,20,20,20,20,26,48,37,65,68,66,66,66,61,48,48,30,37,24,48,54,60,60,60,81,81,79,79,81,61,50,50,56,56,56,58,58,64,70,70,70,34],"gold":9,"neow_bonus":"ONE_RARE_RELIC","is_prod":false,"is_daily":false,"chose_seed":false,"campfire_upgraded":8,"win_rate":0,"timestamp":1550734236,"path_taken":["M","M","M","?","M","R","M","R","T","E","?","?","R","M","R","BOSS","M","?","M","$","M","E","R","E","T","E","R","M","M","$","R","BOSS","M","?","M","?","M","R","E","R","T","M","?","E","M","$","R","BOSS"],"build_version":"2019-01-23","purchased_purges":2,"victory":true,"max_hp_per_floor":[80,80,80,80,80,80,80,80,80,80,74,74,74,74,74,74,74,74,74,74,74,74,74,74,74,81,81,81,81,81,81,81,81,81,81,81,81,81,81,81,81,81,81,81,81,81,81,81,81,81],"card_choices":[{"not_picked":["Sentinel","Sword Boomerang"],"picked":"Disarm","floor":1},{"not_picked":["Thunderclap","Hemokinesis"],"picked":"Metallicize","floor":2},{"not_picked":["Body Slam","Cleave"],"picked":"Burning Pact","floor":3},{"not_picked":["Body Slam","Sword Boomerang"],"picked":"Anger","floor":5},{"not_picked":["Sword Boomerang","Anger"],"picked":"Feel No Pain","floor":7},{"not_picked":["Sword Boomerang","Cleave"],"picked":"Immolate","floor":10},{"not_picked":["Sever Soul","Havoc"],"picked":"Headbutt","floor":14},{"not_picked":["Double Tap","Brutality"],"picked":"Immolate","floor":16},{"not_picked":["Twin Strike","Heavy Blade"],"picked":"Infernal Blade","floor":18},{"not_picked":["Rampage+1","Clothesline+1"],"picked":"True Grit","floor":19},{"not_picked":["Bloodletting","Carnage","Rupture"],"picked":"SKIP","floor":20},{"not_picked":["Thunderclap","Dropkick"],"picked":"Shrug It Off+1","floor":22},{"not_picked":["Sentinel","Headbutt","Rupture"],"picked":"SKIP","floor":23},{"not_picked":["Dropkick","Cleave"],"picked":"Immolate","floor":25},{"not_picked":["Flex","Pommel Strike","Infernal Blade+1"],"picked":"Flame Barrier","floor":27},{"not_picked":["Wild Strike","Cleave","Perfected Strike","Thunderclap"],"picked":"SKIP","floor":29},{"not_picked":["Dual Wield","Blood for Blood","Perfected Strike"],"picked":"Disarm","floor":30},{"not_picked":["Brutality","Dark Embrace","Impervious"],"picked":"Demon Form","floor":33},{"not_picked":["Power Through","Warcry","Armaments"],"picked":"Body Slam+1","floor":34},{"not_picked":["Anger","Fire Breathing","Pommel Strike"],"picked":"Shrug It Off","floor":34},{"not_picked":["Headbutt","Whirlwind","Spot Weakness"],"picked":"Intimidate","floor":34},{"not_picked":["Sword Boomerang+1","Spot Weakness","Clothesline"],"picked":"Feel No Pain","floor":34},{"not_picked":["Sword Boomerang+1","Fire Breathing+1","Clothesline"],"picked":"Power Through","floor":35},{"not_picked":["Warcry","Wild Strike","Rage+1"],"picked":"Flame Barrier","floor":37},{"not_picked":["Cleave+1","Warcry","Thunderclap"],"picked":"Power Through+1","floor":39},{"not_picked":["Immolate","Perfected Strike+1","Anger"],"picked":"Fire Breathing+1","floor":41},{"not_picked":["Cleave","Heavy Blade","Iron Wave"],"picked":"Second Wind","floor":44},{"not_picked":["Fire Breathing","True Grit","Clothesline+1"],"picked":"Flame Barrier+1","floor":46},{"not_picked":["Evolve","Spot Weakness","Feel No Pain"],"picked":"True Grit","floor":47}],"player_experience":653256,"relics_obtained":[{"floor":9,"key":"Charon\u0027s Ashes"},{"floor":10,"key":"FossilizedHelix"},{"floor":12,"key":"Bronze Scales"},{"floor":19,"key":"Ice Cream"},{"floor":19,"key":"Matryoshka"},{"floor":23,"key":"Mummified Hand"},{"floor":25,"key":"Anchor"},{"floor":26,"key":"Strawberry"},{"floor":26,"key":"Question Card"},{"floor":27,"key":"Bag of Preparation"},{"floor":38,"key":"Old Coin"},{"floor":41,"key":"Dead Branch"},{"floor":43,"key":"Pen Nib"},{"floor":43,"key":"Bottled Tornado"},{"floor":46,"key":"Potion Belt"}],"event_choices":[{"damage_healed":0,"gold_gain":75,"player_choice":"Gather Gold","damage_taken":11,"max_hp_gain":0,"max_hp_loss":0,"event_name":"World of Goop","floor":4,"gold_loss":0},{"damage_healed":0,"gold_gain":0,"player_choice":"Lose Max HP","damage_taken":0,"relics_obtained":["Golden Idol"],"max_hp_gain":0,"max_hp_loss":6,"event_name":"Golden Idol","floor":11,"gold_loss":0},{"damage_healed":0,"gold_gain":0,"player_choice":"Fight","damage_taken":0,"max_hp_gain":0,"max_hp_loss":0,"event_name":"Colosseum","floor":19,"gold_loss":0},{"damage_healed":0,"gold_gain":0,"player_choice":"Fought Nobs","damage_taken":0,"max_hp_gain":0,"max_hp_loss":0,"event_name":"Colosseum","floor":19,"gold_loss":0},{"damage_healed":0,"gold_gain":0,"player_choice":"Paid","damage_taken":0,"relics_obtained":["Red Mask"],"max_hp_gain":0,"max_hp_loss":0,"event_name":"Tomb of Lord Red Mask","floor":36,"gold_loss":131},{"damage_healed":0,"gold_gain":0,"player_choice":"Fight","damage_taken":0,"max_hp_gain":0,"max_hp_loss":0,"event_name":"Mysterious Sphere","floor":38,"gold_loss":0},{"damage_healed":0,"gold_gain":0,"player_choice":"Ignored","damage_taken":0,"max_hp_gain":0,"max_hp_loss":0,"event_name":"SecretPortal","floor":45,"gold_loss":0}],"is_beta":false,"boss_relics":[{"not_picked":["Runic Pyramid","Tiny House"],"picked":"Sozu"},{"not_picked":["Black Star","Black Blood"],"picked":"Orrery"}],"items_purged_floors":[21,48],"is_endless":false,"potions_floor_spawned":[1,2,3,14,20,22,25,27,30,33,38,39,46],"ascension_level":13}