{"gold_per_floor":[112,88,263,263,263,303,378,419,719,733,767,767,767,667,667,793,793,813,837,855,403,328,328,369,369,369,389,410,256,269,319,319,319],"floor_reached":33,"playtime":977,"items_purged":["Regret"],"score":522,"play_id":"034d2907-7458-419e-9033-fed71caba4fe","local_time":"20181112190454","is_ascension_mode":true,"campfire_choices":[{"data":"Streamline","floor":13.0,"key":"SMITH"},{"data":"Defragment","floor":15.0,"key":"SMITH"},{"floor":23.0,"key":"REST"},{"floor":25.0,"key":"REST"},{"data":"Buffer","floor":32.0,"key":"SMITH"}],"neow_cost":"NONE","seed_source_timestamp":0,"circlet_count":0,"master_deck":["AscendersBane","Strike_B","Strike_B","Strike_B","Strike_B","Defend_B","Defend_B+1","Defend_B","Defend_B","Zap","Dualcast","Streamline+1","Hologram+1","Doubt","Conserve Battery","Defragment+1","Rebound","Chill","Buffer+1","Parasite","Redo+1","Hologram+1","Stack+1","Sweeping Beam","Leap+1","Steam+1","Redo+1","Chaos+1","BootSequence+1","Stack+1"],"special_seed":0,"relics":["Cracked Core","NeowsBlessing","Golden Idol","Bottled Flame","Pen Nib","Old Coin","Bag of Marbles","Pear","Calling Bell","Orichalcum","Toxic Egg 2","Gambling Chip","Blue Candle","Lantern","Shuriken","DataDisk","Blood Vial"],"potions_floor_usage":[],"damage_taken":[{"damage":0.0,"enemies":"Cultist","floor":1.0,"turns":1.0},{"damage":0.0,"enemies":"Lagavulin","floor":6.0,"turns":1.0},{"damage":0.0,"enemies":"3 Sentries","floor":8.0,"turns":1.0},{"damage":0.0,"enemies":"2 Louse","floor":10.0,"turns":3.0},{"damage":20.0,"enemies":"Lagavulin","floor":11.0,"turns":5.0},{"damage":34.0,"enemies":"Slime Boss","floor":16.0,"turns":14.0},{"damage":24.0,"enemies":"Chosen","floor":18.0,"turns":6.0},{"damage":7.0,"enemies":"Spheric Guardian","floor":19.0,"turns":3.0},{"damage":10.0,"enemies":"3 Cultists","floor":20.0,"turns":6.0},{"damage":24.0,"enemies":"Slavers","floor":24.0,"turns":7.0},{"damage":1.0,"enemies":"Snecko","floor":27.0,"turns":5.0},{"damage":6.0,"enemies":"Shelled Parasite and Fungi","floor":28.0,"turns":4.0},{"damage":7.0,"enemies":"Snake Plant","floor":30.0,"turns":3.0},{"damage":12,"enemies":"Champ","floor":33,"turns":4}],"seed_played":"9150722736033735830","potions_obtained":[{"floor":11.0,"key":"SkillPotion"},{"floor":16.0,"key":"Fire Potion"},{"floor":19.0,"key":"FocusPotion"},{"floor":24.0,"key":"SkillPotion"},{"floor":27.0,"key":"LiquidBronze"}],"is_trial":false,"path_per_floor":["M","$","?","?","?","E","?","E","T","M","E","?","R","?","R","B",null,"M","M","M","$","?","R","E","R","T","M","M","$","M","T","R","B"],"character_chosen":"DEFECT","items_purchased":["Hologram","Blue Candle","Sweeping Beam","Leap+1","Steam+1","DataDisk"],"campfire_rested":2,"item_purchase_floors":[2,21,21,21,21,29],"current_hp_per_floor":[68,68,68,68,54,54,43,43,43,43,23,46,46,56,56,22,65,41,34,24,24,24,47,23,46,46,45,39,39,32,32,32,22],"gold":319,"neow_bonus":"THREE_ENEMY_KILL","is_prod":false,"is_daily":false,"chose_seed":false,"campfire_upgraded":3,"win_rate":0,"timestamp":1542045894,"path_taken":["M","$","?","?","?","E","?","E","T","M","E","?","R","?","R","BOSS","M","M","?","$","?","R","E","R","T","M","M","?","M","?","R","BOSS"],"build_version":"2018-11-08","purchased_purges":1,"victory":false,"max_hp_per_floor":[75,75,75,69,69,69,69,69,69,69,69,69,69,79,79,79,79,79,79,79,79,79,79,79,79,79,79,79,79,79,79,79,79],"card_choices":[{"not_picked":["Hologram","Steam Power"],"picked":"Streamline","floor":1.0},{"not_picked":["Coolheaded","Steam"],"picked":"Conserve Battery","floor":6.0},{"not_picked":["Hologram","Reinforced Body"],"picked":"Defragment","floor":8.0},{"not_picked":["Skim","Melter"],"picked":"Rebound","floor":10.0},{"not_picked":["Go for the Eyes","Compile Driver"],"picked":"Chill","floor":11.0},{"not_picked":["Hyperbeam","Seek"],"picked":"Buffer","floor":16.0},{"not_picked":["Hologram+1","Double Energy+1"],"picked":"Redo+1","floor":18.0},{"not_picked":["Force Field+1","Blizzard"],"picked":"Hologram+1","floor":19.0},{"not_picked":["Darkness+1","Barrage+1"],"picked":"Stack+1","floor":20.0},{"not_picked":["Genetic Algorithm+1","Recycle+1"],"picked":"Redo+1","floor":24.0},{"not_picked":["Barrage","Rebound"],"picked":"Chaos+1","floor":27.0},{"not_picked":["Hologram+1","Chaos+1"],"picked":"BootSequence+1","floor":28.0},{"not_picked":["Turbo+1","Sweeping Beam+1"],"picked":"Stack+1","floor":30.0}],"player_experience":1169202,"relics_obtained":[{"floor":6.0,"key":"Bottled Flame"},{"floor":8.0,"key":"Pen Nib"},{"floor":9.0,"key":"Old Coin"},{"floor":11.0,"key":"Bag of Marbles"},{"floor":17.0,"key":"Orichalcum"},{"floor":17.0,"key":"Toxic Egg 2"},{"floor":17.0,"key":"Gambling Chip"},{"floor":24.0,"key":"Lantern"},{"floor":26.0,"key":"Shuriken"},{"floor":31.0,"key":"Blood Vial"}],"event_choices":[{"damage_healed":0.0,"max_hp_gain":0.0,"max_hp_loss":0.0,"gold_gain":175.0,"event_name":"Liars Game","player_choice":"AGREE","floor":3.0,"gold_loss":0.0,"damage_taken":0.0,"cards_obtained":["Doubt"]},{"damage_healed":0.0,"max_hp_gain":0.0,"max_hp_loss":6.0,"gold_gain":0.0,"event_name":"Golden Idol","player_choice":"Lose Max HP","floor":4.0,"gold_loss":0.0,"damage_taken":0.0,"relics_obtained":["Golden Idol"]},{"damage_healed":0.0,"max_hp_gain":0.0,"max_hp_loss":0.0,"gold_gain":0.0,"event_name":"Shining Light","player_choice":"Entered Light","floor":5.0,"gold_loss":0.0,"damage_taken":14.0,"cards_upgraded":["Defend_B","Hologram"]},{"damage_healed":0.0,"max_hp_gain":0.0,"max_hp_loss":0.0,"gold_gain":75.0,"event_name":"World of Goop","player_choice":"Gather Gold","floor":7.0,"gold_loss":0.0,"damage_taken":11.0},{"damage_healed":23.0,"max_hp_gain":0.0,"max_hp_loss":0.0,"gold_gain":0.0,"event_name":"Big Fish","player_choice":"Banana","floor":12.0,"gold_loss":0.0,"damage_taken":0.0},{"damage_healed":0.0,"max_hp_gain":0.0,"max_hp_loss":0.0,"gold_gain":0.0,"event_name":"WeMeetAgain","player_choice":"Paid Gold","floor":14.0,"gold_loss":100.0,"damage_taken":0.0,"relics_obtained":["Pear"]},{"cards_removed":["Regret"],"damage_healed":0.0,"max_hp_gain":0.0,"max_hp_loss":0.0,"gold_gain":0.0,"event_name":"Beggar","player_choice":"Gave Gold","floor":22.0,"gold_loss":75.0,"damage_taken":0.0}],"is_beta":false,"boss_relics":[{"not_picked":["FrozenCore","Tiny House"],"picked":"Calling Bell"}],"items_purged_floors":[21],"is_endless":false,"potions_floor_spawned":[11,16,19,24,27],"killed_by":"Champ","ascension_level":10}