{"gold_per_floor":[118,138,138,154,170,198,198,227,227,100,100],"floor_reached":11,"playtime":410,"items_purged":["Writhe"],"score":145,"play_id":"897cd2a4-cd44-49c8-be74-ddc912a75d3b","local_time":"20190208183516","is_ascension_mode":true,"campfire_choices":[{"floor":7,"key":"REST"}],"neow_cost":"NONE","seed_source_timestamp":14336924532582005,"circlet_count":0,"master_deck":["AscendersBane","Strike_R","Strike_R","Strike_R","Strike_R","Strike_R","Defend_R","Defend_R","Defend_R","Defend_R","Bash","Headbutt","Pommel Strike","Rampage","Metallicize","Dropkick","Evolve"],"relics":["Burning Blood","NeowsBlessing","Torii","Juzu Bracelet","Meat on the Bone"],"potions_floor_usage":[11,11],"damage_taken":[{"damage":0,"enemies":"Cultist","floor":1,"turns":1},{"damage":0,"enemies":"2 Louse","floor":2,"turns":1},{"damage":0,"enemies":"Jaw Worm","floor":4,"turns":1},{"damage":12,"enemies":"2 Fungi Beasts","floor":5,"turns":4},{"damage":38,"enemies":"3 Sentries","floor":6,"turns":11},{"damage":30,"enemies":"Gremlin Nob","floor":8,"turns":5},{"damage":48,"enemies":"Lagavulin","floor":11,"turns":5}],"seed_played":"-800223569011848505","potions_obtained":[{"floor":2,"key":"BloodPotion"},{"floor":5,"key":"SpeedPotion"}],"is_trial":false,"path_per_floor":["M","M","?","M","M","E","R","E","T","$","E"],"character_chosen":"IRONCLAD","items_purchased":["Strength Potion"],"campfire_rested":1,"item_purchase_floors":[10],"current_hp_per_floor":[74,75,75,75,69,37,59,35,35,35,0],"gold":100,"neow_bonus":"THREE_ENEMY_KILL","is_prod":false,"is_daily":false,"chose_seed":false,"campfire_upgraded":0,"win_rate":0,"timestamp":1549647316,"path_taken":["M","?","?","?","M","E","R","E","T","$","E"],"build_version":"2019-01-23","purchased_purges":1,"victory":false,"max_hp_per_floor":[75,75,75,75,75,75,75,75,75,75,75],"card_choices":[{"not_picked":["Clash","Wild Strike"],"picked":"Headbutt","floor":1},{"not_picked":["Flex","Twin Strike"],"picked":"Pommel Strike","floor":2},{"not_picked":["Sentinel","Evolve"],"picked":"Rampage","floor":4},{"not_picked":["Pommel Strike","Clash"],"picked":"Metallicize","floor":5},{"not_picked":["Immolate","Flame Barrier"],"picked":"Dropkick","floor":6},{"not_picked":["Havoc","Cleave"],"picked":"Evolve","floor":8}],"player_experience":353182,"relics_obtained":[{"floor":6,"key":"Torii"},{"floor":8,"key":"Juzu Bracelet"},{"floor":9,"key":"Meat on the Bone"}],"event_choices":[{"damage_healed":0,"gold_gain":0,"player_choice":"1 cards matched","damage_taken":0,"max_hp_gain":0,"max_hp_loss":0,"event_name":"Match and Keep!","floor":3,"gold_loss":0,"cards_obtained":["Writhe"]}],"is_beta":false,"boss_relics":[],"items_purged_floors":[10],"is_endless":false,"potions_floor_spawned":[2,5],"killed_by":"Lagavulin","ascension_level":15}