{"gold_per_floor":[119,131,56,71,146,146,49,49,73,73,105,105,119,147,147,221,221,237,237,287,287,42,68,86,117,117,130,159,170,170,188,188,188],"floor_reached":33,"playtime":1833,"items_purged":[],"score":651,"play_id":"d61aacef-a0bd-4d56-aab9-371d2c6b3db3","local_time":"20190219184258","is_ascension_mode":true,"campfire_choices":[{"data":"Neutralize","floor":6.0,"key":"SMITH"},{"data":"Dagger Spray","floor":8.0,"key":"SMITH"},{"data":"Cloak And Dagger","floor":10.0,"key":"SMITH"},{"data":"Caltrops","floor":12,"key":"SMITH"},{"floor":15,"key":"REST"},{"data":"Ghostly","floor":30,"key":"SMITH"},{"data":"Ghostly","floor":32,"key":"SMITH"}],"neow_cost":"NONE","seed_source_timestamp":52215565321054,"circlet_count":0,"master_deck":["AscendersBane","Defend_G","Defend_G","Defend_G","Defend_G","Defend_G","Survivor","Neutralize+1","Caltrops+1","Dagger Spray+1","Quick Slash","Well Laid Plans","Cloak And Dagger+1","Deflect","Backflip","PiercingWail","Adrenaline","Tactician+1","Bite","Bite","Bite","Bite","Bite","Ghostly+1","Ghostly+1","Ghostly","Caltrops","PiercingWail","Burst","Concentrate","Terror+1","Backflip","Backflip","Prepared+1"],"special_seed":0,"relics":["Ring of the Snake","Potion Belt","Vajra","Happy Flower","Runic Pyramid","Bronze Scales","Ninja Scroll","Frozen Egg 2","Girya"],"potions_floor_usage":[11,22,25,25,33],"damage_taken":[{"damage":0.0,"enemies":"2 Louse","floor":1.0,"turns":2.0},{"damage":1.0,"enemies":"Small Slimes","floor":2.0,"turns":3.0},{"damage":2.0,"enemies":"Jaw Worm","floor":4.0,"turns":5.0},{"damage":6,"enemies":"3 Sentries","floor":11,"turns":4},{"damage":0,"enemies":"3 Louse","floor":13,"turns":2},{"damage":25,"enemies":"Lagavulin","floor":14,"turns":10},{"damage":8,"enemies":"Hexaghost","floor":16,"turns":11},{"damage":2,"enemies":"Chosen","floor":18,"turns":7},{"damage":8,"enemies":"Book of Stabbing","floor":23,"turns":7},{"damage":7,"enemies":"Spheric Guardian","floor":24,"turns":5},{"damage":3,"enemies":"Gremlin Leader","floor":25,"turns":7},{"damage":0,"enemies":"Snake Plant","floor":27,"turns":3},{"damage":1,"enemies":"Book of Stabbing","floor":28,"turns":7},{"damage":3,"enemies":"Sentry and Sphere","floor":29,"turns":6},{"damage":1,"enemies":"Shelled Parasite and Fungi","floor":31,"turns":4},{"damage":75,"enemies":"Champ","floor":33,"turns":17}],"seed_played":"-2878446231088870396","potions_obtained":[{"floor":0.0,"key":"Strength Potion"},{"floor":0.0,"key":"Strength Potion"},{"floor":1.0,"key":"Fire Potion"},{"floor":14,"key":"Weak Potion"},{"floor":23,"key":"AttackPotion"},{"floor":25,"key":"EssenceOfSteel"},{"floor":27,"key":"SkillPotion"},{"floor":28,"key":"LiquidBronze"}],"is_trial":false,"path_per_floor":["M","M","?","M","?","R","$","R","T","R","E","R","M","E","R","B",null,"M","?","?","?","$","E","M","E","T","M","E","M","R","M","R","B"],"character_chosen":"THE_SILENT","items_purchased":["Well Laid Plans","Cloak And Dagger","Fruit Juice","Caltrops","PiercingWail"],"campfire_rested":1,"item_purchase_floors":[7,7,22,22,22],"current_hp_per_floor":[59,58,58,56,45,45,45,45,45,45,39,39,39,14,33,25,56,54,46,46,23,28,27,27,28,28,28,28,28,28,28,28,0],"gold":188,"neow_bonus":"THREE_SMALL_POTIONS","is_prod":false,"is_daily":false,"chose_seed":false,"campfire_upgraded":6,"win_rate":0,"timestamp":1550619778,"path_taken":["M","M","?","M","?","R","$","R","T","R","E","R","M","E","R","BOSS","M","?","?","?","$","E","M","E","T","M","E","?","R","M","R","BOSS"],"build_version":"2019-01-23","purchased_purges":0,"victory":false,"max_hp_per_floor":[66,66,66,66,66,66,66,66,66,66,66,66,66,66,66,66,66,66,46,46,23,28,28,28,28,28,28,28,28,28,28,28,28],"card_choices":[{"not_picked":["Flying Knee","Prepared"],"picked":"Caltrops","floor":1.0},{"not_picked":["Infinite Blades","Dodge and Roll"],"picked":"Dagger Spray","floor":2.0},{"not_picked":["Sucker Punch","Underhanded Strike"],"picked":"Quick Slash","floor":4.0},{"not_picked":["Storm of Steel","Reflex"],"picked":"Deflect","floor":11},{"not_picked":["PiercingWail","Underhanded Strike"],"picked":"Backflip","floor":13},{"not_picked":["Choke","Prepared"],"picked":"PiercingWail","floor":14},{"not_picked":["Doppelganger","Storm of Steel"],"picked":"Adrenaline","floor":16},{"not_picked":["Dagger Spray","Cloak And Dagger"],"picked":"Tactician+1","floor":18},{"not_picked":["Blade Dance","Backflip"],"picked":"Burst","floor":23},{"not_picked":["Flechettes","Bouncing Flask"],"picked":"Concentrate","floor":24},{"not_picked":["Flechettes","Doppelganger"],"picked":"Terror+1","floor":25},{"not_picked":["Flying Knee","Dagger Spray"],"picked":"Backflip","floor":27},{"not_picked":["Choke","Slice","Bane"],"picked":"SKIP","floor":28},{"not_picked":["Underhanded Strike","Slice"],"picked":"Backflip","floor":29},{"not_picked":["Deflect","Catalyst"],"picked":"Prepared+1","floor":31}],"player_experience":1232497,"relics_obtained":[{"floor":9.0,"key":"Potion Belt"},{"floor":11,"key":"Vajra"},{"floor":14,"key":"Happy Flower"},{"floor":23,"key":"Bronze Scales"},{"floor":25,"key":"Ninja Scroll"},{"floor":26,"key":"Frozen Egg 2"},{"floor":28,"key":"Girya"}],"event_choices":[{"cards_removed":["Strike_G"],"damage_healed":0.0,"max_hp_gain":0.0,"max_hp_loss":0.0,"gold_gain":0.0,"event_name":"The Cleric","player_choice":"Card Removal","floor":3.0,"gold_loss":75.0,"damage_taken":0.0},{"damage_healed":0.0,"max_hp_gain":0.0,"max_hp_loss":0.0,"gold_gain":75.0,"event_name":"World of Goop","player_choice":"Gather Gold","floor":5.0,"gold_loss":0.0,"damage_taken":11.0},{"damage_healed":0,"gold_gain":0,"player_choice":"Became a vampire","damage_taken":0,"max_hp_gain":0,"max_hp_loss":20,"event_name":"Vampires","floor":19,"gold_loss":0,"cards_obtained":["Bite","Bite","Bite","Bite","Bite"]},{"damage_healed":0,"gold_gain":50,"player_choice":"Stole From Cult","damage_taken":0,"max_hp_gain":0,"max_hp_loss":0,"event_name":"Nest","floor":20,"gold_loss":0},{"damage_healed":0,"gold_gain":0,"player_choice":"Became a Ghost","damage_taken":0,"max_hp_gain":0,"max_hp_loss":23,"event_name":"Ghosts","floor":21,"gold_loss":0,"cards_obtained":["Ghostly","Ghostly","Ghostly"]}],"is_beta":false,"boss_relics":[{"not_picked":["Empty Cage","Philosopher\u0027s Stone"],"picked":"Runic Pyramid"}],"items_purged_floors":[],"is_endless":false,"potions_floor_spawned":[1,4,14,23,25,27,28],"killed_by":"Champ","ascension_level":20}