{"gold_per_floor":[111,186,186,202,216,234,234,254,308,308,61,25,64,78,78,203,203,228,228,258,276,299,299],"floor_reached":23,"playtime":7226,"items_purged":[],"score":290,"play_id":"2a428caf-510c-483f-baa5-280748769aa8","local_time":"20181106021421","is_ascension_mode":true,"campfire_choices":[{"data":"Zap","floor":15,"key":"SMITH"}],"neow_cost":"NONE","seed_source_timestamp":952285035779747,"circlet_count":0,"master_deck":["AscendersBane","Strike_B","Strike_B","Strike_B","Strike_B","Defend_B","Defend_B","Defend_B","Defend_B","Zap+1","Dualcast","Consume+1","Steam","Conserve Battery","Conserve Battery","Rebound","Tempest","Echo Form","Leap","White Noise","Stack+1","Reinforced Body+1"],"relics":["Cracked Core","Omamori","Golden Idol","Juzu Bracelet","Meat on the Bone","Pear","Nuclear Battery","Tiny Chest"],"potions_floor_usage":[8,16,22],"damage_taken":[{"damage":1,"enemies":"Cultist","floor":1,"turns":3},{"damage":8,"enemies":"2 Louse","floor":4,"turns":2},{"damage":6,"enemies":"Small Slimes","floor":5,"turns":4},{"damage":14,"enemies":"Exordium Wildlife","floor":6,"turns":5},{"damage":1,"enemies":"3 Louse","floor":8,"turns":2},{"damage":21,"enemies":"Lagavulin","floor":13,"turns":5},{"damage":1,"enemies":"Looter","floor":14,"turns":3},{"damage":11,"enemies":"Hexaghost","floor":16,"turns":10},{"damage":0,"enemies":"Spheric Guardian","floor":18,"turns":3},{"damage":8,"enemies":"Chosen","floor":21,"turns":5},{"damage":44,"enemies":"Shelled Parasite and Fungi","floor":22,"turns":9},{"damage":62,"enemies":"Gremlin Leader","floor":23,"turns":5}],"seed_played":"1957663652158498971","potions_obtained":[{"floor":1,"key":"Explosive Potion"},{"floor":5,"key":"Ancient Potion"},{"floor":13,"key":"AttackPotion"},{"floor":16,"key":"Regen Potion"},{"floor":21,"key":"FairyPotion"}],"is_trial":false,"path_per_floor":["M","?","?","M","M","M","?","M","T","?","$","$","E","M","R","B",null,"M","?","?","M","M","E"],"character_chosen":"DEFECT","items_purchased":["Meat on the Bone","Tempest"],"campfire_rested":0,"item_purchase_floors":[11,12],"current_hp_per_floor":[67,56,56,48,42,28,28,27,27,27,27,27,28,39,39,40,69,69,69,69,61,44,0],"gold":299,"neow_bonus":"RANDOM_COMMON_RELIC","is_prod":false,"is_daily":false,"chose_seed":false,"campfire_upgraded":1,"win_rate":0,"timestamp":1541466861,"path_taken":["M","?","?","M","M","M","?","?","T","?","?","$","E","M","R","BOSS","M","?","?","M","M","E"],"build_version":"2018-11-01","purchased_purges":0,"victory":false,"max_hp_per_floor":[75,75,75,75,75,75,69,69,69,69,69,69,79,79,79,79,79,79,79,79,79,79,79],"card_choices":[{"not_picked":["Skim","Scrape"],"picked":"Consume","floor":1},{"not_picked":["Blizzard","Gash"],"picked":"Steam","floor":4},{"not_picked":["Steam Power","Heatsinks"],"picked":"Conserve Battery","floor":5},{"not_picked":["Gash","Compile Driver"],"picked":"Conserve Battery","floor":6},{"not_picked":["Conserve Battery","Lockon"],"picked":"Rebound","floor":8},{"not_picked":["Double Energy","Hologram"],"picked":"Echo Form","floor":13},{"not_picked":["Hello World","Hologram"],"picked":"Leap","floor":14},{"not_picked":["Gash+1","Rip and Tear"],"picked":"White Noise","floor":18},{"not_picked":["Coolheaded","Go for the Eyes"],"picked":"Stack+1","floor":21},{"not_picked":["Consume","Turbo"],"picked":"Reinforced Body+1","floor":22}],"player_experience":1134443,"relics_obtained":[{"floor":9,"key":"Juzu Bracelet"},{"floor":13,"key":"Pear"}],"event_choices":[{"damage_healed":0,"gold_gain":75,"player_choice":"Gather Gold","damage_taken":11,"max_hp_gain":0,"max_hp_loss":0,"event_name":"World of Goop","floor":2,"gold_loss":0},{"damage_healed":0,"gold_gain":0,"player_choice":"Ignored","damage_taken":0,"max_hp_gain":0,"max_hp_loss":0,"event_name":"Golden Wing","floor":3,"gold_loss":0},{"damage_healed":0,"gold_gain":0,"player_choice":"Lose Max HP","damage_taken":0,"relics_obtained":["Golden Idol"],"max_hp_gain":0,"max_hp_loss":6,"event_name":"Golden Idol","floor":7,"gold_loss":0},{"damage_healed":0,"gold_gain":0,"player_choice":"Grow","damage_taken":0,"max_hp_gain":0,"max_hp_loss":0,"event_name":"Living Wall","floor":10,"gold_loss":0,"cards_upgraded":["Consume"]},{"damage_healed":0,"gold_gain":0,"player_choice":"Ignored","damage_taken":0,"max_hp_gain":0,"max_hp_loss":0,"event_name":"Vampires","floor":19,"gold_loss":0},{"damage_healed":0,"gold_gain":0,"player_choice":"Opened","damage_taken":0,"relics_obtained":["Tiny Chest"],"max_hp_gain":0,"max_hp_loss":0,"event_name":"The Mausoleum","floor":20,"gold_loss":0}],"is_beta":false,"boss_relics":[{"not_picked":["Lizard Tail","Coffee Dripper"],"picked":"Nuclear Battery"}],"items_purged_floors":[],"is_endless":false,"potions_floor_spawned":[1,5,13,16,21],"killed_by":"Gremlin Leader","ascension_level":10}