{"path_per_floor":["M","M","$","?","M","E","?","E","T","E","M","M","?","M","R","B",null,"M","?","?","M","$","R","M","E","T"],"character_chosen":"THE_SILENT","items_purchased":["Apotheosis","Leg Sweep","Regal Pillow"],"gold_per_floor":[214,231,46,296,307,337,337,362,362,391,405,416,387,407,407,503,503,514,439,439,449,231,231,244,277,324,324],"floor_reached":27,"campfire_rested":1,"playtime":1322,"item_purchase_floors":[3,22,22],"current_hp_per_floor":[61,59,59,59,56,42,35,28,28,14,14,12,12,11,33,33,65,46,46,46,46,46,46,32,5,5,4],"items_purged":[],"gold":324,"score":329,"play_id":"bcf21314-18f3-4a7c-8d4d-00117de83384","local_time":"20180613221117","is_prod":false,"is_daily":false,"chose_seed":false,"is_ascension_mode":true,"campfire_upgraded":1,"win_rate":0,"timestamp":1528920677,"campfire_choices":[{"floor":15,"key":"REST"},{"data":"Apotheosis","floor":23,"key":"SMITH"}],"path_taken":["M","M","$","?","M","E","?","E","T","E","M","M","?","?","R","BOSS","M","?","?","?","$","R","?","E","T","M"],"build_version":"2018-06-07v3","seed_source_timestamp":15091357314284,"purchased_purges":0,"victory":false,"master_deck":["Defend_G","Defend_G","Defend_G","Defend_G","Defend_G","Strike_G","Strike_G","Strike_G","Strike_G","Survivor","Neutralize","Dagger Spray","Dagger Throw","Apotheosis+1","Skewer","Dash","Backstab","All Out Attack","Adrenaline","Footwork","Dagger Throw+1","Leg Sweep","Dash","Distraction+1"],"max_hp_per_floor":[70,70,70,70,70,70,70,72,72,74,74,74,74,76,76,76,76,76,76,76,76,76,76,76,76,76,76],"relics":["Singing Bowl","Ginger","Pantograph","Potion Belt","White Beast Statue","Nloth\u0027s Gift","Regal Pillow","Bronze Scales","Art of War"],"card_choices":[{"not_picked":["Prepared","Finisher"],"picked":"Dagger Spray","floor":1.0},{"not_picked":["Underhanded Strike","Dodge and Roll"],"picked":"Dagger Throw","floor":2.0},{"not_picked":["Caltrops","Crippling Poison"],"picked":"Skewer","floor":5},{"not_picked":["Sucker Punch","Quick Slash"],"picked":"Dash","floor":6},{"not_picked":["Flechettes","Deadly Poison","Calculated Gamble"],"picked":"Singing Bowl","floor":8},{"not_picked":["Dodge and Roll","Grand Finale","Concentrate"],"picked":"Singing Bowl","floor":10},{"not_picked":["Dagger Spray","Dodge and Roll"],"picked":"Backstab","floor":11},{"not_picked":["Endless Agony","Outmaneuver"],"picked":"All Out Attack","floor":12},{"not_picked":["Accuracy","All Out Attack","Outmaneuver"],"picked":"Singing Bowl","floor":14},{"not_picked":["Corpse Explosion","Unload"],"picked":"Adrenaline","floor":16},{"not_picked":["Slice","Reflex+1"],"picked":"Footwork","floor":18},{"not_picked":["Dagger Spray","Heel Hook"],"picked":"Dagger Throw+1","floor":21},{"not_picked":["Deflect","Accuracy"],"picked":"Dash","floor":24},{"not_picked":["Setup","Choke+1"],"picked":"Distraction+1","floor":25}],"player_experience":686706,"potions_floor_usage":[12,12,25,25],"damage_taken":[{"damage":2.0,"enemies":"Cultist","floor":1.0,"turns":4.0},{"damage":2.0,"enemies":"2 Louse","floor":2.0,"turns":3.0},{"damage":3,"enemies":"Jaw Worm","floor":5,"turns":4},{"damage":14,"enemies":"3 Sentries","floor":6,"turns":7},{"damage":9,"enemies":"Lagavulin","floor":8,"turns":6},{"damage":16,"enemies":"Gremlin Nob","floor":10,"turns":4},{"damage":0,"enemies":"Looter","floor":11,"turns":3},{"damage":2,"enemies":"Exordium Thugs","floor":12,"turns":3},{"damage":3,"enemies":"Blue Slaver","floor":14,"turns":3},{"damage":25,"enemies":"The Guardian","floor":16,"turns":14},{"damage":19,"enemies":"Spheric Guardian","floor":18,"turns":4},{"damage":0,"enemies":"Chosen","floor":21,"turns":4},{"damage":14,"enemies":"Centurion and Healer","floor":24,"turns":9},{"damage":27,"enemies":"Slavers","floor":25,"turns":7},{"damage":1,"enemies":"Snake Plant","floor":27,"turns":2}],"relics_obtained":[{"floor":6,"key":"Singing Bowl"},{"floor":8,"key":"Ginger"},{"floor":9,"key":"Pantograph"},{"floor":10,"key":"Potion Belt"},{"floor":25,"key":"Bronze Scales"},{"floor":26,"key":"Art of War"}],"event_choices":[{"event_name":"Golden Shrine","player_choice":"Desecrate","floor":4,"damage_taken":0},{"event_name":"Golden Wing","player_choice":"Card Removal","floor":7,"damage_taken":0},{"event_name":"World of Goop","player_choice":"Left","floor":13,"damage_taken":0},{"event_name":"Beggar","player_choice":"Gave Gold","floor":19,"damage_taken":0},{"event_name":"N\u0027loth","player_choice":"Traded a Ring of the Snake","floor":20,"damage_taken":0}],"boss_relics":[{"not_picked":["Sozu","Snecko Eye"],"picked":"White Beast Statue"}],"items_purged_floors":[],"potions_floor_spawned":[5,10,11,14,18,21,24,25],"seed_played":"6229735700943924724","killed_by":"Snake Plant","ascension_level":6,"potions_obtained":[{"floor":5,"key":"Ancient Potion"},{"floor":10,"key":"Energy Potion"},{"floor":11,"key":"Weak Potion"},{"floor":14,"key":"Swift Potion"},{"floor":18,"key":"Strength Potion"},{"floor":21,"key":"Ancient Potion"},{"floor":24,"key":"Explosive Potion"},{"floor":25,"key":"SteroidPotion"}],"is_trial":false}