{"gold_per_floor":[114,130,62,22,22,51,67,96,96,96,96,109,142,70,70,165,165,185,185,185,29,44,44,69,69,94,94,107,126,152,171,171,171],"floor_reached":33,"playtime":1340,"items_purged":[],"score":410,"play_id":"6dde8cfa-8900-4bb2-927d-11cadaa1ffaa","local_time":"20180624183221","is_ascension_mode":true,"campfire_choices":[{"floor":10.0,"key":"REST"},{"data":"Electrodynamics","floor":15.0,"key":"SMITH"},{"floor":23,"key":"REST"},{"floor":27,"key":"REST"},{"floor":32,"key":"REST"}],"neow_cost":"","seed_source_timestamp":952334500719994,"circlet_count":0,"master_deck":["Strike_B+1","Strike_B+1","Strike_B+1","Strike_B+1","Defend_B+1","Defend_B+1","Defend_B+1","Defend_B+1","Zap","Dualcast","Rebound","Capacitor","Conserve Battery","Streamline","Seek","Sweeping Beam","Rebound","Electrodynamics+1","Cold Snap","Zap","BootSequence","Capacitor","Auto Shields","Ball Lightning","Thunder Strike","BootSequence","Sunder","Barrage+1","Defragment+1","Streamline+1","Hologram+1","Coolheaded+1"],"special_seed":0,"relics":["Cracked Core","NeowsBlessing","Shuriken","The Courier","Omamori","Ornamental Fan","Bottled Tornado","Runic Dome","Enchiridion","Bag of Preparation","Strawberry","Vajra","DataDisk"],"potions_floor_usage":[16,33,33,33],"damage_taken":[{"damage":0.0,"enemies":"2 Louse","floor":1.0,"turns":1.0},{"damage":0.0,"enemies":"Cultist","floor":2.0,"turns":1.0},{"damage":0.0,"enemies":"Gremlin Nob","floor":6.0,"turns":1.0},{"damage":7.0,"enemies":"Jaw Worm","floor":7.0,"turns":3.0},{"damage":30.0,"enemies":"Lagavulin","floor":8.0,"turns":6.0},{"damage":13.0,"enemies":"3 Louse","floor":12.0,"turns":2.0},{"damage":6.0,"enemies":"3 Sentries","floor":13.0,"turns":4.0},{"damage":31,"enemies":"Hexaghost","floor":16,"turns":9},{"damage":12,"enemies":"2 Thieves","floor":18,"turns":3},{"damage":20,"enemies":"Spheric Guardian","floor":22,"turns":4},{"damage":26,"enemies":"Gremlin Leader","floor":24,"turns":5},{"damage":0,"enemies":"Snecko","floor":28,"turns":2},{"damage":0,"enemies":"Chosen and Byrds","floor":29,"turns":3},{"damage":19,"enemies":"Book of Stabbing","floor":30,"turns":4},{"damage":0,"enemies":"3 Cultists","floor":31,"turns":3},{"damage":58,"enemies":"Automaton","floor":33,"turns":6}],"seed_played":"4819363894800606217","potions_obtained":[{"floor":4.0,"key":"Swift Potion"},{"floor":4.0,"key":"GamblersBrew"},{"floor":4.0,"key":"Explosive Potion"},{"floor":7.0,"key":"SteroidPotion"},{"floor":13.0,"key":"Explosive Potion"},{"floor":16,"key":"SteroidPotion"},{"floor":20,"key":"Energy Potion"},{"floor":20,"key":"EssenceOfSteel"}],"is_trial":false,"path_per_floor":["M","M","$","?","?","E","M","E","T","R","?","M","E","$","R","B",null,"M","?","?","$","M","R","E","?","T","R","M","M","E","M","R"],"character_chosen":"DEFECT","items_purchased":["Conserve Battery","Streamline","Auto Shields","Ball Lightning","Sunder","Bag of Preparation"],"campfire_rested":4,"item_purchase_floors":[],"current_hp_per_floor":[75,75,75,75,72,72,65,35,35,57,57,44,38,38,38,7,58,46,30,30,30,10,32,13,13,13,37,37,37,18,18,42,0],"gold":171,"neow_bonus":"","is_prod":false,"is_daily":false,"chose_seed":false,"campfire_upgraded":1,"win_rate":0,"timestamp":1529857941,"path_taken":["M","M","$","?","?","E","M","E","T","R","?","M","E","$","R","BOSS","M","?","?","$","M","R","E","?","T","R","?","M","E","M","R","BOSS"],"build_version":"2018-06-21v2","purchased_purges":0,"victory":false,"max_hp_per_floor":[75,75,75,75,75,75,75,75,75,75,75,75,75,75,75,75,75,75,75,75,75,75,75,82,82,82,82,82,82,82,82,82,82],"card_choices":[{"not_picked":["Hologram","Coolheaded"],"picked":"Rebound","floor":1.0},{"not_picked":["Coolheaded","Redo"],"picked":"Capacitor","floor":2.0},{"not_picked":["FTL","Coolheaded"],"picked":"Seek","floor":6.0},{"not_picked":["Conserve Battery","Fusion"],"picked":"Sweeping Beam","floor":7.0},{"not_picked":["Streamline","Stack"],"picked":"Rebound","floor":8.0},{"not_picked":["Storm","Melter"],"picked":"BootSequence","floor":12.0},{"not_picked":["Steam","BootSequence"],"picked":"Capacitor","floor":13.0},{"not_picked":["Fission","Core Surge"],"picked":"Thunder Strike","floor":16},{"not_picked":["Skim","Glacier"],"picked":"BootSequence","floor":18},{"not_picked":["Loop","Beam Cell"],"picked":"Barrage+1","floor":22},{"not_picked":["Cold Snap+1","Sweeping Beam+1"],"picked":"Defragment+1","floor":24},{"not_picked":["Beam Cell","Recycle"],"picked":"Streamline+1","floor":28},{"not_picked":["Redo","Cold Snap","Compile Driver"],"picked":"SKIP","floor":29},{"not_picked":["Hello World","Storm+1"],"picked":"Hologram+1","floor":30},{"not_picked":["Double Energy","Melter"],"picked":"Coolheaded+1","floor":31}],"player_experience":784370,"relics_obtained":[{"floor":6.0,"key":"The Courier"},{"floor":8.0,"key":"Omamori"},{"floor":9.0,"key":"Ornamental Fan"},{"floor":13.0,"key":"Bottled Tornado"},{"floor":19,"key":"Enchiridion"},{"floor":24,"key":"Strawberry"},{"floor":26,"key":"Vajra"},{"floor":30,"key":"DataDisk"}],"event_choices":[{"event_name":"The Woman in Blue","player_choice":"Bought 3 Potions","floor":4.0,"damage_taken":0.0},{"event_name":"Scrap Ooze","player_choice":"success","floor":5.0,"damage_taken":3.0},{"event_name":"Match and Keep!","player_choice":"3 cards matched","floor":11.0,"damage_taken":0.0},{"event_name":"Cursed Tome","player_choice":"Obtained Book","floor":19,"damage_taken":0},{"event_name":"The Lab","player_choice":"Got Potions","floor":20,"damage_taken":0},{"event_name":"Back to Basics","player_choice":"Simplicity","floor":25,"damage_taken":0}],"boss_relics":[{"not_picked":["Sozu","Orrery"],"picked":"Runic Dome"}],"items_purged_floors":[],"is_endless":false,"potions_floor_spawned":[7,13,16,24,29,31],"killed_by":"Automaton","ascension_level":5}