{"gold_per_floor":[112,129,129,143,154,154,183,183,210,210,229,239,30,62,62,158,158,141,141,141,159,159],"floor_reached":22,"playtime":783,"items_purged":[],"score":274,"play_id":"a5f6a224-9b14-440e-8e26-6a5bc97880bb","local_time":"20180820161000","is_ascension_mode":true,"campfire_choices":[{"floor":6.0,"key":"REST"},{"data":"Zap","floor":8.0,"key":"SMITH"},{"data":"Dualcast","floor":10.0,"key":"SMITH"},{"data":"Stack","floor":15.0,"key":"SMITH"}],"neow_cost":"PERCENT_DAMAGE","seed_source_timestamp":0,"circlet_count":0,"master_deck":["Strike_B","Strike_B","Strike_B","Strike_B","Defend_B","Defend_B","Defend_B","Defend_B","Zap+1","Dualcast+1","Ball Lightning","Stack+1","Sweeping Beam","Go for the Eyes","Thunder Strike","Leap","Stack","FTL","Machine Learning","Regret","Pain","Clumsy","Auto Shields+1","Coolheaded"],"special_seed":0,"relics":["Cracked Core","Incense Burner","Vajra","Art of War","Anchor","Medical Kit","Gambling Chip","Calling Bell","Oddly Smooth Stone","Dodecahedron","Ginger","Nilry\u0027s Codex"],"potions_floor_usage":[],"damage_taken":[{"damage":0.0,"enemies":"Small Slimes","floor":1.0,"turns":3.0},{"damage":3.0,"enemies":"2 Louse","floor":2.0,"turns":2.0},{"damage":0.0,"enemies":"Cultist","floor":4.0,"turns":3.0},{"damage":10.0,"enemies":"Lots of Slimes","floor":5.0,"turns":2.0},{"damage":11.0,"enemies":"Lagavulin","floor":7.0,"turns":5.0},{"damage":0.0,"enemies":"Gremlin Gang","floor":11.0,"turns":3.0},{"damage":0.0,"enemies":"Blue Slaver","floor":12.0,"turns":3.0},{"damage":7.0,"enemies":"Gremlin Nob","floor":14.0,"turns":3.0},{"damage":2.0,"enemies":"Slime Boss","floor":16.0,"turns":9.0},{"damage":3.0,"enemies":"2 Thieves","floor":18.0,"turns":4.0},{"damage":3.0,"enemies":"Spheric Guardian","floor":21.0,"turns":3.0},{"damage":0,"enemies":"Centurion and Healer","floor":22,"turns":1}],"seed_played":"4711741724563948963","potions_obtained":[{"floor":2.0,"key":"GamblersBrew"},{"floor":5.0,"key":"FearPotion"},{"floor":12.0,"key":"Dexterity Potion"},{"floor":18.0,"key":"Swift Potion"}],"is_trial":false,"path_per_floor":["M","M","?","M","M","R","E","R","T","R","M","M","$","E","R","B",null,"M","?","?","M"],"character_chosen":"DEFECT","items_purchased":["Medical Kit"],"campfire_rested":1,"item_purchase_floors":[13],"current_hp_per_floor":[50,47,40,40,30,52,41,41,41,41,41,41,41,34,34,32,64,61,61,45,42,42],"gold":159,"neow_bonus":"ONE_RARE_RELIC","is_prod":false,"is_daily":false,"chose_seed":false,"campfire_upgraded":3,"win_rate":0,"timestamp":1534774200,"path_taken":["M","M","?","?","?","R","E","R","T","R","M","?","$","E","R","BOSS","M","?","?","M","M"],"build_version":"2018-08-16","purchased_purges":0,"victory":false,"max_hp_per_floor":[75,75,75,75,75,75,75,75,75,75,75,75,75,75,75,75,75,75,75,75,75,75],"card_choices":[{"not_picked":["Go for the Eyes","Recycle"],"picked":"Ball Lightning","floor":1.0},{"not_picked":["Streamline","Scrape"],"picked":"Stack","floor":2.0},{"not_picked":["Consume","Gash"],"picked":"Sweeping Beam","floor":4.0},{"not_picked":["Reprogram","Barrage"],"picked":"Go for the Eyes","floor":5.0},{"not_picked":["Lockon","Steam Power"],"picked":"Thunder Strike","floor":7.0},{"not_picked":["Reinforced Body","Beam Cell"],"picked":"Leap","floor":11.0},{"not_picked":["Glacier","Redo"],"picked":"Stack","floor":12.0},{"not_picked":["Rip and Tear","Sweeping Beam"],"picked":"FTL","floor":14.0},{"not_picked":["Biased Cognition","Seek"],"picked":"Machine Learning","floor":16.0},{"not_picked":["Aggregate","Barrage+1"],"picked":"Auto Shields+1","floor":18.0},{"not_picked":["Scrape","Cold Snap"],"picked":"Coolheaded","floor":21.0}],"player_experience":913524,"relics_obtained":[{"floor":7.0,"key":"Art of War"},{"floor":9.0,"key":"Anchor"},{"floor":14.0,"key":"Gambling Chip"},{"floor":17.0,"key":"Oddly Smooth Stone"},{"floor":17.0,"key":"Dodecahedron"},{"floor":17.0,"key":"Ginger"},{"floor":20.0,"key":"Nilry\u0027s Codex"}],"event_choices":[{"event_name":"Scrap Ooze","player_choice":"success","floor":3.0,"damage_taken":7.0},{"event_name":"Ghosts","player_choice":"Ignored","floor":19.0,"damage_taken":0.0},{"event_name":"Cursed Tome","player_choice":"Obtained Book","floor":20.0,"damage_taken":0.0}],"is_beta":false,"boss_relics":[{"not_picked":["Busted Crown","Runic Pyramid"],"picked":"Calling Bell"}],"items_purged_floors":[],"is_endless":false,"potions_floor_spawned":[2,5,12,18],"killed_by":"Centurion and Healer","ascension_level":8}