{"gold_per_floor":[111,286,286,305,321,321,351,351,377,115,115,135,35,50,50,146,146,160,160,160,160,259,285,285,297,347,61,61,61,71,86,86,86],"floor_reached":33,"playtime":2442,"items_purged":["Doubt","Defend_B","Defend_B"],"score":263,"play_id":"b8428771-5a78-4217-9d13-9cbf1e8bec20","local_time":"20190221000225","is_ascension_mode":false,"campfire_choices":[{"data":"Genetic Algorithm","floor":6,"key":"SMITH"},{"data":"Hello World","floor":8,"key":"SMITH"},{"floor":15,"key":"REST"},{"data":"Rainbow","floor":24,"key":"SMITH"},{"data":"Rainbow","floor":29,"key":"SMITH"},{"floor":32,"key":"REST"}],"neow_cost":"NONE","seed_source_timestamp":36432685521100,"circlet_count":0,"master_deck":["Strike_B","Strike_B","Strike_B","Strike_B","Defend_B","Zap","Dualcast","Hello World+1","Conserve Battery","Genetic Algorithm+1","Streamline","Secret Weapon","White Noise","Rainbow+1","Leap+1","Static Discharge","Capacitor+1","Rainbow+1","Rainbow"],"relics":["Runic Dome","Bronze Scales","Omamori","Bag of Marbles","Nuclear Battery","Unceasing Top","Enchiridion","Centennial Puzzle","Bag of Preparation","MutagenicStrength"],"potions_floor_usage":[],"damage_taken":[{"damage":6,"enemies":"Jaw Worm","floor":1,"turns":3},{"damage":7,"enemies":"2 Louse","floor":4,"turns":3},{"damage":0,"enemies":"Small Slimes","floor":5,"turns":3},{"damage":17,"enemies":"3 Sentries","floor":7,"turns":9},{"damage":12,"enemies":"Exordium Thugs","floor":12,"turns":4},{"damage":5,"enemies":"Looter","floor":14,"turns":3},{"damage":34,"enemies":"Hexaghost","floor":16,"turns":6},{"damage":10,"enemies":"Shell Parasite","floor":18,"turns":4},{"damage":8,"enemies":"Gremlin Leader","floor":23,"turns":7},{"damage":0,"enemies":"Chosen","floor":25,"turns":3},{"damage":15,"enemies":"Shelled Parasite and Fungi","floor":30,"turns":4},{"damage":10,"enemies":"Centurion and Healer","floor":31,"turns":5},{"damage":44,"enemies":"Collector","floor":33,"turns":6}],"seed_played":"-8910575531727112314","potions_obtained":[{"floor":1,"key":"FocusPotion"},{"floor":4,"key":"LiquidBronze"},{"floor":7,"key":"FocusPotion"},{"floor":23,"key":"Block Potion"}],"is_trial":false,"path_per_floor":["M","?","?","M","M","R","E","R","T","$","?","M","$","M","R","B",null,"M","?","?","?","?","E","R","M","T","$","?","R","M","M","R","B"],"character_chosen":"DEFECT","items_purchased":["Secret Weapon","Rainbow"],"campfire_rested":2,"item_purchase_floors":[10,27],"current_hp_per_floor":[69,69,66,59,59,59,42,42,42,42,42,30,30,25,47,13,75,65,65,49,49,49,41,41,41,41,41,41,41,26,16,38,0],"gold":86,"neow_bonus":"BOSS_RELIC","is_prod":false,"is_daily":false,"chose_seed":false,"campfire_upgraded":4,"win_rate":0.0,"timestamp":1550703745,"path_taken":["M","?","?","M","M","R","E","R","T","$","?","M","$","M","R","BOSS","M","?","?","?","?","E","R","M","T","$","?","R","?","M","R","BOSS"],"build_version":"2019-01-23","purchased_purges":3,"victory":false,"max_hp_per_floor":[75,75,75,75,75,75,75,75,75,75,75,75,75,75,75,75,75,75,75,75,75,75,75,75,75,75,75,75,75,75,75,75,75],"card_choices":[{"not_picked":["Beam Cell","Lockon"],"picked":"Hello World","floor":1},{"not_picked":["Steam","Consume"],"picked":"Conserve Battery","floor":4},{"not_picked":["Barrage","Skim"],"picked":"Genetic Algorithm","floor":5},{"not_picked":["Sweeping Beam","BootSequence"],"picked":"Streamline","floor":7},{"not_picked":["Redo","Stack","Leap"],"picked":"SKIP","floor":12},{"not_picked":["Turbo","Redo"],"picked":"White Noise","floor":14},{"not_picked":["Machine Learning","Echo Form"],"picked":"Rainbow","floor":16},{"not_picked":["Redo","Barrage"],"picked":"Leap+1","floor":18},{"not_picked":["Sweeping Beam+1","Go for the Eyes+1"],"picked":"Static Discharge","floor":23},{"not_picked":["Steam Power","Leap"],"picked":"Capacitor+1","floor":25},{"not_picked":["Tempest","Leap","Coolheaded"],"picked":"SKIP","floor":30},{"not_picked":["Sweeping Beam","Storm"],"picked":"Rainbow","floor":31}],"player_experience":20964,"relics_obtained":[{"floor":7,"key":"Omamori"},{"floor":9,"key":"Bag of Marbles"},{"floor":20,"key":"Enchiridion"},{"floor":23,"key":"Centennial Puzzle"},{"floor":26,"key":"Bag of Preparation"}],"event_choices":[{"damage_healed":0,"gold_gain":175,"player_choice":"AGREE","damage_taken":0,"max_hp_gain":0,"max_hp_loss":0,"event_name":"Liars Game","floor":2,"gold_loss":0,"cards_obtained":["Doubt"]},{"damage_healed":0,"gold_gain":0,"player_choice":"Success","damage_taken":3,"relics_obtained":["Bronze Scales"],"max_hp_gain":0,"max_hp_loss":0,"event_name":"Scrap Ooze","floor":3,"gold_loss":0},{"cards_removed":["Defend_B"],"damage_healed":0,"gold_gain":0,"player_choice":"Offered Basic","damage_taken":0,"max_hp_gain":0,"max_hp_loss":0,"event_name":"Bonfire Elementals","floor":11,"gold_loss":0},{"damage_healed":0,"gold_gain":0,"player_choice":"Stole Relic","damage_taken":0,"relics_obtained":["Unceasing Top"],"max_hp_gain":0,"max_hp_loss":0,"event_name":"Addict","floor":19,"gold_loss":0,"cards_obtained":["Shame"]},{"damage_healed":0,"gold_gain":0,"player_choice":"Obtained Book","damage_taken":16,"max_hp_gain":0,"max_hp_loss":0,"event_name":"Cursed Tome","floor":20,"gold_loss":0},{"damage_healed":0,"gold_gain":0,"player_choice":"Ignored","damage_taken":0,"max_hp_gain":0,"max_hp_loss":0,"event_name":"Vampires","floor":21,"gold_loss":0},{"damage_healed":0,"gold_gain":99,"player_choice":"Stole From Cult","damage_taken":0,"max_hp_gain":0,"max_hp_loss":0,"event_name":"Nest","floor":22,"gold_loss":0},{"damage_healed":0,"gold_gain":0,"player_choice":"Inject Mutagens","damage_taken":0,"relics_obtained":["MutagenicStrength"],"max_hp_gain":0,"max_hp_loss":0,"event_name":"Drug Dealer","floor":28,"gold_loss":0}],"is_beta":false,"boss_relics":[{"not_picked":["Empty Cage","Lizard Tail"],"picked":"Nuclear Battery"}],"items_purged_floors":[10,13,27],"is_endless":false,"potions_floor_spawned":[1,4,7,23,30,31],"killed_by":"Collector","ascension_level":0}