{"gold_per_floor":[119,294,13,27,44,77,37,37,119,119,119,151,163,128,128,229,229,248,203],"floor_reached":19,"playtime":568,"items_purged":["Doubt"],"score":254,"play_id":"53f8cc10-29da-4977-a3c6-6ad299b56bb5","local_time":"20180831184203","is_ascension_mode":true,"campfire_choices":[{"data":"Noxious Fumes","floor":8.0,"key":"SMITH"},{"data":"Survivor","floor":10.0,"key":"SMITH"},{"data":"Deadly Poison","floor":15.0,"key":"SMITH"}],"neow_cost":"","seed_source_timestamp":0,"circlet_count":0,"master_deck":["Defend_G","Defend_G","Defend_G","Defend_G","Defend_G","Strike_G","Strike_G","Strike_G","Strike_G","Strike_G","Survivor+1","Neutralize","Quick Slash","Backflip+1","Flying Knee","Noxious Fumes+1","Deadly Poison+1","Dash+1","Venomology","Pain","Doubt","Doubt"],"special_seed":0,"relics":["Ring of the Snake","Toolbox","Snake Skull","Molten Egg 2","Potion Belt","Calling Bell","Lantern","Meat on the Bone","Tough Bandages"],"potions_floor_usage":[],"damage_taken":[{"damage":0.0,"enemies":"Cultist","floor":1.0,"turns":4.0},{"damage":0.0,"enemies":"2 Louse","floor":4.0,"turns":2.0},{"damage":0.0,"enemies":"Small Slimes","floor":5.0,"turns":3.0},{"damage":23.0,"enemies":"Gremlin Nob","floor":6.0,"turns":4.0},{"damage":10.0,"enemies":"Lagavulin","floor":12.0,"turns":6.0},{"damage":1.0,"enemies":"Blue Slaver","floor":13.0,"turns":3.0},{"damage":22.0,"enemies":"Slime Boss","floor":16.0,"turns":9.0},{"damage":0.0,"enemies":"Chosen","floor":18.0,"turns":4.0},{"damage":33,"enemies":"2 Thieves","floor":19,"turns":3}],"seed_played":"4758952240070716604","potions_obtained":[{"floor":4.0,"key":"AttackPotion"},{"floor":5.0,"key":"FairyPotion"},{"floor":6.0,"key":"Swift Potion"},{"floor":12.0,"key":"Block Potion"}],"is_trial":false,"path_per_floor":["M","?","$","M","M","E","$","R","T","R","?","E","M","?","R","B",null,"M"],"character_chosen":"THE_SILENT","items_purchased":["Toolbox","Noxious Fumes"],"campfire_rested":0,"item_purchase_floors":[3,7],"current_hp_per_floor":[63,63,63,63,63,40,40,40,40,40,40,30,29,46,46,24,59,59,26],"gold":203,"neow_bonus":"","is_prod":false,"is_daily":false,"chose_seed":false,"campfire_upgraded":3,"win_rate":0,"timestamp":1535733723,"path_taken":["M","?","?","M","M","E","$","R","T","R","?","E","M","?","R","BOSS","M","M"],"build_version":"2018-08-30","purchased_purges":1,"victory":false,"max_hp_per_floor":[70,70,70,70,70,70,70,70,70,70,70,70,70,70,70,70,70,70,70],"card_choices":[{"not_picked":["Backflip","Infinite Blades"],"picked":"Quick Slash","floor":1.0},{"not_picked":["Dagger Spray","Accuracy"],"picked":"Backflip","floor":4.0},{"not_picked":["Bane","Blade Dance"],"picked":"Flying Knee","floor":5.0},{"not_picked":["Eviscerate","Setup","Storm of Steel"],"picked":"SKIP","floor":6.0},{"not_picked":["Calculated Gamble","Cloak And Dagger"],"picked":"Deadly Poison","floor":12.0},{"not_picked":["Deflect","Accuracy"],"picked":"Dash+1","floor":13.0},{"not_picked":["Malaise","Storm of Steel"],"picked":"Venomology","floor":16.0},{"not_picked":["Cloak And Dagger","Sucker Punch+1","Terror"],"picked":"SKIP","floor":18.0}],"player_experience":942297,"relics_obtained":[{"floor":6.0,"key":"Snake Skull"},{"floor":9.0,"key":"Molten Egg 2"},{"floor":12.0,"key":"Potion Belt"},{"floor":17.0,"key":"Lantern"},{"floor":17.0,"key":"Meat on the Bone"},{"floor":17.0,"key":"Tough Bandages"}],"event_choices":[{"event_name":"Liars Game","player_choice":"agreed","floor":2.0,"damage_taken":0.0},{"event_name":"Living Wall","player_choice":"Grow","floor":11.0,"damage_taken":0.0},{"event_name":"The Cleric","player_choice":"Healed","floor":14.0,"damage_taken":0.0}],"is_beta":false,"boss_relics":[{"not_picked":["Velvet Choker","White Beast Statue"],"picked":"Calling Bell"}],"items_purged_floors":[3],"is_endless":false,"potions_floor_spawned":[4,5,6,12],"killed_by":"2 Thieves","ascension_level":9}