{"gold_per_floor":[112,137,137,149,163,192,208,227,227,227],"floor_reached":10,"playtime":340,"items_purged":[],"score":112,"play_id":"5f06b90c-8bdf-465f-8125-28bc3e7807cd","local_time":"20190202142537","is_ascension_mode":true,"campfire_choices":[],"neow_cost":"NONE","seed_source_timestamp":609937474549212,"circlet_count":0,"master_deck":["AscendersBane","Defend_G","Defend_G","Defend_G","Defend_G","Strike_G","Strike_G","Strike_G","Strike_G","Strike_G","Survivor","Neutralize+1","Footwork","Bouncing Flask","Well Laid Plans","Backflip","Dash","Wraith Form v2"],"relics":["Ring of the Snake","Smiling Mask","Singing Bowl","Torii"],"potions_floor_usage":[7],"damage_taken":[{"damage":0,"enemies":"Cultist","floor":1,"turns":5},{"damage":0,"enemies":"2 Louse","floor":4,"turns":2},{"damage":0,"enemies":"Jaw Worm","floor":5,"turns":4},{"damage":6,"enemies":"Lagavulin","floor":6,"turns":6},{"damage":8,"enemies":"Large Slime","floor":7,"turns":6},{"damage":3,"enemies":"2 Fungi Beasts","floor":8,"turns":4},{"damage":1,"enemies":"Gremlin Nob","floor":10,"turns":3}],"seed_played":"-5446846219894409977","potions_obtained":[{"floor":1,"key":"Energy Potion"}],"is_trial":false,"path_per_floor":["M","T","?","M","M","E","M","M","T","E"],"character_chosen":"THE_SILENT","items_purchased":[],"campfire_rested":0,"item_purchase_floors":[],"current_hp_per_floor":[63,63,63,63,63,57,49,46,46,45],"gold":227,"neow_bonus":"UPGRADE_CARD","is_prod":false,"is_daily":false,"chose_seed":false,"campfire_upgraded":0,"win_rate":0,"timestamp":1549113937,"path_taken":["M","?","?","?","M","E","M","M","T","E"],"build_version":"2019-01-23","purchased_purges":0,"victory":false,"max_hp_per_floor":[70,70,70,70,70,70,70,70,70,70],"card_choices":[{"not_picked":["Caltrops","Prepared"],"picked":"Footwork","floor":1},{"not_picked":["Quick Slash","Deflect"],"picked":"Bouncing Flask","floor":4},{"not_picked":["Cloak And Dagger","Masterful Stab"],"picked":"Well Laid Plans","floor":5},{"not_picked":["Riddle With Holes","Acrobatics"],"picked":"Backflip","floor":6},{"not_picked":["Deadly Poison","Blade Dance"],"picked":"Dash","floor":7},{"not_picked":["Infinite Blades","Acrobatics"],"picked":"Wraith Form v2","floor":8}],"player_experience":2093495,"relics_obtained":[{"floor":2,"key":"Smiling Mask"},{"floor":6,"key":"Singing Bowl"},{"floor":9,"key":"Torii"}],"event_choices":[{"cards_removed":["Defend_G"],"damage_healed":0,"gold_gain":0,"player_choice":"Card Removal","damage_taken":0,"max_hp_gain":0,"max_hp_loss":0,"event_name":"Wheel of Change","floor":3,"gold_loss":0}],"is_beta":false,"boss_relics":[],"items_purged_floors":[],"is_endless":false,"potions_floor_spawned":[1],"killed_by":"Gremlin Nob","ascension_level":12}