{"gold_per_floor":[112,112,10,10,33,72,88,126,150,188,188],"floor_reached":11,"playtime":424,"items_purged":[],"score":133,"play_id":"cc5ccb5a-bc79-4bfd-aa7d-29a242688dcb","local_time":"20190208161505","is_ascension_mode":true,"campfire_choices":[],"neow_cost":"NONE","seed_source_timestamp":370637718921893,"circlet_count":0,"master_deck":["Defend_G","Defend_G","Defend_G","Defend_G","Defend_G","Strike_G","Strike_G","Strike_G","Strike_G","Survivor","Neutralize","Acrobatics","Heel Hook","Dagger Throw","Calculated Gamble","Acrobatics","Prepared","All Out Attack","Flechettes"],"relics":["Ring of the Snake","NeowsBlessing","Golden Idol","Bag of Preparation","Smiling Mask","Orichalcum","Blue Candle"],"potions_floor_usage":[8,8,8,8],"damage_taken":[{"damage":0,"enemies":"Small Slimes","floor":1,"turns":1},{"damage":0,"enemies":"Jaw Worm","floor":5,"turns":1},{"damage":0,"enemies":"Lagavulin","floor":6,"turns":1},{"damage":1,"enemies":"Cultist","floor":7,"turns":4},{"damage":19,"enemies":"3 Sentries","floor":8,"turns":11},{"damage":23,"enemies":"Gremlin Nob","floor":10,"turns":5}],"seed_played":"-2057559558875202150","potions_obtained":[{"floor":1,"key":"SteroidPotion"},{"floor":7,"key":"EntropicBrew"}],"is_trial":false,"path_per_floor":["M","?","$","?","M","E","M","E","T","E","$"],"character_chosen":"THE_SILENT","items_purchased":["Heel Hook","Dagger Throw"],"campfire_rested":0,"item_purchase_floors":[3,3],"current_hp_per_floor":[70,53,53,53,53,53,52,33,33,10,10],"gold":188,"neow_bonus":"THREE_ENEMY_KILL","is_prod":false,"is_daily":false,"chose_seed":false,"campfire_upgraded":0,"win_rate":0,"timestamp":1549671305,"path_taken":["M","?","$","?","?","E","M","E","T","E","$"],"build_version":"2019-01-23","purchased_purges":0,"victory":false,"max_hp_per_floor":[70,70,70,70,70,70,70,70,70,70,70],"card_choices":[{"not_picked":["Distraction","Dagger Spray"],"picked":"Acrobatics","floor":1},{"not_picked":["Blade Dance","Calculated Gamble","Skewer"],"picked":"SKIP","floor":5},{"not_picked":["Blade Dance","Skewer"],"picked":"Calculated Gamble","floor":5},{"not_picked":["Quick Slash","Blur"],"picked":"Acrobatics","floor":6},{"not_picked":["Terror","Slice"],"picked":"Prepared","floor":7},{"not_picked":["Terror","Dash"],"picked":"All Out Attack","floor":8},{"not_picked":["Slice","Acrobatics"],"picked":"Flechettes","floor":10}],"player_experience":132272,"relics_obtained":[{"floor":6,"key":"Bag of Preparation"},{"floor":8,"key":"Smiling Mask"},{"floor":9,"key":"Orichalcum"},{"floor":10,"key":"Blue Candle"}],"event_choices":[{"damage_healed":0,"gold_gain":0,"player_choice":"Take Damage","damage_taken":17,"relics_obtained":["Golden Idol"],"max_hp_gain":0,"max_hp_loss":0,"event_name":"Golden Idol","floor":2,"gold_loss":0},{"cards_removed":["Strike_G"],"damage_healed":0,"gold_gain":0,"player_choice":"Purged","damage_taken":0,"max_hp_gain":0,"max_hp_loss":0,"event_name":"Purifier","floor":4,"gold_loss":0}],"is_beta":false,"boss_relics":[],"items_purged_floors":[],"is_endless":false,"potions_floor_spawned":[1,7],"ascension_level":3}