{"gold_per_floor":[118,135,135,135,135,135,150,167,214,239,250,263,263,293,293,369,369,389,399,399,399,419,419,430,430,456,456],"floor_reached":27,"playtime":1173,"items_purged":[],"score":450,"play_id":"beaf9965-20d0-4618-b11b-28b9b5b43b46","local_time":"20181205210014","is_ascension_mode":true,"campfire_choices":[{"floor":6,"key":"REST"},{"data":"Static Discharge","floor":15,"key":"SMITH"},{"data":"Fission","floor":23,"key":"SMITH"},{"data":"Defragment","floor":25,"key":"SMITH"}],"neow_cost":"NONE","seed_source_timestamp":194529671044317,"circlet_count":0,"master_deck":["AscendersBane","Zap+1","Dualcast","Glacier+1","Compile Driver","Auto Shields","Sweeping Beam","Chill","Genetic Algorithm","FTL","Static Discharge+1","Fission+1","Sweeping Beam","Redo","White Noise","Stack","Sweeping Beam","Ball Lightning","Cold Snap","Consume","Coolheaded+1","Defragment+1"],"relics":["Cracked Core","Orichalcum","Anchor","StoneCalendar","Pandora\u0027s Box"],"potions_floor_usage":[10,14],"damage_taken":[{"damage":0,"enemies":"Cultist","floor":1,"turns":3},{"damage":12,"enemies":"Small Slimes","floor":2,"turns":4},{"damage":2,"enemies":"Jaw Worm","floor":7,"turns":3},{"damage":0,"enemies":"Looter","floor":8,"turns":3},{"damage":22,"enemies":"3 Sentries","floor":10,"turns":11},{"damage":0,"enemies":"Exordium Thugs","floor":11,"turns":4},{"damage":0,"enemies":"3 Louse","floor":12,"turns":3},{"damage":2,"enemies":"Lagavulin","floor":14,"turns":9},{"damage":24,"enemies":"Slime Boss","floor":16,"turns":8},{"damage":5,"enemies":"Spheric Guardian","floor":18,"turns":5},{"damage":3,"enemies":"Shell Parasite","floor":19,"turns":6},{"damage":11,"enemies":"Chosen and Byrds","floor":22,"turns":7},{"damage":4,"enemies":"3 Cultists","floor":24,"turns":4},{"damage":35,"enemies":"Book of Stabbing","floor":27,"turns":4}],"seed_played":"-4897193083328450678","potions_obtained":[{"floor":0,"key":"SmokeBomb"},{"floor":0,"key":"SneckoOil"},{"floor":10,"key":"Fire Potion"},{"floor":11,"key":"EssenceOfSteel"},{"floor":19,"key":"Dexterity Potion"},{"floor":24,"key":"Fire Potion"}],"is_trial":false,"path_per_floor":["M","M","?","?","?","R","M","M","T","E","M","M","?","E","R","B",null,"M","M","?","?","M","R","M","R","T","E"],"character_chosen":"DEFECT","items_purchased":[],"campfire_rested":1,"item_purchase_floors":[],"current_hp_per_floor":[64,52,31,31,31,52,50,50,50,28,28,28,28,26,26,2,54,49,46,46,46,35,35,31,31,31,0],"gold":456,"neow_bonus":"THREE_SMALL_POTIONS","is_prod":false,"is_daily":false,"chose_seed":false,"campfire_upgraded":3,"win_rate":0,"timestamp":1544061614,"path_taken":["M","?","?","?","?","R","?","M","T","E","M","M","?","E","R","BOSS","M","M","?","?","M","R","M","R","T","E"],"build_version":"2018-12-05","purchased_purges":0,"victory":false,"max_hp_per_floor":[71,71,71,71,71,71,71,71,71,71,71,71,71,71,71,71,71,71,71,71,71,71,71,71,71,71,71],"card_choices":[{"not_picked":["Storm","Heatsinks"],"picked":"Glacier","floor":1},{"not_picked":["Undo","Consume"],"picked":"Compile Driver","floor":2},{"not_picked":["Steam","Redo"],"picked":"Auto Shields","floor":7},{"not_picked":["Turbo","Hello World"],"picked":"Sweeping Beam","floor":8},{"not_picked":["Steam","Sweeping Beam"],"picked":"Chill","floor":10},{"not_picked":["Blizzard","Steam Power"],"picked":"Genetic Algorithm","floor":11},{"not_picked":["Go for the Eyes","Conserve Battery"],"picked":"FTL","floor":12},{"not_picked":["Beam Cell","Turbo"],"picked":"Static Discharge","floor":14},{"not_picked":["Seek","Reboot"],"picked":"Fission","floor":16},{"not_picked":["Stack","Rebound"],"picked":"Consume","floor":18},{"not_picked":["Turbo","Leap","Genetic Algorithm"],"picked":"SKIP","floor":19},{"not_picked":["Barrage","Streamline"],"picked":"Coolheaded+1","floor":22},{"not_picked":["Go for the Eyes","Beam Cell"],"picked":"Defragment","floor":24}],"player_experience":1187118,"relics_obtained":[{"floor":9,"key":"Orichalcum"},{"floor":10,"key":"Anchor"},{"floor":14,"key":"StoneCalendar"}],"event_choices":[{"damage_healed":0,"gold_gain":0,"player_choice":"Entered Light","damage_taken":21,"max_hp_gain":0,"max_hp_loss":0,"event_name":"Shining Light","floor":3,"gold_loss":0,"cards_upgraded":["Defend_B","Zap"]},{"damage_healed":0,"gold_gain":0,"player_choice":"Fled","damage_taken":0,"max_hp_gain":0,"max_hp_loss":0,"event_name":"Scrap Ooze","floor":4,"gold_loss":0},{"damage_healed":0,"gold_gain":0,"player_choice":"Grow","damage_taken":0,"max_hp_gain":0,"max_hp_loss":0,"event_name":"Living Wall","floor":5,"gold_loss":0,"cards_upgraded":["Glacier"]},{"cards_removed":["Strike_B"],"damage_healed":0,"gold_gain":0,"player_choice":"Purged","damage_taken":0,"max_hp_gain":0,"max_hp_loss":0,"event_name":"Purifier","floor":13,"gold_loss":0},{"damage_healed":0,"gold_gain":0,"player_choice":"Ignored","damage_taken":0,"max_hp_gain":0,"max_hp_loss":0,"event_name":"Vampires","floor":20,"gold_loss":0},{"damage_healed":0,"gold_gain":0,"player_choice":"Ignored","damage_taken":0,"max_hp_gain":0,"max_hp_loss":0,"event_name":"The Mausoleum","floor":21,"gold_loss":0}],"is_beta":true,"boss_relics":[{"not_picked":["Orrery","Black Star"],"picked":"Pandora\u0027s Box"}],"items_purged_floors":[],"is_endless":false,"potions_floor_spawned":[7,10,11,19,24],"killed_by":"Book of Stabbing","ascension_level":20}