{"gold_per_floor":[117,117,217,292,302,302,328,328,353,353,363,390,410,441,441,541,541,529,546,546,564,578,578,578,591,614,614,633,633,660,9,9,110,110,120,120,136,147,158,185,185,210,256,281,298,126,126,156,156,156],"floor_reached":51,"playtime":9758,"items_purged":["Writhe","Strike_G"],"score":844,"play_id":"3ccd2235-9441-4a5a-bf2a-4518c773a278","local_time":"20180719230144","is_ascension_mode":true,"campfire_choices":[{"floor":6.0,"key":"REST"},{"floor":8.0,"key":"REST"},{"data":"Well Laid Plans","floor":10.0,"key":"SMITH"},{"floor":15.0,"key":"REST"},{"data":"Malaise","floor":24.0,"key":"SMITH"},{"data":"Footwork","floor":27.0,"key":"SMITH"},{"data":"Adrenaline","floor":29.0,"key":"SMITH"},{"data":"Neutralize","floor":32.0,"key":"SMITH"},{"floor":41,"key":"REST"},{"data":"Reflex","floor":47,"key":"SMITH"},{"data":"Defend_G","floor":49,"key":"SMITH"}],"neow_cost":"","seed_source_timestamp":0,"circlet_count":0,"master_deck":["Defend_G+1","Defend_G+1","Defend_G+1","Defend_G","Defend_G","Strike_G+1","Strike_G","Strike_G","Survivor+1","Neutralize+1","Well Laid Plans+1","Reflex+1","Footwork+1","Malaise+1","Adrenaline+1","Calculated Gamble","Riddle With Holes+1","Venomology+1","Heel Hook+1","Flying Knee+1","Outmaneuver+1","Flying Knee+1","Bouncing Flask+1","Neutralize+1","Adrenaline+1","Poisoned Stab+1","Bane+1","Acrobatics+1","Burst+1","Prepared+1","Bullet Time+1","Infinite Blades+1","Noxious Fumes+1","PiercingWail+1","Crippling Poison+1","Cloak And Dagger+1","Cloak And Dagger+1","Deadly Poison+1","Deadly Poison+1","PiercingWail+1","Corpse Explosion+1"],"special_seed":0,"relics":["Ring of the Snake","Molten Egg 2","War Paint","Matryoshka","Toxic Egg 2","Eternal Feather","Torii","Vajra","Regal Pillow","Ancient Tea Set","Anchor","Toy Ornithopter","Lizard Tail","Calipers","Paper Crane","Blood Vial","Happy Flower","Letter Opener","Snake Skull"],"potions_floor_usage":[40,40,44,44,45,48,48,50],"damage_taken":[{"damage":0.0,"enemies":"Small Slimes","floor":1.0,"turns":4.0},{"damage":0.0,"enemies":"2 Louse","floor":5.0,"turns":3.0},{"damage":44.0,"enemies":"Gremlin Nob","floor":7.0,"turns":6.0},{"damage":0.0,"enemies":"Cultist","floor":11.0,"turns":4.0},{"damage":11.0,"enemies":"3 Sentries","floor":12.0,"turns":12.0},{"damage":0.0,"enemies":"Blue Slaver","floor":13.0,"turns":5.0},{"damage":16.0,"enemies":"Gremlin Nob","floor":14.0,"turns":7.0},{"damage":9.0,"enemies":"Hexaghost","floor":16.0,"turns":11.0},{"damage":6.0,"enemies":"2 Thieves","floor":18.0,"turns":5.0},{"damage":0.0,"enemies":"Chosen","floor":19.0,"turns":6.0},{"damage":2.0,"enemies":"Snecko","floor":21.0,"turns":7.0},{"damage":3.0,"enemies":"Snake Plant","floor":22.0,"turns":5.0},{"damage":11.0,"enemies":"Centurion and Healer","floor":25.0,"turns":7.0},{"damage":10.0,"enemies":"Chosen and Byrds","floor":28.0,"turns":6.0},{"damage":27.0,"enemies":"Gremlin Leader","floor":30.0,"turns":5.0},{"damage":35.0,"enemies":"Collector","floor":33.0,"turns":7.0},{"damage":1.0,"enemies":"Orb Walker","floor":35.0,"turns":4.0},{"damage":1.0,"enemies":"3 Darklings","floor":37.0,"turns":4.0},{"damage":4.0,"enemies":"4 Shapes","floor":38.0,"turns":4.0},{"damage":1.0,"enemies":"Sphere and 2 Shapes","floor":39.0,"turns":5.0},{"damage":45,"enemies":"2 Orb Walkers","floor":40,"turns":6},{"damage":32,"enemies":"Nemesis","floor":42,"turns":7},{"damage":0,"enemies":"Giant Head","floor":44,"turns":7},{"damage":6,"enemies":"3 Darklings","floor":45,"turns":2},{"damage":17,"enemies":"2 Orb Walkers","floor":48,"turns":4},{"damage":30,"enemies":"Awakened One","floor":50,"turns":11}],"seed_played":"6984148638243449060","potions_obtained":[{"floor":1.0,"key":"GamblersBrew"},{"floor":7.0,"key":"Dexterity Potion"},{"floor":12.0,"key":"Strength Potion"},{"floor":18.0,"key":"LiquidBronze"},{"floor":19.0,"key":"Swift Potion"},{"floor":21.0,"key":"EntropicBrew"},{"floor":25.0,"key":"Block Potion"},{"floor":35.0,"key":"AttackPotion"},{"floor":42,"key":"AttackPotion"},{"floor":44,"key":"SteroidPotion"}],"is_trial":false,"path_per_floor":["M","?","?","?","M","R","E","R","T","R","M","E","M","E","R","B",null,"M","M","?","M","M","?","R","M","T","R","M","R","E","$","R","B",null,"M","?","M","M","M","E","R","E","T","E","M","$","R","E","R","B"],"character_chosen":"THE_SILENT","items_purchased":["Anchor","Toy Ornithopter","Burst+1","Prepared+1","Deadly Poison+1","PiercingWail+1"],"campfire_rested":4,"item_purchase_floors":[31,31,31,31,46,46],"current_hp_per_floor":[70,56,56,45,45,66,22,43,43,43,43,32,32,16,37,28,70,64,64,64,62,59,59,69,58,58,68,58,70,43,43,55,26,70,69,69,70,67,69,25,70,38,38,46,45,45,61,52,68,56],"gold":156,"neow_bonus":"","is_prod":false,"is_daily":false,"chose_seed":false,"campfire_upgraded":7,"win_rate":0,"timestamp":1532008904,"path_taken":["M","?","?","?","M","R","E","R","T","R","M","E","M","E","R","BOSS","M","M","?","M","?","?","R","?","T","R","M","R","E","$","R","BOSS","M","?","M","M","M","E","R","E","T","E","?","?","R","E","R","BOSS"],"build_version":"2018-07-12","purchased_purges":2,"victory":true,"max_hp_per_floor":[70,70,70,70,70,70,70,70,70,70,70,70,70,70,70,70,70,70,70,70,70,70,70,70,70,70,70,70,70,70,70,70,70,70,70,70,70,70,70,70,70,70,70,70,70,70,70,70,70,70],"card_choices":[{"not_picked":["Prepared","Backflip"],"picked":"Well Laid Plans","floor":1.0},{"not_picked":["Terror","Flying Knee"],"picked":"Reflex","floor":5.0},{"not_picked":["Well Laid Plans","Deadly Poison"],"picked":"Footwork","floor":7.0},{"not_picked":["Escape Plan","Deadly Poison"],"picked":"Malaise","floor":11.0},{"not_picked":["Distraction","Deadly Poison"],"picked":"Adrenaline","floor":12.0},{"not_picked":["Quick Slash+1","Expertise"],"picked":"Calculated Gamble","floor":13.0},{"not_picked":["Masterful Stab+1","Die Die Die+1"],"picked":"Riddle With Holes+1","floor":14.0},{"not_picked":["Night Terror+1","Doppelganger+1"],"picked":"Venomology+1","floor":16.0},{"not_picked":["Leg Sweep+1","Masterful Stab+1"],"picked":"Heel Hook+1","floor":18.0},{"not_picked":["Terror+1","Acrobatics+1"],"picked":"Flying Knee+1","floor":19.0},{"not_picked":["Distraction+1","Acrobatics+1"],"picked":"Outmaneuver+1","floor":21.0},{"not_picked":["Choke+1","Unload+1"],"picked":"Flying Knee+1","floor":22.0},{"not_picked":["Calculated Gamble+1","Dagger Spray+1"],"picked":"Poisoned Stab+1","floor":25.0},{"not_picked":["Deflect+1","Underhanded Strike+1"],"picked":"Bane+1","floor":28.0},{"not_picked":["Flechettes+1","Caltrops"],"picked":"Acrobatics+1","floor":30.0},{"not_picked":["Die Die Die+1","Tools of the Trade"],"picked":"Bullet Time+1","floor":33.0},{"not_picked":["Accuracy","Dagger Throw+1"],"picked":"Infinite Blades+1","floor":35.0},{"not_picked":["Deflect+1","Reflex+1"],"picked":"Noxious Fumes+1","floor":37.0},{"not_picked":["Escape Plan+1","Backflip+1"],"picked":"PiercingWail+1","floor":38.0},{"not_picked":["Dodge and Roll+1","Quick Slash+1"],"picked":"Crippling Poison+1","floor":39.0},{"not_picked":["Quick Slash+1","Masterful Stab+1","Unload+1"],"picked":"SKIP","floor":40},{"not_picked":["Eviscerate+1","Bane+1"],"picked":"Cloak And Dagger+1","floor":42},{"not_picked":["Endless Agony+1","Die Die Die+1"],"picked":"Cloak And Dagger+1","floor":44},{"not_picked":["Deflect+1","Dagger Throw+1"],"picked":"Deadly Poison+1","floor":45},{"not_picked":["Acrobatics+1","Doppelganger+1"],"picked":"Corpse Explosion+1","floor":48}],"player_experience":116478,"relics_obtained":[{"floor":7.0,"key":"Molten Egg 2"},{"floor":9.0,"key":"War Paint"},{"floor":12.0,"key":"Matryoshka"},{"floor":14.0,"key":"Toxic Egg 2"},{"floor":26.0,"key":"Vajra"},{"floor":26.0,"key":"Regal Pillow"},{"floor":30.0,"key":"Ancient Tea Set"},{"floor":40,"key":"Calipers"},{"floor":42,"key":"Paper Crane"},{"floor":43,"key":"Blood Vial"},{"floor":43,"key":"Happy Flower"},{"floor":44,"key":"Letter Opener"},{"floor":48,"key":"Snake Skull"}],"event_choices":[{"event_name":"Shining Light","player_choice":"Entered Light","floor":2.0,"damage_taken":0.0},{"event_name":"Golden Shrine","player_choice":"Pray","floor":3.0,"damage_taken":0.0},{"event_name":"World of Goop","player_choice":"Gather Gold","floor":4.0,"damage_taken":0.0},{"event_name":"The Mausoleum","player_choice":"Yes","floor":20.0,"damage_taken":0.0},{"event_name":"Match and Keep!","player_choice":"3 cards matched","floor":23.0,"damage_taken":0.0},{"event_name":"Purifier","player_choice":"One Purge","floor":36.0,"damage_taken":0.0}],"boss_relics":[{"not_picked":["Astrolabe","Philosopher\u0027s Stone"],"picked":"Eternal Feather"},{"not_picked":["Calling Bell","Ring of the Serpent"],"picked":"Lizard Tail"}],"items_purged_floors":[31,46],"is_endless":false,"potions_floor_spawned":[1,7,12,18,19,21,25,35,42,44,45],"ascension_level":1}