{"path_per_floor":["M","M","M","?","M","E","M","R","T","R","E","T","$","M","R","B",null,"M","?","$","M","?","E","R","$","T","M"],"character_chosen":"IRONCLAD","items_purchased":["Molten Egg 2","Strength Potion","Spot Weakness"],"gold_per_floor":[118,137,154,154,170,200,210,210,262,262,293,345,41,51,51,146,146,158,158,16,29,29,55,55,55,78,91,91],"floor_reached":28,"campfire_rested":2,"playtime":1114,"current_hp_per_floor":[86,86,81,81,64,56,29,29,29,29,13,13,13,17,42,13,68,53,53,53,51,34,17,44,44,44,10,0],"items_purged":["Normality"],"gold":91,"score":310,"play_id":"87fc76eb-345c-4f5e-a597-f1ccf7504f74","local_time":"20180518165905","is_prod":false,"is_daily":false,"chose_seed":false,"is_ascension_mode":true,"campfire_upgraded":2,"timestamp":1526655545,"campfire_choices":[{"data":"Immolate","floor":8,"key":"SMITH"},{"data":"Bash","floor":10,"key":"SMITH"},{"floor":15,"key":"REST"},{"floor":24,"key":"REST"}],"path_taken":["M","?","M","?","M","E","M","R","T","R","E","?","$","M","R","BOSS","M","?","?","M","?","E","R","$","T","M","E"],"build_version":"2018-05-17","seed_source_timestamp":372772199957440,"purchased_purges":1,"victory":false,"master_deck":["Strike_R","Strike_R","Strike_R","Strike_R","Strike_R","Defend_R","Defend_R","Defend_R","Defend_R","Bash+1","Combust","Cleave","Rampage","Shrug It Off","Immolate+1","Dropkick","Clothesline+1","Bludgeon+1","Wild Strike+1","Spot Weakness","Reckless Charge+1","Flex+1","Rage"],"max_hp_per_floor":[86,86,86,86,86,86,86,86,86,86,86,86,86,86,86,86,86,86,86,86,86,91,91,91,91,91,91,91],"relics":["Burning Blood","Mango","Juzu Bracelet","Letter Opener","Omamori","Orichalcum","Oddly Smooth Stone","Molten Egg 2","Runic Dome","Dodecahedron","Paper Frog","Bag of Preparation"],"card_choices":[{"not_picked":["Sentinel","Uppercut"],"picked":"Combust","floor":1},{"not_picked":["Dual Wield","Burning Pact"],"picked":"Cleave","floor":2},{"not_picked":["Sentinel","Havoc"],"picked":"Rampage","floor":3},{"not_picked":["Perfected Strike","Second Wind"],"picked":"Shrug It Off","floor":5},{"not_picked":["Clothesline","Twin Strike"],"picked":"Immolate","floor":6},{"not_picked":["Havoc","True Grit"],"picked":"Dropkick","floor":7},{"not_picked":["Rupture","Cleave","Sword Boomerang"],"picked":"SKIP","floor":11},{"not_picked":["Flame Barrier","Blood for Blood+1"],"picked":"Clothesline+1","floor":14},{"not_picked":["Exhume","Offering"],"picked":"Bludgeon+1","floor":16},{"not_picked":["Iron Wave+1","Burning Pact"],"picked":"Wild Strike+1","floor":18},{"not_picked":["Fire Breathing","Armaments"],"picked":"Reckless Charge+1","floor":21},{"not_picked":["Cleave+1","Offering"],"picked":"Flex+1","floor":23},{"not_picked":["Sever Soul+1","Clothesline+1"],"picked":"Rage","floor":27}],"player_experience":491591,"potions_floor_usage":[6,6,6,11,16,16,21,21,23],"damage_taken":[{"damage":1,"enemies":"Cultist","floor":1,"turns":4},{"damage":0,"enemies":"Small Slimes","floor":2,"turns":3},{"damage":11,"enemies":"Jaw Worm","floor":3,"turns":4},{"damage":23,"enemies":"Exordium Wildlife","floor":5,"turns":4},{"damage":14,"enemies":"Gremlin Nob","floor":6,"turns":3},{"damage":33,"enemies":"Exordium Thugs","floor":7,"turns":6},{"damage":22,"enemies":"Lagavulin","floor":11,"turns":5},{"damage":2,"enemies":"Red Slaver","floor":14,"turns":3},{"damage":35,"enemies":"The Guardian","floor":16,"turns":10},{"damage":21,"enemies":"2 Thieves","floor":18,"turns":3},{"damage":8,"enemies":"Shell Parasite","floor":21,"turns":3},{"damage":23,"enemies":"Book of Stabbing","floor":23,"turns":4},{"damage":40,"enemies":"Centurion and Healer","floor":27,"turns":4},{"damage":12,"enemies":"Gremlin Leader","floor":28,"turns":1}],"relics_obtained":[{"floor":6,"key":"Letter Opener"},{"floor":9,"key":"Omamori"},{"floor":11,"key":"Orichalcum"},{"floor":12,"key":"Oddly Smooth Stone"},{"floor":23,"key":"Paper Frog"},{"floor":26,"key":"Bag of Preparation"}],"event_choices":[{"event_name":"Accursed Blacksmith","player_choice":"Rummage","floor":4,"damage_taken":0},{"event_name":"The Mausoleum","player_choice":"Yes","floor":19,"damage_taken":0},{"event_name":"Forgotten Altar","player_choice":"Shed Blood","floor":22,"damage_taken":0}],"boss_relics":[{"not_picked":["Astrolabe","Ectoplasm"],"picked":"Runic Dome"}],"potions_floor_spawned":[1,3,5,7,14,16,18,21],"seed_played":"1662317713496577995","killed_by":"Gremlin Leader","ascension_level":5,"potions_obtained":[{"floor":1,"key":"Explosive Potion"},{"floor":3,"key":"FearPotion"},{"floor":5,"key":"PowerPotion"},{"floor":7,"key":"Block Potion"},{"floor":14,"key":"FearPotion"},{"floor":16,"key":"Strength Potion"},{"floor":18,"key":"Energy Potion"},{"floor":21,"key":"Weak Potion"}],"is_trial":false}