{"path_per_floor":["M","M","M","M","?","E","R","E","T","R","?","M","E","$","R"],"character_chosen":"DEFECT","items_purchased":["Undo+1","Echo Form+1"],"gold_per_floor":[109,120,134,147,147,177,177,207,207,207,207,224,252,74,74,74],"floor_reached":16,"campfire_rested":2,"playtime":859,"item_purchase_floors":[14,14],"current_hp_per_floor":[59,58,51,38,38,38,38,14,14,36,36,32,5,5,27,10],"items_purged":[],"gold":74,"score":144,"play_id":"68b5ad69-bf08-4e07-9256-ba86fb838186","local_time":"20180614190429","is_prod":false,"is_daily":false,"chose_seed":false,"is_ascension_mode":true,"campfire_upgraded":1,"win_rate":0,"timestamp":1528995869,"campfire_choices":[{"data":"Dualcast","floor":7,"key":"SMITH"},{"floor":10,"key":"REST"},{"floor":15,"key":"REST"}],"path_taken":["M","M","M","M","?","E","R","E","T","R","?","M","E","$","R","BOSS"],"build_version":"2018-06-07v3","seed_source_timestamp":90766149071270,"purchased_purges":0,"victory":false,"master_deck":["Strike_B","Strike_B","Strike_B","Strike_B","Defend_B","Defend_B","Defend_B","Defend_B","Zap+1","Dualcast+1","Scrape","Gash","Auto Shields","Gash","Streamline","Seek","Darkness","Go for the Eyes","Fission","Hello World+1","Defragment+1","Undo+1","Echo Form+1"],"max_hp_per_floor":[75,75,75,75,75,75,75,75,75,75,75,75,75,75,75,75],"relics":["Cracked Core","Anchor","Frozen Egg 2","Toxic Egg 2","Symbiotic Virus"],"card_choices":[{"not_picked":["Hologram","Barrage"],"picked":"Scrape","floor":1},{"not_picked":["Hyperbeam","Turbo"],"picked":"Gash","floor":2},{"not_picked":["Streamline","White Noise"],"picked":"Auto Shields","floor":3},{"not_picked":["Go for the Eyes","Conserve Battery"],"picked":"Gash","floor":4},{"not_picked":["Ball Lightning","Sunder"],"picked":"Go for the Eyes","floor":6},{"not_picked":["Streamline","Redo"],"picked":"Fission","floor":8},{"not_picked":["Skim+1","Scrape"],"picked":"Hello World+1","floor":12},{"not_picked":["Skim+1","FTL"],"picked":"Defragment+1","floor":13}],"player_experience":692152,"potions_floor_usage":[6,6,6,13],"damage_taken":[{"damage":16,"enemies":"Small Slimes","floor":1,"turns":3},{"damage":1,"enemies":"Cultist","floor":2,"turns":3},{"damage":7,"enemies":"2 Louse","floor":3,"turns":3},{"damage":13,"enemies":"Blue Slaver","floor":4,"turns":4},{"damage":9,"enemies":"Lagavulin","floor":6,"turns":5},{"damage":24,"enemies":"Gremlin Nob","floor":8,"turns":4},{"damage":4,"enemies":"Red Slaver","floor":12,"turns":2},{"damage":27,"enemies":"Lagavulin","floor":13,"turns":9},{"damage":17,"enemies":"The Guardian","floor":16,"turns":4}],"relics_obtained":[{"floor":6,"key":"Anchor"},{"floor":8,"key":"Frozen Egg 2"},{"floor":9,"key":"Toxic Egg 2"},{"floor":13,"key":"Symbiotic Virus"}],"event_choices":[{"event_name":"Match and Keep!","player_choice":"3 cards matched","floor":5,"damage_taken":0},{"event_name":"Accursed Blacksmith","player_choice":"Forge","floor":11,"damage_taken":0}],"boss_relics":[],"items_purged_floors":[],"potions_floor_spawned":[1,2,4,12],"seed_played":"-2349372333447635443","killed_by":"The Guardian","ascension_level":4,"potions_obtained":[{"floor":1,"key":"FearPotion"},{"floor":2,"key":"Regen Potion"},{"floor":4,"key":"Strength Potion"},{"floor":12,"key":"Energy Potion"}],"is_trial":false}