{"gold_per_floor":[114,79,4,18,18,48,48,48,125,163,175,207,240,266,278,410,422,457,469],"floor_reached":19,"playtime":580,"items_purged":[],"score":266,"play_id":"9b2d5c5c-079a-4776-817c-6d744e7f92a6","local_time":"20181022174446","is_ascension_mode":true,"campfire_choices":[{"floor":7,"key":"REST"},{"floor":11,"key":"REST"},{"data":"Cloak And Dagger","floor":15,"key":"SMITH"}],"neow_cost":"NONE","seed_source_timestamp":0,"circlet_count":0,"master_deck":["Defend_G","Defend_G","Defend_G","Defend_G","Defend_G","Strike_G","Strike_G","Strike_G","Strike_G","Strike_G","Survivor","Neutralize","AscendersBane","Dramatic Entrance","Choke","Dash","Quick Slash","Cloak And Dagger+1","Cloak And Dagger+1","Crippling Poison+1","Dagger Spray","Blade Dance+1","Tools of the Trade","Writhe","Writhe","Clumsy","Footwork+1"],"special_seed":0,"relics":["Ring of the Snake","Vajra","Golden Idol","Toxic Egg 2","MawBank","Calling Bell","Tingsha","Letter Opener","Art of War"],"potions_floor_usage":[6,19,19,19],"damage_taken":[{"damage":2.0,"enemies":"2 Louse","floor":1.0,"turns":3.0},{"damage":0,"enemies":"Small Slimes","floor":4,"turns":2},{"damage":31,"enemies":"Lagavulin","floor":6,"turns":7},{"damage":28,"enemies":"Gremlin Nob","floor":10,"turns":5},{"damage":0,"enemies":"Cultist","floor":12,"turns":2},{"damage":0,"enemies":"3 Louse","floor":13,"turns":3},{"damage":0,"enemies":"Large Slime","floor":14,"turns":4},{"damage":32,"enemies":"Slime Boss","floor":16,"turns":9},{"damage":25,"enemies":"2 Thieves","floor":18,"turns":4},{"damage":5,"enemies":"Colosseum Slavers","floor":19,"turns":4},{"damage":43,"enemies":"Colosseum Nobs","floor":19,"turns":3}],"seed_played":"-6484304060869791867","potions_obtained":[{"floor":1.0,"key":"SkillPotion"},{"floor":13,"key":"Dexterity Potion"},{"floor":16,"key":"LiquidBronze"},{"floor":18,"key":"GhostInAJar"}],"is_trial":false,"path_per_floor":["M","?","$","M","$","E","R","?","T","E","R","M","M","M","R","B",null,"M"],"character_chosen":"THE_SILENT","items_purchased":["Dash"],"campfire_rested":2,"item_purchase_floors":[3],"current_hp_per_floor":[61,70,70,70,70,39,60,60,60,32,51,51,51,51,51,19,54,29,0],"gold":469,"neow_bonus":"RANDOM_COLORLESS","is_prod":false,"is_daily":false,"chose_seed":false,"campfire_upgraded":1,"win_rate":0,"timestamp":1540223086,"path_taken":["M","?","$","?","$","E","R","?","T","E","R","?","?","M","R","BOSS","M","?"],"build_version":"2018-10-18","purchased_purges":0,"victory":false,"max_hp_per_floor":[70,70,70,70,70,70,70,65,65,65,65,65,65,65,65,65,65,65,65],"card_choices":[{"not_picked":["Deflect","Outmaneuver"],"picked":"Choke","floor":1.0},{"not_picked":["Expertise","Reflex"],"picked":"Quick Slash","floor":4},{"not_picked":["Deadly Poison","Choke"],"picked":"Cloak And Dagger","floor":6},{"not_picked":["Tactician+1","Underhanded Strike"],"picked":"Cloak And Dagger+1","floor":10},{"not_picked":["Tactician+1","Calculated Gamble+1"],"picked":"Crippling Poison+1","floor":12},{"not_picked":["Bane","Caltrops"],"picked":"Dagger Spray","floor":13},{"not_picked":["Accuracy","Phantasmal Killer+1"],"picked":"Blade Dance+1","floor":14},{"not_picked":["Grand Finale","After Image"],"picked":"Tools of the Trade","floor":16},{"not_picked":["Bane","Leg Sweep+1"],"picked":"Footwork+1","floor":18}],"player_experience":1099620,"relics_obtained":[{"floor":6,"key":"Vajra"},{"floor":9,"key":"Toxic Egg 2"},{"floor":10,"key":"MawBank"},{"floor":17,"key":"Tingsha"},{"floor":17,"key":"Letter Opener"},{"floor":17,"key":"Art of War"}],"event_choices":[{"damage_healed":17.0,"max_hp_gain":0.0,"max_hp_loss":0.0,"gold_gain":0.0,"event_name":"The Cleric","player_choice":"Healed","floor":2.0,"gold_loss":35.0,"damage_taken":0.0},{"damage_healed":0,"gold_gain":0,"player_choice":"Lose Max HP","damage_taken":0,"relics_obtained":["Golden Idol"],"max_hp_gain":0,"max_hp_loss":5,"event_name":"Golden Idol","floor":8,"gold_loss":0},{"damage_healed":0,"gold_gain":0,"player_choice":"Fight","damage_taken":0,"max_hp_gain":0,"max_hp_loss":0,"event_name":"Colosseum","floor":19,"gold_loss":0},{"damage_healed":0,"gold_gain":0,"player_choice":"Fought Nobs","damage_taken":0,"max_hp_gain":0,"max_hp_loss":0,"event_name":"Colosseum","floor":19,"gold_loss":0}],"is_beta":false,"boss_relics":[{"not_picked":["HoveringKite","Runic Dome"],"picked":"Calling Bell"}],"items_purged_floors":[],"is_endless":false,"potions_floor_spawned":[1,13,16,18],"killed_by":"Colosseum Nobs","ascension_level":10}