{"gold_per_floor":[211,241,241,26,99,99,115,127,127,137,10,10,30,30,30,129,129,141,161,161,16,32,32,52,52,52,52,79,79,93,45,45,45],"floor_reached":33,"playtime":2182,"items_purged":["Defend_R"],"score":408,"play_id":"9a227e90-9967-455f-a282-5b3d98bd62ee","local_time":"20190122212539","is_ascension_mode":true,"campfire_choices":[{"floor":6,"key":"REST"},{"data":"Chrysalis","floor":12,"key":"SMITH"},{"floor":15,"key":"REST"},{"floor":23,"key":"REST"},{"floor":25,"key":"REST"},{"floor":27,"key":"REST"},{"floor":29,"key":"REST"},{"floor":32,"key":"REST"}],"neow_cost":"NONE","seed_source_timestamp":12876575264141087,"circlet_count":0,"master_deck":["AscendersBane","Strike_R","Strike_R","Strike_R","Strike_R","Strike_R","Defend_R+1","Defend_R+1","Bash","Iron Wave","Chrysalis+1","Shrug It Off","Dual Wield","Anger+1","Iron Wave+1","Reaper+1","Demon Form","Rage"],"relics":["Black Blood","Tiny Chest","Kunai","Molten Egg 2","Potion Belt","Singing Bowl","Bag of Preparation"],"potions_floor_usage":[10,16,22,28,28],"damage_taken":[{"damage":6,"enemies":"Cultist","floor":1,"turns":4},{"damage":7,"enemies":"2 Louse","floor":7,"turns":6},{"damage":8,"enemies":"Jaw Worm","floor":8,"turns":4},{"damage":0,"enemies":"Blue Slaver","floor":10,"turns":4},{"damage":21,"enemies":"Red Slaver","floor":13,"turns":5},{"damage":18,"enemies":"Hexaghost","floor":16,"turns":9},{"damage":32,"enemies":"Shell Parasite","floor":18,"turns":8},{"damage":22,"enemies":"3 Byrds","floor":19,"turns":8},{"damage":47,"enemies":"Cultist and Chosen","floor":22,"turns":9},{"damage":64,"enemies":"Sentry and Sphere","floor":24,"turns":8},{"damage":65,"enemies":"Gremlin Leader","floor":28,"turns":8},{"damage":28,"enemies":"Shelled Parasite and Fungi","floor":30,"turns":6},{"damage":56,"enemies":"Automaton","floor":33,"turns":6}],"seed_played":"-7119905670889547715","potions_obtained":[{"floor":7,"key":"Poison Potion"},{"floor":8,"key":"LiquidBronze"},{"floor":18,"key":"Swift Potion"},{"floor":19,"key":"FearPotion"},{"floor":24,"key":"Fire Potion"}],"is_trial":false,"path_per_floor":["M","?","?","$","T","R","M","M","T","M","$","R","M","$","R","B",null,"M","M","?","$","M","R","M","R","T","R","E","R","M","$","R","B"],"character_chosen":"IRONCLAD","items_purchased":["Chrysalis","Shrug It Off","Iron Wave+1","Potion Belt","Weak Potion"],"campfire_rested":7,"item_purchase_floors":[4,4,11,21,31],"current_hp_per_floor":[72,39,23,23,23,47,46,44,44,50,50,50,35,35,59,54,74,52,49,49,49,32,56,11,35,35,59,17,41,25,25,50,0],"gold":45,"neow_bonus":"HUNDRED_GOLD","is_prod":false,"is_daily":false,"chose_seed":false,"campfire_upgraded":1,"win_rate":0,"timestamp":1548188739,"path_taken":["M","?","?","$","?","R","M","M","T","?","?","R","M","$","R","BOSS","M","M","?","$","?","R","M","R","T","R","E","R","M","$","R","BOSS"],"build_version":"2019-01-17v2","purchased_purges":1,"victory":false,"max_hp_per_floor":[80,80,80,80,80,80,80,80,80,80,80,80,80,80,80,80,80,80,80,80,80,80,80,80,80,80,80,82,82,84,84,84,84],"card_choices":[{"not_picked":["Evolve","Warcry"],"picked":"Iron Wave","floor":1},{"not_picked":["Warcry","Pommel Strike","Havoc"],"picked":"SKIP","floor":7},{"not_picked":["Clash","True Grit"],"picked":"Dual Wield","floor":8},{"not_picked":["Havoc","Spot Weakness"],"picked":"Anger+1","floor":10},{"not_picked":["Fire Breathing","Blood for Blood+1"],"picked":"Reaper+1","floor":13},{"not_picked":["Dark Embrace","Bludgeon+1"],"picked":"Demon Form","floor":16},{"not_picked":["Shrug It Off","Cleave+1"],"picked":"Rage","floor":18},{"not_picked":["Perfected Strike+1","Armaments","Flame Barrier"],"picked":"SKIP","floor":19},{"not_picked":["Armaments","Reckless Charge+1","Flame Barrier"],"picked":"SKIP","floor":22},{"not_picked":["Inflame","Entrench","Sentinel"],"picked":"SKIP","floor":24},{"not_picked":["Flex","Sentinel","Heavy Blade+1"],"picked":"Singing Bowl","floor":28},{"not_picked":["Havoc","Cleave+1","Second Wind"],"picked":"Singing Bowl","floor":30}],"player_experience":298186,"relics_obtained":[{"floor":5,"key":"Kunai"},{"floor":9,"key":"Molten Egg 2"},{"floor":26,"key":"Singing Bowl"},{"floor":28,"key":"Bag of Preparation"}],"event_choices":[{"damage_healed":0,"gold_gain":0,"player_choice":"Success","damage_taken":33,"relics_obtained":["Tiny Chest"],"max_hp_gain":0,"max_hp_loss":0,"event_name":"Scrap Ooze","floor":2,"gold_loss":0},{"damage_healed":0,"gold_gain":0,"player_choice":"Entered Light","damage_taken":16,"max_hp_gain":0,"max_hp_loss":0,"event_name":"Shining Light","floor":3,"gold_loss":0,"cards_upgraded":["Defend_R","Defend_R"]},{"cards_removed":["Defend_R"],"damage_healed":0,"gold_gain":0,"player_choice":"Purged","damage_taken":0,"max_hp_gain":0,"max_hp_loss":0,"event_name":"Purifier","floor":20,"gold_loss":0}],"is_beta":false,"boss_relics":[{"not_picked":["Calling Bell","Velvet Choker"],"picked":"Black Blood"}],"items_purged_floors":[11],"is_endless":false,"potions_floor_spawned":[7,8,18,19,24],"killed_by":"Automaton","ascension_level":12}