{"gold_per_floor":[115,115,115,135,152,152,125,148,148,182,92,109,75,94,94,190,190,206,131,46,56,70,70,85,103,126,145,174,192,60,75,75,75],"floor_reached":33,"playtime":3600,"items_purged":[],"score":393,"play_id":"32e24e66-add7-4f85-97a9-3271931966da","local_time":"20180903214522","is_ascension_mode":true,"campfire_choices":[{"floor":6,"key":"REST"},{"data":"Strike_B","floor":15,"key":"PURGE"},{"floor":23,"key":"REST"},{"floor":32,"key":"REST"}],"neow_cost":"PERCENT_DAMAGE","seed_source_timestamp":243004324512093,"circlet_count":0,"master_deck":["Strike_B","Defend_B","Defend_B","Defend_B","Defend_B","Zap","Dualcast","Cold Snap","Skim","Coolheaded","Static Discharge","FTL","Self Repair","Static Discharge","Redo","Echo Form","Cold Snap","Stack+1","Redo+1","Auto Shields+1","Fusion+1","Capacitor+1","Leap+1","Streamline+1","Static Discharge","PanicButton+1","Rainbow+1"],"relics":["Cracked Core","Peace Pipe","DataDisk","Blood Vial","Ginger","Bird Faced Urn","Snecko Eye","Toxic Egg 2","Centennial Puzzle","Turnip"],"potions_floor_usage":[12,16,29,33,33],"damage_taken":[{"damage":0,"enemies":"2 Louse","floor":1,"turns":2},{"damage":6,"enemies":"Jaw Worm","floor":4,"turns":4},{"damage":1,"enemies":"Cultist","floor":5,"turns":3},{"damage":23,"enemies":"3 Sentries","floor":10,"turns":9},{"damage":17,"enemies":"Lots of Slimes","floor":12,"turns":2},{"damage":5,"enemies":"3 Louse","floor":14,"turns":5},{"damage":41,"enemies":"The Guardian","floor":16,"turns":16},{"damage":27,"enemies":"Shell Parasite","floor":18,"turns":12},{"damage":22,"enemies":"2 Thieves","floor":21,"turns":3},{"damage":26,"enemies":"Sentry and Sphere","floor":22,"turns":10},{"damage":41,"enemies":"Cultist and Chosen","floor":24,"turns":5},{"damage":20,"enemies":"Snake Plant","floor":25,"turns":6},{"damage":4,"enemies":"Snecko","floor":27,"turns":10},{"damage":37,"enemies":"Book of Stabbing","floor":28,"turns":7},{"damage":22,"enemies":"Shelled Parasite and Fungi","floor":29,"turns":8},{"damage":25,"enemies":"Cultist and Chosen","floor":31,"turns":5},{"damage":63,"enemies":"Champ","floor":33,"turns":13}],"seed_played":"2271527016451437999","potions_obtained":[{"floor":4,"key":"SpeedPotion"},{"floor":14,"key":"FearPotion"},{"floor":24,"key":"LiquidBronze"},{"floor":28,"key":"SkillPotion"},{"floor":29,"key":"Strength Potion"},{"floor":31,"key":"Regen Potion"}],"is_trial":false,"path_per_floor":["M","?","?","M","M","R","?","T","T","E","$","M","$","M","R","B",null,"M","?","?","M","M","R","M","M","T","M","E","M","$","M","R"],"character_chosen":"DEFECT","items_purchased":["FTL","PowerPotion","Static Discharge","Static Discharge","PanicButton+1"],"campfire_rested":3,"item_purchase_floors":[11,11,13,30,30],"current_hp_per_floor":[50,43,43,37,36,58,58,58,58,37,37,26,26,36,36,10,59,49,49,49,42,31,53,38,26,26,37,17,23,23,17,39,0],"gold":75,"neow_bonus":"ONE_RARE_RELIC","is_prod":false,"is_daily":false,"chose_seed":false,"campfire_upgraded":0,"win_rate":0,"timestamp":1536003922,"path_taken":["M","?","?","M","?","R","?","?","T","E","$","M","$","M","R","BOSS","M","?","?","M","?","R","M","?","T","M","E","M","$","?","R","BOSS"],"build_version":"2018-08-30","purchased_purges":0,"victory":false,"max_hp_per_floor":[75,75,75,75,75,75,75,75,75,75,75,75,75,75,75,75,75,75,75,75,75,75,75,75,75,75,75,75,75,75,75,75,75],"card_choices":[{"not_picked":["Rebound","Blizzard"],"picked":"Cold Snap","floor":1},{"not_picked":["Steam Power","Blizzard"],"picked":"Skim","floor":4},{"not_picked":["FTL","Barrage"],"picked":"Coolheaded","floor":5},{"not_picked":["Streamline","Barrage"],"picked":"Static Discharge","floor":10},{"not_picked":["Storm","Hologram"],"picked":"Self Repair","floor":12},{"not_picked":["Reprogram","Go for the Eyes"],"picked":"Redo","floor":14},{"not_picked":["Meteor Strike","Core Surge"],"picked":"Echo Form","floor":16},{"not_picked":["Redo","Coolheaded"],"picked":"Cold Snap","floor":18},{"not_picked":["Go for the Eyes+1","Rebound+1"],"picked":"Stack+1","floor":21},{"not_picked":["Heatsinks","Compile Driver"],"picked":"Redo+1","floor":22},{"not_picked":["Double Energy+1","Rebound+1"],"picked":"Auto Shields+1","floor":24},{"not_picked":["Gash+1","Go for the Eyes+1"],"picked":"Fusion+1","floor":25},{"not_picked":["Rip and Tear","Seek+1"],"picked":"Capacitor+1","floor":27},{"not_picked":["Scrape","Barrage"],"picked":"Leap+1","floor":28},{"not_picked":["Go for the Eyes","Rebound"],"picked":"Streamline+1","floor":29},{"not_picked":["Turbo+1","Gash"],"picked":"Rainbow+1","floor":31}],"player_experience":968496,"relics_obtained":[{"floor":3,"key":"DataDisk"},{"floor":8,"key":"Blood Vial"},{"floor":9,"key":"Ginger"},{"floor":10,"key":"Bird Faced Urn"},{"floor":26,"key":"Centennial Puzzle"},{"floor":28,"key":"Turnip"}],"event_choices":[{"event_name":"Golden Wing","player_choice":"Card Removal","floor":2,"damage_taken":0},{"event_name":"Wheel of Change","player_choice":"Relic","floor":3,"damage_taken":0},{"event_name":"World of Goop","player_choice":"Left","floor":7,"damage_taken":0},{"event_name":"Beggar","player_choice":"Gave Gold","floor":19,"damage_taken":0},{"event_name":"Addict","player_choice":"Obtained Relic","floor":20,"damage_taken":0}],"is_beta":false,"boss_relics":[{"not_picked":["Lizard Tail","Eternal Feather"],"picked":"Snecko Eye"}],"items_purged_floors":[],"is_endless":false,"potions_floor_spawned":[4,14,24,28,29,31],"killed_by":"Champ","ascension_level":9}