{"gold_per_floor":[114,214,214,227,239,272,272,287,342,342,342,407,407,199,199,323,323,348,348,273,293,293],"floor_reached":22,"playtime":811,"items_purged":[],"score":278,"play_id":"07296a2c-cd24-4021-9bf4-51111496ecd4","local_time":"20180831185558","is_ascension_mode":true,"campfire_choices":[{"data":"Unload","floor":7.0,"key":"SMITH"},{"floor":10.0,"key":"REST"},{"data":"Terror","floor":15.0,"key":"SMITH"}],"neow_cost":"NONE","seed_source_timestamp":867815203262428,"circlet_count":0,"master_deck":["Defend_G","Defend_G","Defend_G","Defend_G","Defend_G","Strike_G","Strike_G","Strike_G","Strike_G","Survivor","Neutralize","Dagger Spray","Unload+1","PiercingWail","Backflip","Footwork","Terror+1","Venomology","Dodge and Roll","Acrobatics"],"special_seed":0,"relics":["Philosopher\u0027s Stone","Bottled Flame","Bag of Preparation","Bloody Idol","Tiny Chest","Bottled Tornado","Lee\u0027s Waffle","Busted Crown"],"potions_floor_usage":[21],"damage_taken":[{"damage":0.0,"enemies":"2 Louse","floor":1.0,"turns":4.0},{"damage":0.0,"enemies":"Cultist","floor":4.0,"turns":3.0},{"damage":0.0,"enemies":"Small Slimes","floor":5.0,"turns":2.0},{"damage":10.0,"enemies":"3 Sentries","floor":6.0,"turns":8.0},{"damage":24.0,"enemies":"Gremlin Gang","floor":8.0,"turns":5.0},{"damage":5.0,"enemies":"Lagavulin","floor":12.0,"turns":9.0},{"damage":66.0,"enemies":"Hexaghost","floor":16.0,"turns":12.0},{"damage":16,"enemies":"Chosen","floor":18,"turns":7},{"damage":20,"enemies":"Spheric Guardian","floor":21,"turns":6},{"damage":44,"enemies":"Cultist and Chosen","floor":22,"turns":10}],"seed_played":"5964307961267743913","potions_obtained":[{"floor":4.0,"key":"Poison Potion"},{"floor":5.0,"key":"Dexterity Potion"},{"floor":6.0,"key":"Block Potion"},{"floor":18,"key":"Ancient Potion"}],"is_trial":false,"path_per_floor":["M","?","?","M","M","E","R","M","T","R","?","E","T","$","R","B",null,"M","?","$","M"],"character_chosen":"THE_SILENT","items_purchased":["Lee\u0027s Waffle","Dodge and Roll","Block Potion"],"campfire_rested":1,"item_purchase_floors":[14,20,20],"current_hp_per_floor":[63,63,63,63,63,53,53,29,29,50,50,45,45,72,72,6,56,40,40,40,25,0],"gold":293,"neow_bonus":"BOSS_RELIC","is_prod":false,"is_daily":false,"chose_seed":false,"campfire_upgraded":2,"win_rate":0,"timestamp":1535734558,"path_taken":["M","?","?","?","M","E","R","M","T","R","?","E","?","?","R","BOSS","M","?","$","M","M"],"build_version":"2018-08-30","purchased_purges":0,"victory":false,"max_hp_per_floor":[70,70,70,70,70,70,70,70,70,70,65,65,65,72,72,72,72,72,72,72,72,72],"card_choices":[{"not_picked":["PiercingWail","Bouncing Flask"],"picked":"Dagger Spray","floor":1.0},{"not_picked":["Acrobatics","Blade Dance","Wraith Form v2"],"picked":"SKIP","floor":4.0},{"not_picked":["Prepared","Poisoned Stab"],"picked":"PiercingWail","floor":5.0},{"not_picked":["Setup","Crippling Poison"],"picked":"Backflip","floor":6.0},{"not_picked":["Setup","Sucker Punch"],"picked":"Footwork","floor":8.0},{"not_picked":["Grand Finale","Slice"],"picked":"Terror","floor":12.0},{"not_picked":["Envenom","Phantasmal Killer"],"picked":"Venomology","floor":16.0},{"not_picked":["Blade Dance"],"picked":"SKIP","floor":18},{"not_picked":[],"picked":"Acrobatics","floor":21}],"player_experience":942865,"relics_obtained":[{"floor":6.0,"key":"Bottled Flame"},{"floor":9.0,"key":"Bag of Preparation"},{"floor":12.0,"key":"Tiny Chest"},{"floor":13.0,"key":"Bottled Tornado"}],"event_choices":[{"event_name":"Wheel of Change","player_choice":"Gold","floor":2.0,"damage_taken":0.0},{"event_name":"Transmorgrifier","player_choice":"Transform","floor":3.0,"damage_taken":0.0},{"event_name":"Golden Idol","player_choice":"Lose Max HP","floor":11.0,"damage_taken":0.0},{"event_name":"Forgotten Altar","player_choice":"Gave Idol","floor":19,"damage_taken":0}],"is_beta":false,"boss_relics":[{"not_picked":["WristBlade","Snecko Eye"],"picked":"Busted Crown"}],"items_purged_floors":[],"is_endless":false,"potions_floor_spawned":[4,5,6,18],"killed_by":"Cultist and Chosen","ascension_level":9}