{"gold_per_floor":[119,132,151,151,23,23,42,42,42,59,9,9,19,31,31,135,135,149,149,160,160,91,91,91,111,164,164,175,102,102,117,117,217,217,227,247,247,247,258,258,358,385,412,412,423,457,23,34,34,34],"floor_reached":51,"playtime":8245,"items_purged":["Writhe","Parasite"],"score":1122,"play_id":"c0995e85-e860-4d99-ab74-528d10eb0b24","local_time":"20190205210245","is_ascension_mode":true,"campfire_choices":[{"data":"Dualcast","floor":6.0,"key":"SMITH"},{"data":"Go for the Eyes","floor":8.0,"key":"SMITH"},{"data":"White Noise","floor":12.0,"key":"SMITH"},{"floor":15.0,"key":"REST"},{"data":"Defragment","floor":23.0,"key":"SMITH"},{"data":"Defragment","floor":30.0,"key":"SMITH"},{"floor":32.0,"key":"REST"},{"data":"Capacitor","floor":40.0,"key":"SMITH"},{"data":"Coolheaded","floor":44.0,"key":"SMITH"},{"floor":49,"key":"REST"}],"neow_cost":"CURSE","seed_source_timestamp":0,"circlet_count":0,"master_deck":["AscendersBane","Zap+1","Dualcast+1","FTL+1","Go for the Eyes+1","Coolheaded","White Noise+1","Go for the Eyes","Reboot","Glacier","Force Field","Force Field","Go for the Eyes","Beam Cell+1","Coolheaded+1","Hologram+1","Defragment+1","Capacitor+1","Beam Cell+1","Defragment+1","Creative AI","Coolheaded+1","Capacitor+1","Echo Form","Reprogram+1"],"special_seed":0,"relics":["Cracked Core","Du-Vu Doll","Pandora\u0027s Box","Happy Flower","Cursed Key","Ice Cream","Gambling Chip","Bronze Scales","MawBank","Whetstone","Lantern"],"potions_floor_usage":[45,50,50],"damage_taken":[{"damage":0.0,"enemies":"2 Louse","floor":1.0,"turns":3.0},{"damage":1.0,"enemies":"Cultist","floor":2.0,"turns":3.0},{"damage":8.0,"enemies":"Small Slimes","floor":3.0,"turns":3.0},{"damage":0.0,"enemies":"2 Fungi Beasts","floor":7.0,"turns":3.0},{"damage":4.0,"enemies":"3 Louse","floor":10.0,"turns":3.0},{"damage":10.0,"enemies":"Blue Slaver","floor":13.0,"turns":3.0},{"damage":9.0,"enemies":"Exordium Wildlife","floor":14.0,"turns":4.0},{"damage":21.0,"enemies":"Hexaghost","floor":16.0,"turns":8.0},{"damage":0.0,"enemies":"Chosen","floor":18.0,"turns":4.0},{"damage":12.0,"enemies":"Shell Parasite","floor":20.0,"turns":6.0},{"damage":0.0,"enemies":"Cultist and Chosen","floor":25.0,"turns":8.0},{"damage":7.0,"enemies":"Shelled Parasite and Fungi","floor":28.0,"turns":7.0},{"damage":15.0,"enemies":"Snake Plant","floor":31.0,"turns":4.0},{"damage":0.0,"enemies":"Champ","floor":33.0,"turns":11.0},{"damage":19.0,"enemies":"3 Darklings","floor":35.0,"turns":6.0},{"damage":0.0,"enemies":"Orb Walker","floor":36.0,"turns":4.0},{"damage":0.0,"enemies":"Sphere and 2 Shapes","floor":39.0,"turns":7.0},{"damage":0.0,"enemies":"Mind Bloom Boss Battle","floor":41.0,"turns":8.0},{"damage":0.0,"enemies":"Nemesis","floor":42.0,"turns":9.0},{"damage":3,"enemies":"4 Shapes","floor":45,"turns":5},{"damage":36,"enemies":"Reptomancer","floor":46,"turns":6},{"damage":18,"enemies":"3 Darklings","floor":48,"turns":5},{"damage":8,"enemies":"Donu and Deca","floor":50,"turns":9}],"seed_played":"-733715026434530167","potions_obtained":[{"floor":1.0,"key":"FocusPotion"},{"floor":7.0,"key":"LiquidBronze"},{"floor":20.0,"key":"Block Potion"},{"floor":25.0,"key":"Explosive Potion"},{"floor":31.0,"key":"Fire Potion"},{"floor":36.0,"key":"LiquidBronze"},{"floor":48,"key":"SteroidPotion"}],"is_trial":false,"path_per_floor":["M","M","M","?","$","R","M","R","T","M","?","R","M","M","R","B",null,"M","?","M","?","$","R","?","M","T","$","M","$","R","M","R","B",null,"M","M","?","?","M","R","?","E","T","R","M","E","$","M","R","B",null],"character_chosen":"DEFECT","items_purchased":["Coolheaded","Defragment","Defragment","Whetstone","Poison Potion","Lantern"],"campfire_rested":3,"item_purchase_floors":[5,22,29,47,47,47],"current_hp_per_floor":[82,81,73,73,73,73,73,73,73,69,69,69,59,50,76,55,81,81,81,69,69,69,69,69,69,69,69,62,62,62,47,73,73,85,66,66,66,66,66,66,66,66,66,66,63,27,27,9,34,26],"gold":34,"neow_bonus":"TWENTY_PERCENT_HP_BONUS","is_prod":false,"is_daily":false,"chose_seed":false,"campfire_upgraded":7,"win_rate":0,"timestamp":1549368165,"path_taken":["M","M","M","?","$","R","?","R","T","M","?","R","M","M","R","BOSS","M","?","?","?","$","R","?","M","T","$","M","?","R","M","R","BOSS","M","M","?","?","?","R","?","E","T","R","M","E","$","M","R","BOSS"],"build_version":"2019-01-23","purchased_purges":2,"victory":true,"max_hp_per_floor":[89,89,89,89,89,89,89,89,89,89,89,89,89,89,89,89,89,89,89,89,89,89,89,89,89,89,89,89,89,89,89,89,89,89,89,89,89,89,89,89,89,89,89,89,89,89,86,86,86,86],"card_choices":[{"not_picked":["Stack","Redo"],"picked":"FTL","floor":1.0},{"not_picked":["Turbo","Barrage","Aggregate"],"picked":"SKIP","floor":2.0},{"not_picked":["Recycle","Ball Lightning"],"picked":"Go for the Eyes","floor":3.0},{"not_picked":["Melter","Heatsinks"],"picked":"Hologram","floor":7.0},{"not_picked":["Skim","Hologram"],"picked":"White Noise","floor":10.0},{"not_picked":["Beam Cell","Hyperbeam"],"picked":"Go for the Eyes","floor":13.0},{"not_picked":["Streamline","Go for the Eyes","Beam Cell"],"picked":"SKIP","floor":14.0},{"not_picked":["Amplify","Multi-Cast"],"picked":"Reboot","floor":16.0},{"not_picked":["Go for the Eyes+1","Tempest"],"picked":"Coolheaded","floor":18.0},{"not_picked":["Aggregate","Hello World"],"picked":"Hologram+1","floor":20.0},{"not_picked":["Hologram","Gash"],"picked":"Beam Cell+1","floor":25.0},{"not_picked":["Biased Cognition","Gash+1","Beam Cell"],"picked":"SKIP","floor":28.0},{"not_picked":["Beam Cell","Turbo+1","Streamline"],"picked":"SKIP","floor":31.0},{"not_picked":["Machine Learning","Multi-Cast"],"picked":"Creative AI","floor":33.0},{"not_picked":["Barrage","Streamline","Redo"],"picked":"SKIP","floor":35.0},{"not_picked":["Scrape","Hologram"],"picked":"Coolheaded+1","floor":36.0},{"not_picked":["Rebound+1","Aggregate+1","Tempest+1"],"picked":"SKIP","floor":39.0},{"not_picked":["Conserve Battery","Compile Driver"],"picked":"Capacitor+1","floor":41.0},{"not_picked":["Ball Lightning","BootSequence","Hello World"],"picked":"SKIP","floor":42.0},{"not_picked":["Capacitor+1","Ball Lightning+1"],"picked":"Echo Form","floor":45},{"not_picked":["Chaos+1","Echo Form"],"picked":"Reprogram+1","floor":46},{"not_picked":["Go for the Eyes","Ball Lightning+1","Beam Cell+1"],"picked":"SKIP","floor":48}],"player_experience":511912,"relics_obtained":[{"floor":9.0,"key":"Du-Vu Doll"},{"floor":26.0,"key":"Happy Flower"},{"floor":41.0,"key":"Ice Cream"},{"floor":42.0,"key":"Gambling Chip"},{"floor":43.0,"key":"Bronze Scales"},{"floor":46,"key":"MawBank"}],"event_choices":[{"damage_healed":0.0,"max_hp_gain":0.0,"max_hp_loss":0.0,"gold_gain":0.0,"event_name":"Upgrade Shrine","player_choice":"Upgraded","floor":4.0,"gold_loss":0.0,"damage_taken":0.0,"cards_upgraded":["Zap"]},{"cards_removed":["Strike_B"],"damage_healed":0.0,"max_hp_gain":0.0,"max_hp_loss":0.0,"gold_gain":0.0,"event_name":"The Cleric","player_choice":"Card Removal","floor":11.0,"gold_loss":50.0,"damage_taken":0.0},{"cards_removed":["Multi-Cast"],"damage_healed":0.0,"max_hp_gain":0.0,"max_hp_loss":0.0,"gold_gain":0.0,"event_name":"Wheel of Change","player_choice":"Card Removal","floor":19.0,"gold_loss":0.0,"damage_taken":0.0},{"cards_removed":["Recycle"],"damage_healed":0.0,"max_hp_gain":0.0,"max_hp_loss":0.0,"gold_gain":0.0,"event_name":"Back to Basics","player_choice":"Elegance","floor":21.0,"gold_loss":0.0,"damage_taken":0.0},{"damage_healed":0.0,"max_hp_gain":0.0,"max_hp_loss":0.0,"gold_gain":0.0,"event_name":"The Library","player_choice":"Read","floor":24.0,"gold_loss":0.0,"damage_taken":0.0,"cards_obtained":["Capacitor"]},{"damage_healed":0.0,"max_hp_gain":0.0,"max_hp_loss":0.0,"gold_gain":0.0,"event_name":"Tomb of Lord Red Mask","player_choice":"Ignored","floor":37.0,"gold_loss":0.0,"damage_taken":0.0},{"cards_removed":["Hologram"],"damage_healed":0.0,"max_hp_gain":0.0,"max_hp_loss":0.0,"gold_gain":0.0,"event_name":"Wheel of Change","player_choice":"Card Removal","floor":38.0,"gold_loss":0.0,"damage_taken":0.0},{"damage_healed":0.0,"max_hp_gain":0.0,"max_hp_loss":0.0,"gold_gain":0.0,"event_name":"MindBloom","player_choice":"Fight","floor":41.0,"gold_loss":0.0,"damage_taken":0.0}],"is_beta":false,"boss_relics":[{"not_picked":["Calling Bell","White Beast Statue"],"picked":"Pandora\u0027s Box"},{"not_picked":["Philosopher\u0027s Stone","FrozenCore"],"picked":"Cursed Key"}],"items_purged_floors":[5,47],"is_endless":false,"potions_floor_spawned":[1,7,10,14,20,25,31,33,36,39,42,48],"ascension_level":11}