{"gold_per_floor":[362,376,102,102,118,145,145,174,201,233,253,253,272,294,294,366,366,383,403,437,437,455,470,470],"floor_reached":24,"playtime":833,"items_purged":[],"score":536,"play_id":"a405d1bf-1dfc-438c-b1f2-a4f52368cf95","local_time":"20181218131302","is_ascension_mode":true,"campfire_choices":[{"data":"Defragment","floor":7.0,"key":"SMITH"},{"floor":12.0,"key":"REST"},{"floor":15,"key":"REST"}],"neow_cost":"PERCENT_DAMAGE","seed_source_timestamp":48211458877527,"circlet_count":0,"master_deck":["AscendersBane","Strike_B","Strike_B","Strike_B","Strike_B","Defend_B","Defend_B","Defend_B","Defend_B","Zap","Dualcast","Ball Lightning","Sweeping Beam","Go for the Eyes","Conserve Battery","Defragment+1","Loop","Ball Lightning","FTL","Creative AI","Glacier","Ball Lightning","Coolheaded+1","Glacier"],"special_seed":0,"relics":["Cracked Core","Runic Capacitor","Bag of Marbles","Pen Nib","DataDisk","Blood Vial","Odd Mushroom","Nuclear Battery","Red Mask"],"potions_floor_usage":[14,19,19,24],"damage_taken":[{"damage":12.0,"enemies":"Jaw Worm","floor":1.0,"turns":3.0},{"damage":0.0,"enemies":"2 Louse","floor":2.0,"turns":2.0},{"damage":0.0,"enemies":"Cultist","floor":5.0,"turns":3.0},{"damage":10.0,"enemies":"3 Sentries","floor":6.0,"turns":3.0},{"damage":8.0,"enemies":"Gremlin Nob","floor":8.0,"turns":3.0},{"damage":27.0,"enemies":"3 Sentries","floor":10.0,"turns":4.0},{"damage":12.0,"enemies":"Large Slime","floor":11.0,"turns":4.0},{"damage":6.0,"enemies":"Looter","floor":13.0,"turns":3.0},{"damage":0,"enemies":"The Mushroom Lair","floor":14,"turns":2},{"damage":0,"enemies":"Slime Boss","floor":16,"turns":5},{"damage":20,"enemies":"Shell Parasite","floor":18,"turns":4},{"damage":25,"enemies":"2 Thieves","floor":19,"turns":3},{"damage":10,"enemies":"Masked Bandits","floor":20,"turns":3},{"damage":14,"enemies":"Centurion and Healer","floor":22,"turns":6},{"damage":0,"enemies":"Snecko","floor":23,"turns":4},{"damage":11,"enemies":"Snake Plant","floor":24,"turns":3}],"seed_played":"-5741114382070500549","potions_obtained":[{"floor":1.0,"key":"Poison Potion"},{"floor":2.0,"key":"PowerPotion"},{"floor":10.0,"key":"Strength Potion"},{"floor":13.0,"key":"EntropicBrew"},{"floor":16,"key":"GamblersBrew"}],"is_trial":false,"path_per_floor":["M","M","$","?","M","E","R","E","T","E","M","R","M","M","?","R","B",null,"M","M","?","?","M","M","M"],"character_chosen":"DEFECT","items_purchased":["Runic Capacitor","Go for the Eyes"],"campfire_rested":2,"item_purchase_floors":[3,3],"current_hp_per_floor":[34,34,34,57,57,47,47,39,39,12,2,23,19,21,42,44,64,46,23,15,15,3,5,0],"gold":470,"neow_bonus":"TWO_FIFTY_GOLD","is_prod":false,"is_daily":false,"chose_seed":false,"campfire_upgraded":1,"win_rate":0,"timestamp":1545156782,"path_taken":["M","M","$","?","M","E","R","E","T","E","M","R","M","?","R","BOSS","M","M","?","?","?","M","M"],"build_version":"2018-12-17","purchased_purges":0,"victory":false,"max_hp_per_floor":[71,71,71,71,71,71,71,71,71,71,71,71,71,71,71,71,71,71,71,71,71,71,71,71],"card_choices":[{"not_picked":["Capacitor","Coolheaded"],"picked":"Ball Lightning","floor":1.0},{"not_picked":["Fusion","Skim"],"picked":"Sweeping Beam","floor":2.0},{"not_picked":["Blizzard","Beam Cell"],"picked":"Conserve Battery","floor":5.0},{"not_picked":["Steam","Amplify"],"picked":"Defragment","floor":6.0},{"not_picked":["Reprogram","Hologram"],"picked":"Loop","floor":8.0},{"not_picked":["Storm","Meteor Strike","Go for the Eyes"],"picked":"SKIP","floor":10.0},{"not_picked":["Redo","Gash"],"picked":"Ball Lightning","floor":11.0},{"not_picked":["Steam","Aggregate"],"picked":"FTL","floor":13.0},{"not_picked":["Thunder Strike","Machine Learning"],"picked":"Creative AI","floor":16},{"not_picked":["Gash","Undo"],"picked":"Glacier","floor":18},{"not_picked":["Darkness","Turbo"],"picked":"Ball Lightning","floor":19},{"not_picked":["Gash","Ball Lightning+1"],"picked":"Coolheaded+1","floor":22},{"not_picked":["Auto Shields","Gash"],"picked":"Glacier","floor":23}],"player_experience":1265865,"relics_obtained":[{"floor":6.0,"key":"Bag of Marbles"},{"floor":8.0,"key":"Pen Nib"},{"floor":9.0,"key":"DataDisk"},{"floor":10.0,"key":"Blood Vial"},{"floor":14,"key":"Odd Mushroom"},{"floor":20,"key":"Red Mask"}],"event_choices":[{"damage_healed":23.0,"max_hp_gain":0.0,"max_hp_loss":0.0,"gold_gain":0.0,"event_name":"Big Fish","player_choice":"Banana","floor":4.0,"gold_loss":0.0,"damage_taken":0.0},{"damage_healed":0,"gold_gain":0,"player_choice":"Fought Mushrooms","damage_taken":0,"max_hp_gain":0,"max_hp_loss":0,"event_name":"Mushrooms","floor":14,"gold_loss":0},{"damage_healed":0,"gold_gain":0,"player_choice":"Fought Bandits","damage_taken":0,"max_hp_gain":0,"max_hp_loss":0,"event_name":"Masked Bandits","floor":20,"gold_loss":0},{"damage_healed":0,"gold_gain":0,"player_choice":"Got Potions","damage_taken":0,"max_hp_gain":0,"max_hp_loss":0,"event_name":"Lab","floor":21,"gold_loss":0}],"is_beta":true,"boss_relics":[{"not_picked":["Busted Crown","Sozu"],"picked":"Nuclear Battery"}],"items_purged_floors":[],"is_endless":false,"potions_floor_spawned":[1,2,10,13,16],"killed_by":"Snake Plant","ascension_level":20}