{"path_per_floor":["M","?","M","M","M","R","E","R","T","?","E","$","M","$","R","B",null,"M","?","?","M","?","E","M"],"character_chosen":"THE_SILENT","items_purchased":["Flying Knee","Flying Knee"],"gold_per_floor":[15,15,25,43,63,63,98,98,98,98,132,84,101,78,78,177,207,222,222,222,234,384,410,422,422],"floor_reached":25,"campfire_rested":0,"playtime":8534,"item_purchase_floors":[],"current_hp_per_floor":[61,61,59,59,57,57,50,50,64,64,64,64,56,56,56,21,73,66,89,89,89,89,23,17,14],"items_purged":[],"gold":422,"score":358,"play_id":"c4c24180-f54a-4eed-9e46-d71855bfedb7","local_time":"20180613191449","is_prod":false,"is_daily":false,"chose_seed":false,"is_ascension_mode":true,"campfire_upgraded":3,"win_rate":0,"timestamp":1528910089,"campfire_choices":[{"data":"After Image","floor":6.0,"key":"SMITH"},{"data":"Flechettes","floor":8.0,"key":"SMITH"},{"data":"Footwork","floor":15.0,"key":"SMITH"}],"path_taken":["M","?","M","M","M","R","E","R","T","?","E","?","M","?","R","BOSS","M","?","?","M","?","E","M","E"],"build_version":"2018-06-07v3","seed_source_timestamp":0,"purchased_purges":0,"victory":false,"master_deck":["Defend_G","Defend_G","Defend_G","Defend_G","Strike_G","Strike_G","Strike_G+1","Strike_G","Survivor","Neutralize","Footwork+1","Well Laid Plans","Flechettes+1","After Image+1","Dagger Throw","Backflip","Flying Knee","Deflect","Flying Knee","Die Die Die","Dodge and Roll","Crippling Poison","Normality","Flechettes","Outmaneuver+1","Deadly Poison"],"max_hp_per_floor":[70,70,70,70,70,70,70,70,84,84,84,84,84,84,84,84,89,89,89,89,89,89,89,89,89],"relics":["Ring of the Snake","Ornamental Fan","Mango","Turnip","Tiny House","Regal Pillow","Dream Catcher"],"card_choices":[{"not_picked":["PiercingWail","Calculated Gamble"],"picked":"Footwork","floor":1.0},{"not_picked":["Acrobatics","Deflect"],"picked":"Well Laid Plans","floor":3.0},{"not_picked":["PiercingWail","Outmaneuver"],"picked":"Flechettes","floor":4.0},{"not_picked":["Bane","Noxious Fumes"],"picked":"After Image","floor":5.0},{"not_picked":["Prepared","Underhanded Strike"],"picked":"Dagger Throw","floor":7.0},{"not_picked":["Caltrops","Footwork"],"picked":"Backflip","floor":11.0},{"not_picked":["Flying Knee","Slice"],"picked":"Deflect","floor":13.0},{"not_picked":["A Thousand Cuts","Doppelganger"],"picked":"Die Die Die","floor":16.0},{"not_picked":["Poisoned Stab","Outmaneuver"],"picked":"Dodge and Roll","floor":17.0},{"not_picked":["Backflip","Slice"],"picked":"Crippling Poison","floor":18.0},{"not_picked":["Distraction","Acrobatics"],"picked":"Flechettes","floor":21},{"not_picked":["Riddle With Holes","Slice"],"picked":"Outmaneuver+1","floor":23},{"not_picked":["Masterful Stab","Infinite Blades"],"picked":"Deadly Poison","floor":24}],"player_experience":671616,"potions_floor_usage":[23,23,25],"damage_taken":[{"damage":2.0,"enemies":"Jaw Worm","floor":1.0,"turns":5.0},{"damage":2.0,"enemies":"Small Slimes","floor":3.0,"turns":4.0},{"damage":0.0,"enemies":"2 Louse","floor":4.0,"turns":4.0},{"damage":2.0,"enemies":"Blue Slaver","floor":5.0,"turns":4.0},{"damage":7.0,"enemies":"Lagavulin","floor":7.0,"turns":9.0},{"damage":0.0,"enemies":"3 Sentries","floor":11.0,"turns":6.0},{"damage":8.0,"enemies":"Lots of Slimes","floor":13.0,"turns":5.0},{"damage":35.0,"enemies":"Hexaghost","floor":16.0,"turns":16.0},{"damage":7.0,"enemies":"Shell Parasite","floor":18.0,"turns":8.0},{"damage":0.0,"enemies":"Spheric Guardian","floor":21.0,"turns":4.0},{"damage":66,"enemies":"Slavers","floor":23,"turns":9},{"damage":6,"enemies":"Centurion and Healer","floor":24,"turns":10},{"damage":3,"enemies":"Gremlin Leader","floor":25,"turns":2}],"relics_obtained":[{"floor":7.0,"key":"Ornamental Fan"},{"floor":9.0,"key":"Mango"},{"floor":11.0,"key":"Turnip"},{"floor":23,"key":"Dream Catcher"}],"event_choices":[{"event_name":"The Cleric","player_choice":"Leave","floor":2.0,"damage_taken":0.0},{"event_name":"The Lab","player_choice":"Got Potions","floor":10.0,"damage_taken":0.0},{"event_name":"Wheel of Change","player_choice":"Full Heal","floor":19.0,"damage_taken":0.0},{"event_name":"Accursed Blacksmith","player_choice":"Rummage","floor":20.0,"damage_taken":0.0},{"event_name":"Nest","player_choice":"Stole From Cult","floor":22,"damage_taken":0}],"boss_relics":[{"not_picked":["Snecko Eye","Runic Dome"],"picked":"Tiny House"}],"items_purged_floors":[],"potions_floor_spawned":[3,4,7,16,24],"seed_played":"520715358917508393","killed_by":"Gremlin Leader","ascension_level":6,"potions_obtained":[{"floor":3.0,"key":"Explosive Potion"},{"floor":4.0,"key":"Poison Potion"},{"floor":7.0,"key":"SteroidPotion"},{"floor":10.0,"key":"Energy Potion"},{"floor":16.0,"key":"GamblersBrew"},{"floor":17.0,"key":"LiquidBronze"},{"floor":24,"key":"Strength Potion"}],"is_trial":false}