{"gold_per_floor":[116,129,129,54,67,67,84,96,120,154,215,215,290,309,309,432,432,456,555,555,568,472,513,513,358,358,358,383,418,431,449,449,449],"floor_reached":33,"playtime":1381,"items_purged":["Pain"],"score":431,"play_id":"ede206d0-f6a4-4f3c-8f12-e99febaa0151","local_time":"20181104152245","is_ascension_mode":true,"campfire_choices":[{"data":"Terror","floor":6.0,"key":"SMITH"},{"data":"Accuracy","floor":15.0,"key":"SMITH"},{"floor":24.0,"key":"REST"},{"floor":27.0,"key":"REST"},{"floor":32.0,"key":"REST"}],"neow_cost":"NONE","seed_source_timestamp":0,"circlet_count":0,"master_deck":["AscendersBane","Defend_G","Defend_G","Defend_G","Defend_G","Defend_G","Strike_G","Strike_G","Strike_G","Strike_G","Strike_G","Survivor","Neutralize","Impatience","Masterful Stab","Terror+1","Cloak And Dagger","Crippling Poison","Accuracy+1","Infinite Blades","Doppelganger","Blade Dance","Deflect","Blade Dance","Backflip","All Out Attack","Blade Dance","Infinite Blades","Accuracy","Backflip","Infinite Blades+1","PiercingWail"],"special_seed":0,"relics":["Ring of the Snake","WarpedTongs","Happy Flower","Lantern","Blood Vial","Golden Idol","Orrery","Ornamental Fan","Regal Pillow","Bronze Scales","Letter Opener","Pen Nib"],"potions_floor_usage":[],"damage_taken":[{"damage":1.0,"enemies":"Jaw Worm","floor":1.0,"turns":3.0},{"damage":0.0,"enemies":"Cultist","floor":2.0,"turns":3.0},{"damage":0.0,"enemies":"2 Louse","floor":5.0,"turns":3.0},{"damage":0.0,"enemies":"Blue Slaver","floor":7.0,"turns":2.0},{"damage":3.0,"enemies":"3 Louse","floor":8.0,"turns":4.0},{"damage":6.0,"enemies":"3 Sentries","floor":10.0,"turns":6.0},{"damage":2.0,"enemies":"3 Sentries","floor":11.0,"turns":7.0},{"damage":0.0,"enemies":"Looter","floor":14.0,"turns":3.0},{"damage":22.0,"enemies":"The Guardian","floor":16.0,"turns":9.0},{"damage":7.0,"enemies":"3 Byrds","floor":18.0,"turns":5.0},{"damage":0.0,"enemies":"Chosen","floor":21.0,"turns":3.0},{"damage":58.0,"enemies":"Slavers","floor":23.0,"turns":5.0},{"damage":18.0,"enemies":"3 Cultists","floor":28.0,"turns":4.0},{"damage":27.0,"enemies":"Gremlin Leader","floor":29.0,"turns":5.0},{"damage":0.0,"enemies":"Centurion and Healer","floor":30.0,"turns":4.0},{"damage":16.0,"enemies":"Cultist and Chosen","floor":31.0,"turns":5.0},{"damage":0,"enemies":"Automaton","floor":33,"turns":1}],"seed_played":"2108773790733095581","potions_obtained":[{"floor":7.0,"key":"Strength Potion"},{"floor":8.0,"key":"EssenceOfSteel"},{"floor":10.0,"key":"Regen Potion"},{"floor":11.0,"key":"Weak Potion"},{"floor":21.0,"key":"FairyPotion"},{"floor":23.0,"key":"Fire Potion"},{"floor":31.0,"key":"EssenceOfSteel"}],"is_trial":false,"path_per_floor":["M","M","?","$","M","R","M","M","T","E","?","?","?","M","R","B",null,"M","?","T","M","$","E","R","$","T","R","M","E","M","M","R","B"],"character_chosen":"THE_SILENT","items_purchased":["Blade Dance","Infinite Blades","Bronze Scales"],"campfire_rested":3,"item_purchase_floors":[22,22,25],"current_hp_per_floor":[62,62,62,62,62,62,62,59,59,53,51,51,40,42,42,22,54,49,49,49,60,60,4,38,38,38,65,47,22,24,10,44,46],"gold":449,"neow_bonus":"RANDOM_COLORLESS","is_prod":false,"is_daily":false,"chose_seed":false,"campfire_upgraded":2,"win_rate":0,"timestamp":1541341365,"path_taken":["M","M","?","$","?","R","M","M","T","E","?","?","?","M","R","BOSS","M","?","?","M","$","E","R","$","T","R","M","E","M","M","R","BOSS"],"build_version":"2018-11-01","purchased_purges":1,"victory":false,"max_hp_per_floor":[70,70,70,70,70,70,70,70,70,70,70,65,65,65,65,65,65,65,65,65,65,65,65,65,65,65,65,65,65,65,65,65,65],"card_choices":[{"not_picked":["Dodge and Roll","Catalyst"],"picked":"Masterful Stab","floor":1.0},{"not_picked":["Deflect","Acrobatics"],"picked":"Terror","floor":2.0},{"not_picked":["Deflect","Dagger Spray"],"picked":"Cloak And Dagger","floor":5.0},{"not_picked":["Masterful Stab","Bouncing Flask","Underhanded Strike"],"picked":"SKIP","floor":7.0},{"not_picked":["Masterful Stab","Bouncing Flask","Underhanded Strike"],"picked":"SKIP","floor":7.0},{"not_picked":["Poisoned Stab","Expertise","Bane"],"picked":"SKIP","floor":8.0},{"not_picked":["Predator","Acrobatics"],"picked":"Crippling Poison","floor":10.0},{"not_picked":["Cloak And Dagger","Infinite Blades"],"picked":"Accuracy","floor":11.0},{"not_picked":["Blade Dance","Crippling Poison"],"picked":"Infinite Blades","floor":14.0},{"not_picked":["Wraith Form v2","Bullet Time"],"picked":"Doppelganger","floor":16.0},{"not_picked":["Outmaneuver","All Out Attack"],"picked":"Blade Dance","floor":17.0},{"not_picked":["Flechettes","Bouncing Flask"],"picked":"Deflect","floor":17.0},{"not_picked":["Slice","Backflip"],"picked":"Blade Dance","floor":17.0},{"not_picked":["Crippling Poison","Bouncing Flask"],"picked":"Backflip","floor":17.0},{"not_picked":["Deadly Poison","Skewer","Quick Slash+1"],"picked":"SKIP","floor":18.0},{"not_picked":["Dagger Spray","Poisoned Stab+1"],"picked":"All Out Attack","floor":21.0},{"not_picked":["Dagger Spray","Deflect","Quick Slash+1"],"picked":"SKIP","floor":23.0},{"not_picked":["Poisoned Stab","Choke+1"],"picked":"Accuracy","floor":28.0},{"not_picked":["Wraith Form v2","Backstab"],"picked":"Backflip","floor":29.0},{"not_picked":["Slice","Dagger Spray"],"picked":"Infinite Blades+1","floor":30.0},{"not_picked":["Expertise+1","Bane"],"picked":"PiercingWail","floor":31.0}],"player_experience":1121693,"relics_obtained":[{"floor":9.0,"key":"Happy Flower"},{"floor":10.0,"key":"Lantern"},{"floor":11.0,"key":"Blood Vial"},{"floor":20.0,"key":"Ornamental Fan"},{"floor":23.0,"key":"Regal Pillow"},{"floor":26.0,"key":"Letter Opener"},{"floor":29.0,"key":"Pen Nib"}],"event_choices":[{"damage_healed":0.0,"max_hp_gain":0.0,"max_hp_loss":0.0,"gold_gain":0.0,"event_name":"Accursed Blacksmith","player_choice":"Rummage","floor":3.0,"gold_loss":0.0,"damage_taken":0.0,"relics_obtained":["WarpedTongs"],"cards_obtained":["Pain"]},{"damage_healed":0.0,"max_hp_gain":0.0,"max_hp_loss":0.0,"gold_gain":0.0,"event_name":"Dead Adventurer","player_choice":"Searched \u00272\u0027 times","floor":11.0,"gold_loss":0.0,"damage_taken":0.0},{"damage_healed":0.0,"max_hp_gain":0.0,"max_hp_loss":5.0,"gold_gain":0.0,"event_name":"Golden Idol","player_choice":"Lose Max HP","floor":12.0,"gold_loss":0.0,"damage_taken":0.0,"relics_obtained":["Golden Idol"]},{"damage_healed":0.0,"max_hp_gain":0.0,"max_hp_loss":0.0,"gold_gain":75.0,"event_name":"World of Goop","player_choice":"Gather Gold","floor":13.0,"gold_loss":0.0,"damage_taken":11.0},{"damage_healed":0.0,"max_hp_gain":0.0,"max_hp_loss":0.0,"gold_gain":99.0,"event_name":"Nest","player_choice":"Stole From Cult","floor":19.0,"gold_loss":0.0,"damage_taken":0.0}],"is_beta":false,"boss_relics":[{"not_picked":["Lizard Tail","Tiny House"],"picked":"Orrery"}],"items_purged_floors":[4],"is_endless":false,"potions_floor_spawned":[7,8,10,11,21,23,31],"killed_by":"Automaton","ascension_level":10}