{"gold_per_floor":[112,112,112,112,123,123,138,154,206,217,217,234,234,246,246,345,345,358,408,426,676,560,560,620,630,678,678,704,754,754],"floor_reached":30,"playtime":2369,"items_purged":["Strike_R"],"score":242,"play_id":"cf07ad0e-546b-4a5c-83d3-9132dcedcd65","local_time":"20181219184318","is_ascension_mode":false,"campfire_choices":[{"data":"Body Slam","floor":6,"key":"SMITH"},{"data":"Iron Wave","floor":11,"key":"SMITH"},{"data":"Defend_R","floor":15,"key":"SMITH"},{"data":"Strike_R","floor":23,"key":"SMITH"},{"floor":27,"key":"REST"}],"neow_cost":"NONE","seed_source_timestamp":9929046186607823,"circlet_count":0,"master_deck":["Strike_R","Strike_R","Strike_R","Strike_R+1","Defend_R+1","Defend_R","Defend_R","Defend_R+1","Bash","Reaper","Seeing Red+1","Body Slam+1","Rampage","Iron Wave+1","Cleave","Rampage","Reaper","Twin Strike","Finesse+1","Rage+1","Flame Barrier","Shrug It Off","RitualDagger"],"relics":["Burning Blood","Orichalcum","SsserpentHead","Velvet Choker","PreservedInsect","War Paint"],"potions_floor_usage":[16,28],"damage_taken":[{"damage":7,"enemies":"Jaw Worm","floor":1,"turns":8},{"damage":1,"enemies":"Cultist","floor":5,"turns":4},{"damage":13,"enemies":"2 Louse","floor":7,"turns":2},{"damage":14,"enemies":"Red Slaver","floor":8,"turns":5},{"damage":15,"enemies":"Gremlin Gang","floor":10,"turns":6},{"damage":18,"enemies":"Large Slime","floor":12,"turns":7},{"damage":5,"enemies":"Exordium Thugs","floor":14,"turns":6},{"damage":76,"enemies":"Hexaghost","floor":16,"turns":13},{"damage":14,"enemies":"Spheric Guardian","floor":18,"turns":4},{"damage":38,"enemies":"2 Thieves","floor":20,"turns":5},{"damage":36,"enemies":"Cultist and Chosen","floor":24,"turns":7},{"damage":33,"enemies":"Snake Plant","floor":25,"turns":6},{"damage":40,"enemies":"Book of Stabbing","floor":28,"turns":6},{"damage":19,"enemies":"Chosen and Byrds","floor":30,"turns":4}],"seed_played":"4292254411675840659","potions_obtained":[{"floor":5,"key":"PowerPotion"},{"floor":7,"key":"SkillPotion"},{"floor":12,"key":"Block Potion"},{"floor":25,"key":"BloodPotion"}],"is_trial":false,"path_per_floor":["M","?","?","$","M","R","M","M","T","M","R","M","?","M","R","B",null,"M","?","M","?","$","R","M","M","T","R","E","?","M"],"character_chosen":"IRONCLAD","items_purchased":["Finesse"],"campfire_rested":1,"item_purchase_floors":[22],"current_hp_per_floor":[80,85,85,85,85,85,78,74,74,73,73,69,69,74,74,8,85,81,81,55,55,55,55,41,18,18,43,21,15,0],"gold":754,"neow_bonus":"ONE_RANDOM_RARE_CARD","is_prod":false,"is_daily":false,"chose_seed":false,"campfire_upgraded":4,"win_rate":0.0,"timestamp":1545241398,"path_taken":["M","?","?","$","M","R","M","?","T","M","R","M","?","M","R","BOSS","M","?","?","?","?","R","?","M","T","R","E","?","M"],"build_version":"2018-12-13","purchased_purges":1,"victory":false,"max_hp_per_floor":[80,85,85,85,85,85,85,85,85,85,85,85,85,85,85,85,85,85,85,85,85,85,85,85,85,85,85,85,85,85],"card_choices":[{"not_picked":["Anger","Sword Boomerang"],"picked":"Seeing Red","floor":1},{"not_picked":["True Grit","Corruption"],"picked":"Body Slam","floor":5},{"not_picked":["Clash","Perfected Strike"],"picked":"Rampage","floor":7},{"not_picked":["Warcry","Metallicize"],"picked":"Iron Wave","floor":8},{"not_picked":["Pummel","Anger"],"picked":"Cleave","floor":10},{"not_picked":["Clothesline","Flex","Anger"],"picked":"SKIP","floor":12},{"not_picked":["Sword Boomerang","Offering"],"picked":"Rampage","floor":14},{"not_picked":["Fiend Fire","Brutality"],"picked":"Reaper","floor":16},{"not_picked":["Entrench","Sword Boomerang","Dual Wield"],"picked":"SKIP","floor":18},{"not_picked":["Body Slam","Sword Boomerang+1"],"picked":"Twin Strike","floor":20},{"not_picked":["Uppercut","Clash"],"picked":"Rage+1","floor":24},{"not_picked":["Shrug It Off","Hemokinesis"],"picked":"Flame Barrier","floor":25},{"not_picked":["Entrench","Pummel+1"],"picked":"Shrug It Off","floor":28}],"player_experience":6538,"relics_obtained":[{"floor":9,"key":"Orichalcum"},{"floor":26,"key":"PreservedInsect"},{"floor":28,"key":"War Paint"}],"event_choices":[{"damage_healed":0,"gold_gain":0,"player_choice":"Donut","damage_taken":0,"max_hp_gain":5,"max_hp_loss":0,"event_name":"Big Fish","floor":2,"gold_loss":0},{"damage_healed":0,"gold_gain":0,"player_choice":"Upgraded","damage_taken":0,"max_hp_gain":0,"max_hp_loss":0,"event_name":"Upgrade Shrine","floor":3,"gold_loss":0,"cards_upgraded":["Seeing Red"]},{"damage_healed":0,"gold_gain":0,"player_choice":"Trade","damage_taken":0,"relics_obtained":["SsserpentHead"],"max_hp_gain":0,"max_hp_loss":0,"event_name":"FaceTrader","floor":13,"gold_loss":0},{"damage_healed":0,"gold_gain":0,"player_choice":"Ignored","damage_taken":0,"max_hp_gain":0,"max_hp_loss":0,"event_name":"N\u0027loth","floor":19,"gold_loss":0},{"damage_healed":0,"gold_gain":250,"player_choice":"Bet on Owner","damage_taken":0,"max_hp_gain":0,"max_hp_loss":0,"event_name":"The Joust","floor":21,"gold_loss":50},{"damage_healed":0,"gold_gain":0,"player_choice":"Joined the Cult","damage_taken":6,"max_hp_gain":0,"max_hp_loss":0,"event_name":"Nest","floor":29,"gold_loss":0,"cards_obtained":["RitualDagger"]}],"is_beta":false,"boss_relics":[{"not_picked":["Astrolabe","White Beast Statue"],"picked":"Velvet Choker"}],"items_purged_floors":[22],"is_endless":false,"potions_floor_spawned":[5,7,12,14,24,25],"killed_by":"Chosen and Byrds","ascension_level":0}