{"gold_per_floor":[109,124,124,196,96,121,396,410,410,429,429,448,58,84,84,185,185,200,200,200,214,229,256,272,297,297,297,326,326,336,366,366,464,464,482,482,153,201,217,217,217,217,217,237,268,284,300,137,137,137],"floor_reached":51,"playtime":2239,"items_purged":["Regret","Decay","Clumsy"],"score":1186,"play_id":"d380d61e-9df3-4808-92d1-c68003df4411","local_time":"20180813133425","is_ascension_mode":true,"campfire_choices":[{"data":"Anger","floor":11.0,"key":"SMITH"},{"floor":15.0,"key":"REST"},{"floor":27.0,"key":"REST"},{"data":"Demon Form","floor":29.0,"key":"SMITH"},{"floor":32.0,"key":"REST"},{"data":"Pummel","floor":40.0,"key":"SMITH"},{"data":"Bash","floor":42.0,"key":"SMITH"},{"data":"Clothesline","floor":49.0,"key":"SMITH"}],"neow_cost":"NONE","seed_source_timestamp":126906291591014,"circlet_count":0,"master_deck":["Strike_R","Strike_R","Strike_R","Strike_R","Defend_R","Defend_R","Bash+1","Anger+1","Shrug It Off","Cleave","Shrug It Off","Clothesline+1","Battle Trance","Warcry","Demon Form+1","Limit Break+1","Reaper","Flame Barrier+1","Armaments+1","Seeing Red+1","Shockwave+1","True Grit+1","Pummel+1","Havoc+1","Ghostly Armor+1","Bludgeon+1","Demon Form+1","Reaper+1","Shockwave+1","Pommel Strike+1","Fire Breathing+1","Enlightenment+1","Dark Shackles+1","Secret Technique+1","Secret Technique+1","True Grit+1","Pommel Strike+1","Injury","Whirlwind+1"],"special_seed":0,"relics":["Burning Blood","Self Forming Clay","Regal Pillow","Mummified Hand","Toxic Egg 2","Bottled Tornado","Cursed Key","Calipers","Ornamental Fan","Strawberry","Molten Egg 2","Frozen Egg 2","Boot","Astrolabe","Orichalcum","StoneCalendar","Singing Bowl","Blue Candle"],"potions_floor_usage":[50,50],"damage_taken":[{"damage":0.0,"enemies":"Cultist","floor":1.0,"turns":2.0},{"damage":7.0,"enemies":"Small Slimes","floor":2.0,"turns":2.0},{"damage":29.0,"enemies":"Gremlin Nob","floor":6.0,"turns":4.0},{"damage":4.0,"enemies":"Jaw Worm","floor":8.0,"turns":2.0},{"damage":19.0,"enemies":"Exordium Wildlife","floor":10.0,"turns":6.0},{"damage":7.0,"enemies":"2 Fungi Beasts","floor":12.0,"turns":4.0},{"damage":25.0,"enemies":"3 Sentries","floor":14.0,"turns":6.0},{"damage":4.0,"enemies":"Hexaghost","floor":16.0,"turns":7.0},{"damage":14.0,"enemies":"2 Thieves","floor":18.0,"turns":4.0},{"damage":4.0,"enemies":"Spheric Guardian","floor":21.0,"turns":4.0},{"damage":35.0,"enemies":"Chosen and Byrds","floor":22.0,"turns":7.0},{"damage":34.0,"enemies":"Gremlin Leader","floor":23.0,"turns":6.0},{"damage":18.0,"enemies":"Snecko","floor":24.0,"turns":5.0},{"damage":43.0,"enemies":"Slavers","floor":25.0,"turns":6.0},{"damage":18.0,"enemies":"Book of Stabbing","floor":28.0,"turns":6.0},{"damage":18.0,"enemies":"Sentry and Sphere","floor":30.0,"turns":4.0},{"damage":16.0,"enemies":"Slavers","floor":31.0,"turns":4.0},{"damage":22.0,"enemies":"Collector","floor":33.0,"turns":5.0},{"damage":34.0,"enemies":"3 Shapes","floor":35.0,"turns":6.0},{"damage":20.0,"enemies":"Flame Bruiser 1 Orb","floor":39.0,"turns":4.0},{"damage":0.0,"floor":41.0,"turns":5.0},{"damage":40.0,"enemies":"Spire Growth","floor":44.0,"turns":5.0},{"damage":8.0,"enemies":"Giant Head","floor":45.0,"turns":6.0},{"damage":2.0,"enemies":"3 Darklings","floor":46.0,"turns":4.0},{"damage":25.0,"enemies":"Sphere and 2 Shapes","floor":47.0,"turns":5.0},{"damage":77,"enemies":"Awakened One","floor":50,"turns":9}],"seed_played":"4860682227735577021","potions_obtained":[{"floor":10.0,"key":"Energy Potion"},{"floor":14.0,"key":"Weak Potion"},{"floor":16.0,"key":"AttackPotion"},{"floor":19.0,"key":"Fire Potion"},{"floor":19.0,"key":"Ancient Potion"},{"floor":19.0,"key":"Energy Potion"},{"floor":23.0,"key":"Weak Potion"},{"floor":25.0,"key":"Energy Potion"},{"floor":33.0,"key":"Ancient Potion"},{"floor":39.0,"key":"AttackPotion"},{"floor":44.0,"key":"Energy Potion"},{"floor":46.0,"key":"LiquidBronze"}],"is_trial":false,"path_per_floor":["M","M","?","T","$","E","?","M","T","M","R","M","$","E","R","B",null,"M","?","?","M","M","E","M","E","T","R","E","R","M","E","R","B",null,"M","?","$","T","M","R","?","R","T","M","E","M","M","$","R","B"],"character_chosen":"IRONCLAD","items_purchased":["Shrug It Off","Cleave","Demon Form","Toxic Egg 2","Secret Technique+1","Fire Potion","Whirlwind+1"],"campfire_rested":3,"item_purchase_floors":[5,5,13,13,37,37,48],"current_hp_per_floor":[78,77,80,80,80,57,57,59,59,46,46,45,45,26,65,67,77,72,72,72,74,56,44,48,42,42,84,72,72,60,50,90,74,86,79,69,69,69,82,82,90,90,90,70,75,96,82,82,82,26],"gold":137,"neow_bonus":"TRANSFORM_CARD","is_prod":false,"is_daily":false,"chose_seed":false,"campfire_upgraded":5,"win_rate":0,"timestamp":1534160065,"path_taken":["M","?","?","?","?","E","?","?","T","M","R","M","$","E","R","BOSS","M","?","?","M","M","E","?","E","T","R","E","R","M","E","R","BOSS","M","?","?","?","M","R","?","R","T","M","E","?","M","?","R","BOSS"],"build_version":"2018-08-09","purchased_purges":3,"victory":true,"max_hp_per_floor":[80,80,80,80,80,80,80,80,80,80,80,80,80,80,80,80,80,83,83,83,83,83,83,83,90,90,90,90,90,90,90,90,90,90,90,90,90,90,90,90,90,90,90,92,94,96,98,98,98,98],"card_choices":[{"not_picked":["Heavy Blade","Headbutt"],"picked":"Clash","floor":1.0},{"not_picked":["Flame Barrier","Warcry"],"picked":"Rage","floor":2.0},{"not_picked":["Twin Strike","Sword Boomerang"],"picked":"Shrug It Off","floor":6.0},{"not_picked":["Wild Strike","Evolve"],"picked":"Clothesline","floor":8.0},{"not_picked":["Flex","Burning Pact"],"picked":"Battle Trance","floor":10.0},{"not_picked":["Heavy Blade","Sword Boomerang"],"picked":"Warcry","floor":12.0},{"not_picked":["Cleave","Wild Strike"],"picked":"Limit Break+1","floor":14.0},{"not_picked":["Limit Break+1","Fiend Fire"],"picked":"Reaper","floor":16.0},{"not_picked":["Inflame","Armaments+1"],"picked":"Flame Barrier+1","floor":18.0},{"not_picked":["Twin Strike","Flame Barrier+1"],"picked":"Armaments+1","floor":21.0},{"not_picked":["Thunderclap","Spot Weakness+1"],"picked":"Seeing Red+1","floor":22.0},{"not_picked":["Hemokinesis","Cleave"],"picked":"Shockwave+1","floor":23.0},{"not_picked":["Carnage","Body Slam+1"],"picked":"True Grit+1","floor":24.0},{"not_picked":["Warcry+1","Pommel Strike"],"picked":"Pummel","floor":25.0},{"not_picked":["Sever Soul+1","Spot Weakness+1"],"picked":"Havoc+1","floor":28.0},{"not_picked":["Flex+1","Sentinel+1"],"picked":"Ghostly Armor+1","floor":30.0},{"not_picked":["Armaments+1","Sword Boomerang+1"],"picked":"Bludgeon+1","floor":31.0},{"not_picked":["Brutality+1","Exhume+1"],"picked":"Demon Form+1","floor":33.0},{"not_picked":["Uppercut+1","Headbutt+1"],"picked":"Fire Breathing+1","floor":35.0},{"not_picked":["Good Instincts+1","Panacea+1"],"picked":"Enlightenment+1","floor":36.0},{"not_picked":["Trip+1","Blind+1"],"picked":"Dark Shackles+1","floor":36.0},{"not_picked":["Madness+1","Transmutation+1"],"picked":"Secret Technique+1","floor":36.0},{"not_picked":["Clothesline+1","Sword Boomerang+1"],"picked":"True Grit+1","floor":39.0},{"not_picked":["Thunderclap+1","Flex+1"],"picked":"Pommel Strike+1","floor":41.0},{"not_picked":["Burning Pact+1","Second Wind+1","Battle Trance+1"],"picked":"Singing Bowl","floor":44.0},{"not_picked":["Dual Wield+1","Flex+1","Pummel+1"],"picked":"Singing Bowl","floor":45.0},{"not_picked":["Clash+1","Reaper+1","Carnage+1"],"picked":"Singing Bowl","floor":46.0},{"not_picked":["Entrench+1","Wild Strike+1","True Grit+1"],"picked":"Singing Bowl","floor":47.0}],"player_experience":879321,"relics_obtained":[{"floor":4.0,"key":"Self Forming Clay"},{"floor":6.0,"key":"Regal Pillow"},{"floor":9.0,"key":"Mummified Hand"},{"floor":14.0,"key":"Bottled Tornado"},{"floor":23.0,"key":"Ornamental Fan"},{"floor":25.0,"key":"Strawberry"},{"floor":26.0,"key":"Molten Egg 2"},{"floor":28.0,"key":"Frozen Egg 2"},{"floor":31.0,"key":"Boot"},{"floor":38.0,"key":"Orichalcum"},{"floor":41.0,"key":"StoneCalendar"},{"floor":43.0,"key":"Singing Bowl"},{"floor":45.0,"key":"Blue Candle"}],"event_choices":[{"event_name":"Bonfire Elementals","player_choice":"UNCOMMON","floor":3.0,"damage_taken":0.0},{"event_name":"Golden Shrine","player_choice":"Desecrate","floor":7.0,"damage_taken":0.0},{"event_name":"The Lab","player_choice":"Got Potions","floor":19.0,"damage_taken":0.0},{"event_name":"WeMeetAgain","player_choice":"Potion","floor":20.0,"damage_taken":0.0},{"event_name":"SensoryStone","player_choice":"Memory 3","floor":36.0,"damage_taken":0.0},{"event_name":"MindBloom","player_choice":"Fight","floor":41.0,"damage_taken":0.0}],"is_beta":false,"boss_relics":[{"not_picked":["Velvet Choker","Coffee Dripper"],"picked":"Cursed Key"},{"not_picked":["Eternal Feather","Mark of Pain"],"picked":"Astrolabe"}],"items_purged_floors":[13,37,48],"is_endless":false,"potions_floor_spawned":[10,14,16,23,25,33,39,44,46],"ascension_level":8}