{"gold_per_floor":[115,129,140,152,132,132,150,176,176,189,189,216,176,176],"floor_reached":14,"playtime":4603,"items_purged":[],"score":163,"play_id":"c99a7f2f-7426-4fd5-8d1a-7cfe777b60b8","local_time":"20190125195135","is_ascension_mode":true,"campfire_choices":[{"data":"Terror","floor":6,"key":"SMITH"}],"neow_cost":"NONE","seed_source_timestamp":10946291117245,"circlet_count":0,"master_deck":["AscendersBane","Defend_G","Defend_G","Defend_G","Defend_G","Defend_G","Strike_G","Strike_G","Strike_G","Strike_G","Strike_G","Survivor","Neutralize","Bouncing Flask","Heel Hook","Endless Agony","Terror+1","After Image","Calculated Gamble","Dash","PiercingWail","Noxious Fumes"],"relics":["Ring of the Snake","NeowsBlessing","Blue Candle","Blood Vial","CultistMask","Omamori"],"potions_floor_usage":[7],"damage_taken":[{"damage":0,"enemies":"Cultist","floor":1,"turns":1},{"damage":0,"enemies":"2 Louse","floor":2,"turns":1},{"damage":0,"enemies":"Small Slimes","floor":3,"turns":1},{"damage":3,"enemies":"2 Fungi Beasts","floor":4,"turns":5},{"damage":15,"enemies":"Exordium Thugs","floor":7,"turns":6},{"damage":19,"enemies":"3 Sentries","floor":8,"turns":12},{"damage":11,"enemies":"3 Louse","floor":10,"turns":5},{"damage":33,"enemies":"Lagavulin","floor":12,"turns":11},{"damage":14,"enemies":"Red Slaver","floor":14,"turns":3}],"seed_played":"3739770382898227275","potions_obtained":[{"floor":1,"key":"GamblersBrew"},{"floor":4,"key":"Regen Potion"},{"floor":5,"key":"LiquidBronze"},{"floor":10,"key":"SpeedPotion"}],"is_trial":false,"path_per_floor":["M","M","M","M","?","R","M","E","T","M","?","E","$","M"],"character_chosen":"THE_SILENT","items_purchased":["Noxious Fumes"],"campfire_rested":0,"item_purchase_floors":[13],"current_hp_per_floor":[63,63,63,60,60,60,60,41,41,32,32,1,1,0],"gold":176,"neow_bonus":"THREE_ENEMY_KILL","is_prod":false,"is_daily":false,"chose_seed":false,"campfire_upgraded":1,"win_rate":0,"timestamp":1548442295,"path_taken":["M","M","M","M","?","R","M","E","T","?","?","E","$","M"],"build_version":"2019-01-23","purchased_purges":0,"victory":false,"max_hp_per_floor":[70,70,70,70,70,70,70,70,70,70,70,70,70,70],"card_choices":[{"not_picked":["Expertise","Sucker Punch"],"picked":"Bouncing Flask","floor":1},{"not_picked":["Dagger Spray","Quick Slash"],"picked":"Heel Hook","floor":2},{"not_picked":["Riddle With Holes","Acrobatics"],"picked":"Endless Agony","floor":3},{"not_picked":["Concentrate","Deadly Poison"],"picked":"Terror","floor":4},{"not_picked":["PiercingWail","Quick Slash"],"picked":"After Image","floor":7},{"not_picked":["Blade Dance","Quick Slash"],"picked":"Calculated Gamble","floor":8},{"not_picked":["Dagger Throw","Acrobatics"],"picked":"Dash","floor":10},{"not_picked":["Quick Slash","Deflect"],"picked":"PiercingWail","floor":12}],"player_experience":2038796,"relics_obtained":[{"floor":8,"key":"Blue Candle"},{"floor":9,"key":"Blood Vial"},{"floor":12,"key":"Omamori"}],"event_choices":[{"damage_healed":0,"gold_gain":0,"player_choice":"Bought 1 Potion","damage_taken":0,"max_hp_gain":0,"max_hp_loss":0,"event_name":"The Woman in Blue","floor":5,"gold_loss":0},{"damage_healed":0,"gold_gain":0,"player_choice":"Trade","damage_taken":0,"relics_obtained":["CultistMask"],"max_hp_gain":0,"max_hp_loss":0,"event_name":"FaceTrader","floor":11,"gold_loss":0}],"is_beta":false,"boss_relics":[],"items_purged_floors":[],"is_endless":false,"potions_floor_spawned":[1,4,10,12],"killed_by":"Red Slaver","ascension_level":12}