{"path_per_floor":["M","?","?","?","M","E","M","M","T","R","M","M","$","M","R","B",null,"M","?","M","M","?","R","E","M","T","R","M","R","$","M","R"],"character_chosen":"IRONCLAD","items_purchased":["Toxic Egg 2","Block Potion","Finesse"],"gold_per_floor":[119,119,119,119,138,173,188,203,228,228,243,256,10,20,20,115,115,133,133,143,155,80,80,144,159,159,159,178,178,21,39,39,39],"floor_reached":33,"campfire_rested":0,"playtime":1564,"current_hp_per_floor":[80,80,80,64,70,50,54,60,60,60,66,75,75,81,81,28,69,78,78,86,89,89,89,78,57,57,57,51,51,51,57,57,0],"items_purged":[],"gold":39,"score":364,"play_id":"cba0d226-869f-4b45-b2f9-02ce29f69eb3","local_time":"20180513170317","is_prod":false,"is_daily":false,"chose_seed":false,"is_ascension_mode":true,"campfire_upgraded":3,"timestamp":1526223797,"path_taken":["M","?","?","?","M","E","M","M","T","R","M","?","$","?","R","BOSS","M","?","M","M","?","R","E","M","T","R","M","R","$","M","R","BOSS"],"build_version":"2018-05-10","seed_source_timestamp":169162993591413,"purchased_purges":0,"victory":false,"master_deck":["Strike_R","Strike_R+1","Strike_R+1","Strike_R","Defend_R","Defend_R","Defend_R","Bash+1","Flex+1","Heavy Blade+1","Pommel Strike","Perfected Strike+1","Perfected Strike","Feed","Metallicize+1","Perfected Strike","Offering+1","Perfected Strike","Flame Barrier+1","Perfected Strike","Power Through+1","Iron Wave","Inflame+1","Finesse+1"],"max_hp_per_floor":[80,80,80,80,80,80,80,80,80,80,80,83,83,83,83,83,83,86,86,86,89,89,89,89,89,89,89,92,92,92,92,92,92],"relics":["Black Blood","Anchor","Vajra","Toxic Egg 2","Tiny Chest","Girya"],"card_choices":[{"not_picked":["True Grit","Heavy Blade"],"picked":"Flex","floor":1},{"not_picked":["Corruption","Bloodletting"],"picked":"Heavy Blade","floor":5},{"not_picked":["Twin Strike","Wild Strike"],"picked":"Pommel Strike","floor":6},{"not_picked":["Twin Strike","Infernal Blade"],"picked":"Perfected Strike","floor":7},{"not_picked":["Combust","Shockwave"],"picked":"Perfected Strike","floor":8},{"not_picked":["Shockwave","Battle Trance"],"picked":"Feed","floor":11},{"not_picked":["True Grit","Reckless Charge"],"picked":"Metallicize","floor":12},{"not_picked":["Corruption","Anger"],"picked":"Perfected Strike","floor":14},{"not_picked":["Impervious","Exhume"],"picked":"Offering","floor":16},{"not_picked":["Wild Strike","Body Slam"],"picked":"Perfected Strike","floor":18},{"not_picked":["Entrench","Rupture"],"picked":"Flame Barrier","floor":20},{"not_picked":["Armaments","Anger"],"picked":"Perfected Strike","floor":21},{"not_picked":["Evolve","Thunderclap"],"picked":"Power Through","floor":24},{"not_picked":["Wild Strike","True Grit"],"picked":"Iron Wave","floor":25},{"not_picked":["Pommel Strike","Demon Form"],"picked":"Inflame","floor":28}],"player_experience":470279,"potions_floor_usage":[6,16,18,24,25,31,33,33],"damage_taken":[{"damage":1,"enemies":"Cultist","floor":1,"turns":4},{"damage":0,"enemies":"Small Slimes","floor":5,"turns":3},{"damage":26,"enemies":"3 Sentries","floor":6,"turns":5},{"damage":2,"enemies":"Jaw Worm","floor":7,"turns":2},{"damage":0,"enemies":"Large Slime","floor":8,"turns":4},{"damage":0,"enemies":"3 Louse","floor":11,"turns":2},{"damage":0,"enemies":"2 Fungi Beasts","floor":12,"turns":2},{"damage":0,"enemies":"Blue Slaver","floor":14,"turns":2},{"damage":59,"enemies":"Hexaghost","floor":16,"turns":7},{"damage":4,"enemies":"Shell Parasite","floor":18,"turns":2},{"damage":0,"enemies":"Spheric Guardian","floor":20,"turns":2},{"damage":4,"enemies":"Chosen and Byrds","floor":21,"turns":3},{"damage":21,"enemies":"Slavers","floor":24,"turns":3},{"damage":31,"enemies":"Slaver and Parasite","floor":25,"turns":5},{"damage":19,"enemies":"Centurion and Healer","floor":28,"turns":4},{"damage":4,"enemies":"Chosen and Byrds","floor":31,"turns":3},{"damage":84,"enemies":"Collector","floor":33,"turns":7}],"event_choices":[{"event_name":"Accursed Blacksmith","player_choice":"Forge","floor":2,"damage_taken":0},{"event_name":"Living Wall","player_choice":"Grow","floor":3,"damage_taken":0},{"event_name":"Shining Light","player_choice":"Entered Light","floor":4,"damage_taken":0},{"event_name":"Purifier","player_choice":"One Purge","floor":19,"damage_taken":0},{"event_name":"Beggar","player_choice":"Gave Gold","floor":22,"damage_taken":0}],"boss_relics":[{"not_picked":["Orrery","Astrolabe"],"picked":"Black Blood"}],"potions_floor_spawned":[5,7,8,14,16,20,21,24],"seed_played":"-5260492025940803968","killed_by":"Collector","ascension_level":5,"is_trial":false}