{"gold_per_floor":[112,132,148,148,160,188,204,204,259,259,279,314,327,327,327,327],"floor_reached":16,"playtime":48615,"items_purged":[],"score":174,"play_id":"59a98d92-2815-403c-a7ff-286c48f53c5a","local_time":"20181204081903","is_ascension_mode":true,"campfire_choices":[{"data":"Poisoned Stab","floor":8,"key":"SMITH"},{"floor":10,"key":"REST"},{"data":"Distraction","floor":15,"key":"SMITH"}],"neow_cost":"NONE","seed_source_timestamp":25573799911360,"circlet_count":0,"master_deck":["AscendersBane","Defend_G","Defend_G","Defend_G","Defend_G","Defend_G","Strike_G","Strike_G","Strike_G","Strike_G","Strike_G","Survivor","Neutralize","Poisoned Stab+1","Bane","Bane","Leg Sweep","Distraction+1","Backflip","Escape Plan","Bane","Distraction"],"relics":["Runic Pyramid","Matryoshka","Pantograph","Bronze Scales","Vajra","Odd Mushroom","Dream Catcher"],"potions_floor_usage":[6,11,13],"damage_taken":[{"damage":1,"enemies":"Cultist","floor":1,"turns":5},{"damage":2,"enemies":"Jaw Worm","floor":2,"turns":4},{"damage":3,"enemies":"Small Slimes","floor":3,"turns":4},{"damage":6,"enemies":"Looter","floor":5,"turns":2},{"damage":13,"enemies":"3 Sentries","floor":6,"turns":8},{"damage":7,"enemies":"Large Slime","floor":7,"turns":7},{"damage":2,"enemies":"The Mushroom Lair","floor":11,"turns":4},{"damage":14,"enemies":"Lagavulin","floor":12,"turns":7},{"damage":0,"enemies":"Lots of Slimes","floor":13,"turns":2},{"damage":27,"enemies":"Slime Boss","floor":16,"turns":6}],"seed_played":"2859474676310056633","potions_obtained":[{"floor":2,"key":"Explosive Potion"},{"floor":6,"key":"Fire Potion"},{"floor":11,"key":"Explosive Potion"}],"is_trial":false,"path_per_floor":["M","M","M","?","M","E","M","R","T","R","?","E","M","?","R","B"],"character_chosen":"THE_SILENT","items_purchased":[],"campfire_rested":1,"item_purchase_floors":[],"current_hp_per_floor":[62,60,57,45,39,26,19,19,19,40,38,24,24,29,29,27],"gold":327,"neow_bonus":"BOSS_RELIC","is_prod":false,"is_daily":false,"chose_seed":false,"campfire_upgraded":2,"win_rate":0,"timestamp":1543907943,"path_taken":["M","?","M","?","M","E","M","R","T","R","?","E","M","?","R","BOSS"],"build_version":"2018-11-15","purchased_purges":0,"victory":false,"max_hp_per_floor":[70,70,70,70,70,70,70,70,70,70,70,70,70,75,75,75],"card_choices":[{"not_picked":["Backflip","Bane"],"picked":"Poisoned Stab","floor":1},{"not_picked":["Flechettes","Dodge and Roll"],"picked":"Bane","floor":2},{"not_picked":["Dash","Expertise"],"picked":"Bane","floor":3},{"not_picked":["Cloak And Dagger","Eviscerate"],"picked":"Leg Sweep","floor":5},{"not_picked":["Night Terror","Cloak And Dagger"],"picked":"Distraction","floor":6},{"not_picked":["Underhanded Strike","Acrobatics"],"picked":"Backflip","floor":7},{"not_picked":["Terror","Expertise"],"picked":"Escape Plan","floor":11},{"not_picked":["Heel Hook","Underhanded Strike"],"picked":"Bane","floor":12},{"not_picked":["Acrobatics","Deflect"],"picked":"Distraction","floor":13}],"player_experience":1589298,"relics_obtained":[{"floor":6,"key":"Pantograph"},{"floor":9,"key":"Bronze Scales"},{"floor":9,"key":"Vajra"},{"floor":11,"key":"Odd Mushroom"},{"floor":12,"key":"Dream Catcher"}],"event_choices":[{"damage_healed":0,"gold_gain":0,"player_choice":"Success","damage_taken":12,"relics_obtained":["Matryoshka"],"max_hp_gain":0,"max_hp_loss":0,"event_name":"Scrap Ooze","floor":4,"gold_loss":0},{"damage_healed":0,"gold_gain":0,"player_choice":"Fought Mushrooms","damage_taken":0,"max_hp_gain":0,"max_hp_loss":0,"event_name":"Mushrooms","floor":11,"gold_loss":0},{"damage_healed":0,"gold_gain":0,"player_choice":"Donut","damage_taken":0,"max_hp_gain":5,"max_hp_loss":0,"event_name":"Big Fish","floor":14,"gold_loss":0}],"is_beta":false,"boss_relics":[],"items_purged_floors":[],"is_endless":false,"potions_floor_spawned":[2,6,11],"killed_by":"Slime Boss","ascension_level":11}