{"gold_per_floor":[118,131,144,156,172,172,40,40,114,114,129,129,143,172,172,172],"floor_reached":16,"playtime":422,"items_purged":[],"score":208,"play_id":"f84e880f-d2e5-468b-9b8b-bb2ac17a1699","local_time":"20190219194238","is_ascension_mode":true,"campfire_choices":[{"data":"Neutralize","floor":6,"key":"SMITH"},{"data":"Skewer","floor":10,"key":"SMITH"},{"floor":12,"key":"REST"},{"data":"Footwork","floor":15,"key":"SMITH"}],"neow_cost":"NONE","seed_source_timestamp":57240726313524,"circlet_count":0,"master_deck":["AscendersBane","Defend_G","Defend_G","Defend_G","Defend_G","Defend_G","Strike_G","Strike_G","Strike_G","Strike_G","Strike_G","Survivor","Neutralize+1","Flying Knee","Dagger Spray","Caltrops","Skewer+1","Footwork+1","Footwork","Blur","Bullet Time"],"relics":["Ring of the Snake","NeowsBlessing","Matryoshka","Mango"],"potions_floor_usage":[14,14],"damage_taken":[{"damage":0,"enemies":"Cultist","floor":1,"turns":1},{"damage":0,"enemies":"Small Slimes","floor":2,"turns":1},{"damage":0,"enemies":"2 Louse","floor":3,"turns":1},{"damage":31,"enemies":"Exordium Thugs","floor":4,"turns":6},{"damage":5,"enemies":"Red Slaver","floor":5,"turns":3},{"damage":6,"enemies":"Blue Slaver","floor":11,"turns":5},{"damage":17,"enemies":"Large Slime","floor":13,"turns":8},{"damage":3,"enemies":"Lagavulin","floor":14,"turns":8},{"damage":44,"enemies":"Slime Boss","floor":16,"turns":8}],"seed_played":"-8283750700067054176","potions_obtained":[{"floor":3,"key":"Swift Potion"}],"is_trial":false,"path_per_floor":["M","M","M","M","M","R","$","?","T","R","M","R","M","E","R","B"],"character_chosen":"THE_SILENT","items_purchased":["Footwork","FearPotion"],"campfire_rested":1,"item_purchase_floors":[7,7],"current_hp_per_floor":[59,59,59,28,23,23,23,23,23,23,17,36,19,30,30,0],"gold":172,"neow_bonus":"THREE_ENEMY_KILL","is_prod":false,"is_daily":false,"chose_seed":false,"campfire_upgraded":3,"win_rate":0,"timestamp":1550623358,"path_taken":["M","M","M","M","?","R","?","?","T","R","M","R","M","E","R","BOSS"],"build_version":"2019-01-23","purchased_purges":0,"victory":false,"max_hp_per_floor":[66,66,66,66,66,66,66,66,66,66,66,66,66,80,80,80],"card_choices":[{"not_picked":["Dodge and Roll","Heel Hook"],"picked":"Flying Knee","floor":1},{"not_picked":["Acrobatics","Cloak And Dagger"],"picked":"Dagger Spray","floor":2},{"not_picked":["Dagger Spray","Underhanded Strike"],"picked":"Caltrops","floor":3},{"not_picked":["PiercingWail","Outmaneuver"],"picked":"Skewer","floor":4},{"not_picked":["Underhanded Strike","Crippling Poison"],"picked":"Footwork","floor":5},{"not_picked":["Quick Slash","Prepared"],"picked":"Blur","floor":11},{"not_picked":["Poisoned Stab","Choke","Heel Hook"],"picked":"SKIP","floor":13},{"not_picked":["Reflex","PiercingWail"],"picked":"Bullet Time","floor":14}],"player_experience":1234728,"relics_obtained":[{"floor":9,"key":"Matryoshka"},{"floor":14,"key":"Mango"}],"event_choices":[{"damage_healed":0,"gold_gain":0,"player_choice":"Ignored","damage_taken":0,"max_hp_gain":0,"max_hp_loss":0,"event_name":"Liars Game","floor":8,"gold_loss":0}],"is_beta":false,"boss_relics":[],"items_purged_floors":[],"is_endless":false,"potions_floor_spawned":[3,13],"killed_by":"Slime Boss","ascension_level":20}