{"gold_per_floor":[118,134,148,163,163,197,197,197,223,238,270,270,303,320,320,396,396,409,419,334,334,99,128,128,139,162,185,185,185,135,145,145,145],"floor_reached":33,"playtime":1188,"items_purged":["Pain","Shame"],"score":570,"play_id":"bb7f57d5-dc4c-46d6-bfee-6109ab79cc96","local_time":"20181214020304","is_ascension_mode":true,"campfire_choices":[{"floor":7.0,"key":"REST"},{"floor":12.0,"key":"REST"},{"floor":15.0,"key":"REST"},{"floor":24,"key":"REST"},{"data":"Noxious Fumes","floor":28,"key":"SMITH"},{"data":"Ghostly","floor":32,"key":"SMITH"}],"neow_cost":"NONE","seed_source_timestamp":440985987014146,"circlet_count":0,"master_deck":["AscendersBane","Defend_G","Defend_G","Defend_G","Defend_G","Defend_G","Strike_G","Strike_G","Strike_G","Strike_G","Strike_G","Survivor","Neutralize","Dagger Spray","Poisoned Stab","Noxious Fumes+1","Crippling Poison","Dash","Infinite Blades","Endless Agony","Riddle With Holes","Malaise","Blade Dance+1","Backflip","Caltrops","Corpse Explosion","Well Laid Plans","Regret","Ghostly+1","Ghostly","Ghostly"],"special_seed":0,"relics":["Ring of the Snake","Art of War","Centennial Puzzle","WarpedTongs","Bronze Scales","Boot","StoneCalendar","Cursed Key","Orichalcum","Juzu Bracelet","Vajra","Smiling Mask"],"potions_floor_usage":[23,23],"damage_taken":[{"damage":0.0,"enemies":"2 Louse","floor":1.0,"turns":3.0},{"damage":5.0,"enemies":"Cultist","floor":2.0,"turns":5.0},{"damage":4.0,"enemies":"Jaw Worm","floor":3.0,"turns":4.0},{"damage":3.0,"enemies":"Blue Slaver","floor":4.0,"turns":5.0},{"damage":33.0,"enemies":"Lagavulin","floor":6.0,"turns":7.0},{"damage":6.0,"enemies":"3 Louse","floor":10.0,"turns":3.0},{"damage":15.0,"enemies":"3 Sentries","floor":11.0,"turns":5.0},{"damage":5.0,"enemies":"Lagavulin","floor":13.0,"turns":7.0},{"damage":23.0,"enemies":"Exordium Thugs","floor":14.0,"turns":5.0},{"damage":12.0,"enemies":"The Guardian","floor":16.0,"turns":9.0},{"damage":2.0,"enemies":"Chosen","floor":18.0,"turns":4.0},{"damage":0.0,"enemies":"3 Byrds","floor":19.0,"turns":3.0},{"damage":22.0,"enemies":"Colosseum Slavers","floor":21.0,"turns":2.0},{"damage":20,"enemies":"Slavers","floor":23,"turns":5},{"damage":7,"enemies":"Centurion and Healer","floor":25,"turns":5},{"damage":4,"enemies":"Snecko","floor":31,"turns":5},{"damage":13,"enemies":"Collector","floor":33,"turns":3}],"seed_played":"-6784952128587820228","potions_obtained":[{"floor":1.0,"key":"GamblersBrew"},{"floor":4.0,"key":"Strength Potion"},{"floor":6.0,"key":"Fire Potion"},{"floor":14.0,"key":"GhostInAJar"},{"floor":19.0,"key":"FearPotion"},{"floor":31,"key":"GhostInAJar"}],"is_trial":false,"path_per_floor":["M","M","M","M","?","E","R","?","T","M","E","R","E","M","R","B",null,"M","M","?","?","$","E","R","M","T","T","R","?","$","M","R","B"],"character_chosen":"THE_SILENT","items_purchased":["Backflip","Caltrops","Dexterity Potion"],"campfire_rested":4,"item_purchase_floors":[22,22,22],"current_hp_per_floor":[59,54,50,47,47,14,33,33,33,27,12,31,26,3,22,10,52,50,50,50,28,28,8,27,20,20,20,20,20,20,16,16,3],"gold":145,"neow_bonus":"RANDOM_COMMON_RELIC","is_prod":false,"is_daily":false,"chose_seed":false,"campfire_upgraded":2,"win_rate":0,"timestamp":1544770984,"path_taken":["M","M","M","M","?","E","R","?","T","M","E","R","E","M","R","BOSS","M","M","?","?","$","E","R","M","T","?","R","?","$","M","R","BOSS"],"build_version":"2018-12-13","purchased_purges":2,"victory":false,"max_hp_per_floor":[66,66,66,66,66,66,66,66,66,66,66,66,66,66,66,66,66,66,66,66,66,66,66,66,66,66,66,66,33,33,33,33,33],"card_choices":[{"not_picked":["Heel Hook","Choke"],"picked":"Dagger Spray","floor":1.0},{"not_picked":["Distraction","Bane"],"picked":"Poisoned Stab","floor":2.0},{"not_picked":["Choke","Deadly Poison"],"picked":"Noxious Fumes","floor":3.0},{"not_picked":["Cloak And Dagger","Phantasmal Killer"],"picked":"Crippling Poison","floor":4.0},{"not_picked":["Dagger Spray","Dodge and Roll"],"picked":"Dash","floor":6.0},{"not_picked":["All Out Attack","Acrobatics"],"picked":"Infinite Blades","floor":10.0},{"not_picked":["Skewer","Prepared"],"picked":"Endless Agony","floor":11.0},{"not_picked":["Bane","Sucker Punch","Eviscerate"],"picked":"SKIP","floor":13.0},{"not_picked":["Prepared","Deadly Poison"],"picked":"Riddle With Holes","floor":14.0},{"not_picked":["Phantasmal Killer","Night Terror"],"picked":"Malaise","floor":16.0},{"not_picked":["Leg Sweep","Deadly Poison"],"picked":"Blade Dance+1","floor":18.0},{"not_picked":["Dagger Spray","Masterful Stab","Bane+1"],"picked":"SKIP","floor":19.0},{"not_picked":["Prepared+1","Heel Hook"],"picked":"Corpse Explosion","floor":23},{"not_picked":["Predator","Outmaneuver"],"picked":"Well Laid Plans","floor":25},{"not_picked":["Outmaneuver+1","Dodge and Roll","Underhanded Strike"],"picked":"SKIP","floor":31}],"player_experience":1222344,"relics_obtained":[{"floor":6.0,"key":"Centennial Puzzle"},{"floor":9.0,"key":"Bronze Scales"},{"floor":11.0,"key":"Boot"},{"floor":13.0,"key":"StoneCalendar"},{"floor":23,"key":"Juzu Bracelet"},{"floor":26,"key":"Vajra"},{"floor":27,"key":"Smiling Mask"}],"event_choices":[{"damage_healed":0.0,"max_hp_gain":0.0,"max_hp_loss":0.0,"gold_gain":0.0,"event_name":"Liars Game","player_choice":"Ignored","floor":5.0,"gold_loss":0.0,"damage_taken":0.0},{"damage_healed":0.0,"max_hp_gain":0.0,"max_hp_loss":0.0,"gold_gain":0.0,"event_name":"Accursed Blacksmith","player_choice":"Rummage","floor":8.0,"gold_loss":0.0,"damage_taken":0.0,"relics_obtained":["WarpedTongs"],"cards_obtained":["Pain"]},{"damage_healed":0.0,"max_hp_gain":0.0,"max_hp_loss":0.0,"gold_gain":0.0,"event_name":"Addict","player_choice":"Obtained Relic","floor":20.0,"gold_loss":85.0,"damage_taken":0.0,"relics_obtained":["Orichalcum"]},{"damage_healed":0.0,"max_hp_gain":0.0,"max_hp_loss":0.0,"gold_gain":0.0,"event_name":"Colosseum","player_choice":"Fight","floor":21.0,"gold_loss":0.0,"damage_taken":0.0},{"damage_healed":0.0,"max_hp_gain":0.0,"max_hp_loss":0.0,"gold_gain":0.0,"event_name":"Colosseum","player_choice":"Fled From Nobs","floor":21.0,"gold_loss":0.0,"damage_taken":0.0},{"damage_healed":0,"gold_gain":0,"player_choice":"Became a Ghost","damage_taken":0,"max_hp_gain":0,"max_hp_loss":33,"event_name":"Ghosts","floor":29,"gold_loss":0,"cards_obtained":["Ghostly","Ghostly","Ghostly"]}],"is_beta":true,"boss_relics":[{"not_picked":["Fusion Hammer","Ring of the Serpent"],"picked":"Cursed Key"}],"items_purged_floors":[22,30],"is_endless":false,"potions_floor_spawned":[1,4,6,14,19,21,31],"killed_by":"Collector","ascension_level":20}