{"gold_per_floor":[117,117,134,146,146,146,173,184,184,197,197],"floor_reached":11,"playtime":467,"items_purged":[],"score":94,"play_id":"07656729-9a2f-489f-ad9c-747c1c40ec2c","local_time":"20180625161310","is_ascension_mode":true,"campfire_choices":[{"data":"Conserve Battery","floor":6,"key":"SMITH"}],"neow_cost":"NONE","seed_source_timestamp":1031290975741930,"circlet_count":0,"master_deck":["Strike_B","Strike_B","Strike_B","Strike_B","Defend_B","Defend_B","Defend_B","Defend_B","Zap+1","Dualcast+1","Conserve Battery+1","Gash","Conserve Battery","Regret","Auto Shields","Defragment","Glacier"],"relics":["Cracked Core","Gremlin Horn","Symbiotic Virus","Bottled Tornado"],"potions_floor_usage":[7],"damage_taken":[{"damage":13,"enemies":"Jaw Worm","floor":1,"turns":4},{"damage":0,"enemies":"Small Slimes","floor":3,"turns":3},{"damage":2,"enemies":"2 Louse","floor":4,"turns":2},{"damage":41,"enemies":"Gremlin Nob","floor":7,"turns":5},{"damage":2,"enemies":"Blue Slaver","floor":8,"turns":3},{"damage":10,"enemies":"Red Slaver","floor":10,"turns":4},{"damage":7,"enemies":"3 Sentries","floor":11,"turns":4}],"seed_played":"-6214484935422956803","potions_obtained":[{"floor":3,"key":"Dexterity Potion"}],"is_trial":false,"path_per_floor":["M","?","M","M","?","R","E","M","T","M"],"character_chosen":"DEFECT","items_purchased":[],"campfire_rested":0,"item_purchase_floors":[],"current_hp_per_floor":[62,62,62,60,60,60,19,17,17,7,0],"gold":197,"neow_bonus":"UPGRADE_CARD","is_prod":false,"is_daily":false,"chose_seed":false,"campfire_upgraded":1,"win_rate":0,"timestamp":1529935990,"path_taken":["M","?","M","M","?","R","E","M","T","M","E"],"build_version":"2018-06-21v2","purchased_purges":0,"victory":false,"max_hp_per_floor":[75,75,75,75,75,75,75,75,75,75,75],"card_choices":[{"not_picked":["Cold Snap","Stack"],"picked":"Conserve Battery","floor":1},{"not_picked":["Reprogram","Hello World"],"picked":"Gash","floor":3},{"not_picked":["Redo","Blizzard"],"picked":"Conserve Battery","floor":4},{"not_picked":["Barrage","Storm"],"picked":"Auto Shields","floor":7},{"not_picked":["Ball Lightning","Hologram"],"picked":"Defragment","floor":8},{"not_picked":["Chaos","Compile Driver"],"picked":"Glacier","floor":10}],"player_experience":788222,"relics_obtained":[{"floor":7,"key":"Symbiotic Virus"},{"floor":9,"key":"Bottled Tornado"}],"event_choices":[{"event_name":"Living Wall","player_choice":"Grow","floor":2,"damage_taken":0},{"event_name":"Big Fish","player_choice":"Box","floor":5,"damage_taken":0}],"boss_relics":[],"items_purged_floors":[],"is_endless":false,"potions_floor_spawned":[3],"killed_by":"3 Sentries","ascension_level":5}