{"gold_per_floor":[112,132,57,57,57,57,90,90,158,158,178,178,191,210,210,315,315,326,326,376,390,390,422,422,440,440,214,214,245,74,86,86,183,183,200,210,210,60,60,88,102,131,131,131,131,195,195,467,467,467],"floor_reached":51,"playtime":3807,"items_purged":["Defend_R","Strike_R","Strike_R","Strike_R"],"score":1023,"play_id":"1ec057a9-bbec-48a1-954a-84265f614706","local_time":"20190115201945","is_ascension_mode":true,"campfire_choices":[{"data":"True Grit","floor":6,"key":"SMITH"},{"data":"Iron Wave","floor":8,"key":"SMITH"},{"floor":10,"key":"REST"},{"data":"Rage","floor":15,"key":"SMITH"},{"floor":24,"key":"REST"},{"floor":32,"key":"REST"},{"data":"True Grit","floor":44,"key":"SMITH"},{"data":"Rage","floor":47,"key":"SMITH"},{"floor":49,"key":"REST"}],"neow_cost":"NONE","seed_source_timestamp":12266177110282702,"circlet_count":0,"master_deck":["Strike_R+1","Strike_R+1","Defend_R","Defend_R","Defend_R","Bash","True Grit+1","Iron Wave+1","Rage+1","Spot Weakness","Double Tap","Necronomicurse","Anger+1","Evolve","True Grit+1","Rage+1","Iron Wave","Sever Soul","Demon Form","Shockwave+1","Rage+1","Blind","Writhe","Parasite"],"relics":["Burning Blood","Pen Nib","Lantern","Ornamental Fan","Oddly Smooth Stone","Runic Pyramid","Necronomicon","Meat on the Bone","Letter Opener","Nunchaku","Red Mask","Busted Crown","Dream Catcher","Charon\u0027s Ashes","Du-Vu Doll","SsserpentHead"],"potions_floor_usage":[29,31,41,41,50,50,50,50,50,50,50,50],"damage_taken":[{"damage":14,"enemies":"2 Louse","floor":1,"turns":3},{"damage":2,"enemies":"Small Slimes","floor":2,"turns":4},{"damage":42,"enemies":"Lagavulin","floor":7,"turns":10},{"damage":0,"enemies":"Jaw Worm","floor":11,"turns":4},{"damage":12,"enemies":"3 Louse","floor":13,"turns":4},{"damage":9,"enemies":"2 Fungi Beasts","floor":14,"turns":4},{"damage":31,"enemies":"The Guardian","floor":16,"turns":12},{"damage":0,"enemies":"Chosen","floor":18,"turns":4},{"damage":8,"enemies":"3 Byrds","floor":21,"turns":7},{"damage":38,"enemies":"Slavers","floor":23,"turns":6},{"damage":0,"enemies":"Cultist and Chosen","floor":25,"turns":5},{"damage":33,"enemies":"Masked Bandits","floor":29,"turns":5},{"damage":25,"enemies":"Centurion and Healer","floor":31,"turns":6},{"damage":41,"enemies":"Collector","floor":33,"turns":10},{"damage":39,"enemies":"3 Darklings","floor":35,"turns":6},{"damage":0,"enemies":"Orb Walker","floor":36,"turns":2},{"damage":22,"enemies":"Nemesis","floor":40,"turns":7},{"damage":42,"enemies":"Sphere and 2 Shapes","floor":41,"turns":6},{"damage":0,"enemies":"Giant Head","floor":42,"turns":6},{"damage":2,"enemies":"Writhing Mass","floor":46,"turns":6},{"damage":55,"enemies":"Awakened One","floor":50,"turns":10}],"seed_played":"8114900563382778497","potions_obtained":[{"floor":13,"key":"BloodPotion"},{"floor":25,"key":"Block Potion"},{"floor":31,"key":"SpeedPotion"},{"floor":33,"key":"SpeedPotion"},{"floor":40,"key":"Explosive Potion"},{"floor":42,"key":"EntropicBrew"},{"floor":46,"key":"Weak Potion"}],"is_trial":false,"path_per_floor":["M","M","$","?","?","R","E","R","T","R","M","?","M","M","R","B",null,"M","?","?","M","?","E","R","M","T","$","?","?","$","M","R","B",null,"M","M","?","$","?","E","M","E","T","R","?","M","R","?","R","B",null],"character_chosen":"IRONCLAD","items_purchased":["Evolve","True Grit","Iron Wave"],"campfire_rested":4,"item_purchase_floors":[27,27,30],"current_hp_per_floor":[64,68,68,52,78,78,42,42,42,66,72,72,66,63,63,38,70,76,60,60,58,58,26,50,56,56,56,56,41,41,42,66,43,71,50,56,56,56,76,60,36,54,54,54,54,58,58,58,80,51],"gold":467,"neow_bonus":"RANDOM_COMMON_RELIC","is_prod":false,"is_daily":false,"chose_seed":false,"campfire_upgraded":5,"win_rate":0,"timestamp":1547579985,"path_taken":["M","M","$","?","?","R","E","R","T","R","M","?","M","M","R","BOSS","M","?","?","?","?","E","R","?","T","$","?","?","$","M","R","BOSS","M","M","?","$","?","E","M","E","T","R","?","?","R","?","R","BOSS"],"build_version":"2019-01-10","purchased_purges":4,"victory":true,"max_hp_per_floor":[80,80,80,80,80,80,80,80,80,80,80,80,80,80,80,80,80,80,80,80,80,80,80,80,80,80,80,80,80,80,80,80,80,80,80,80,80,80,80,80,80,80,80,80,80,80,80,80,80,80],"card_choices":[{"not_picked":["Clash","Rupture"],"picked":"True Grit","floor":1},{"not_picked":["Pummel","Sword Boomerang","Perfected Strike"],"picked":"SKIP","floor":2},{"not_picked":["Wild Strike","Headbutt"],"picked":"Iron Wave","floor":7},{"not_picked":["Shrug It Off","Pummel"],"picked":"Rage","floor":11},{"not_picked":["Sword Boomerang","Second Wind","Exhume"],"picked":"SKIP","floor":13},{"not_picked":["Havoc","Flame Barrier"],"picked":"Spot Weakness","floor":14},{"not_picked":["Berserk","Fiend Fire"],"picked":"Double Tap","floor":16},{"not_picked":["True Grit","Headbutt+1","Heavy Blade"],"picked":"SKIP","floor":18},{"not_picked":["Clothesline","Infernal Blade+1"],"picked":"Anger+1","floor":21},{"not_picked":["Dropkick","Anger","Intimidate"],"picked":"SKIP","floor":23},{"not_picked":["Bloodletting","Spot Weakness+1","Infernal Blade"],"picked":"SKIP","floor":25},{"not_picked":["Warcry","Body Slam+1"],"picked":"Rage+1","floor":29},{"not_picked":["Fire Breathing","Bloodletting+1"],"picked":"Sever Soul","floor":31},{"not_picked":["Juggernaut","Fiend Fire"],"picked":"Demon Form","floor":33},{"not_picked":[],"picked":"Shockwave+1","floor":35},{"not_picked":[],"picked":"Rage","floor":36},{"not_picked":[],"picked":"Blind","floor":37},{"not_picked":["Infernal Blade"],"picked":"SKIP","floor":40},{"not_picked":["Cleave"],"picked":"SKIP","floor":41},{"not_picked":["Reckless Charge+1"],"picked":"SKIP","floor":42},{"not_picked":["Pummel+1"],"picked":"SKIP","floor":46}],"player_experience":240342,"relics_obtained":[{"floor":7,"key":"Lantern"},{"floor":9,"key":"Ornamental Fan"},{"floor":19,"key":"Necronomicon"},{"floor":23,"key":"Meat on the Bone"},{"floor":26,"key":"Letter Opener"},{"floor":29,"key":"Red Mask"},{"floor":40,"key":"Dream Catcher"},{"floor":42,"key":"Charon\u0027s Ashes"},{"floor":43,"key":"Du-Vu Doll"}],"event_choices":[{"damage_healed":0,"gold_gain":0,"player_choice":"Entered Light","damage_taken":16,"max_hp_gain":0,"max_hp_loss":0,"event_name":"Shining Light","floor":4,"gold_loss":0,"cards_upgraded":["Strike_R","Strike_R"]},{"damage_healed":26,"gold_gain":0,"player_choice":"Banana","damage_taken":0,"max_hp_gain":0,"max_hp_loss":0,"event_name":"Big Fish","floor":5,"gold_loss":0},{"damage_healed":0,"gold_gain":0,"player_choice":"Searched \u00272\u0027 times","damage_taken":0,"relics_obtained":["Oddly Smooth Stone"],"max_hp_gain":0,"max_hp_loss":0,"event_name":"Dead Adventurer","floor":12,"gold_loss":0},{"damage_healed":0,"gold_gain":0,"player_choice":"Obtained Book","damage_taken":16,"max_hp_gain":0,"max_hp_loss":0,"event_name":"Cursed Tome","floor":19,"gold_loss":0},{"damage_healed":0,"gold_gain":100,"player_choice":"Bet on Murderer","damage_taken":0,"max_hp_gain":0,"max_hp_loss":0,"event_name":"The Joust","floor":20,"gold_loss":50},{"damage_healed":0,"gold_gain":0,"player_choice":"Ignored","damage_taken":0,"max_hp_gain":0,"max_hp_loss":0,"event_name":"N\u0027loth","floor":22,"gold_loss":0},{"damage_healed":0,"gold_gain":0,"player_choice":"Opened","damage_taken":0,"relics_obtained":["Nunchaku"],"max_hp_gain":0,"max_hp_loss":0,"event_name":"The Mausoleum","floor":28,"gold_loss":0},{"damage_healed":0,"gold_gain":0,"player_choice":"Fought Bandits","damage_taken":0,"max_hp_gain":0,"max_hp_loss":0,"event_name":"Masked Bandits","floor":29,"gold_loss":0},{"damage_healed":0,"gold_gain":0,"player_choice":"Memory 1","damage_taken":0,"max_hp_gain":0,"max_hp_loss":0,"event_name":"SensoryStone","floor":37,"gold_loss":0},{"damage_healed":20,"gold_gain":0,"player_choice":"Writhe","damage_taken":0,"max_hp_gain":0,"max_hp_loss":0,"event_name":"Winding Halls","floor":39,"gold_loss":0,"cards_obtained":["Writhe"]},{"damage_healed":0,"gold_gain":0,"player_choice":"Trade","damage_taken":0,"relics_obtained":["SsserpentHead"],"max_hp_gain":0,"max_hp_loss":0,"event_name":"FaceTrader","floor":45,"gold_loss":0},{"damage_healed":0,"gold_gain":222,"player_choice":"Wore Mask","damage_taken":0,"max_hp_gain":0,"max_hp_loss":0,"event_name":"Tomb of Lord Red Mask","floor":48,"gold_loss":0}],"is_beta":false,"boss_relics":[{"not_picked":["Runic Cube","Eternal Feather"],"picked":"Runic Pyramid"},{"not_picked":["Lizard Tail","Fusion Hammer"],"picked":"Busted Crown"}],"items_purged_floors":[3,27,30,38],"is_endless":false,"potions_floor_spawned":[13,25,31,33,40,42,46],"ascension_level":7}