{"gold_per_floor":[117,136,136,136,136,136,148,177,226,226],"floor_reached":10,"playtime":316,"items_purged":[],"score":99,"play_id":"91aea1ca-3549-45f5-9d9e-c49b12b78bc4","local_time":"20181109105458","is_ascension_mode":true,"campfire_choices":[{"data":"Zap","floor":6,"key":"SMITH"}],"neow_cost":"CURSE","seed_source_timestamp":148397962401369,"circlet_count":0,"master_deck":["AscendersBane","Strike_B","Strike_B","Strike_B","Defend_B+1","Defend_B","Defend_B","Defend_B","Zap+1","Dualcast","Bandage Up","PanicButton","Injury","Fusion+1","Undo","Regret","Sweeping Beam","Stack","Cold Snap"],"relics":["Cracked Core","Art of War","StoneCalendar","Regal Pillow"],"potions_floor_usage":[8,10],"damage_taken":[{"damage":0,"enemies":"Jaw Worm","floor":1,"turns":2},{"damage":0,"enemies":"Small Slimes","floor":2,"turns":4},{"damage":4,"enemies":"Cultist","floor":7,"turns":5},{"damage":26,"enemies":"Lagavulin","floor":8,"turns":7},{"damage":26,"enemies":"Gremlin Gang","floor":10,"turns":4}],"seed_played":"-8976302840147260337","potions_obtained":[{"floor":1,"key":"AttackPotion"},{"floor":8,"key":"GamblersBrew"}],"is_trial":false,"path_per_floor":["M","M","?","?","?","R","M","E","T","M"],"character_chosen":"DEFECT","items_purchased":[],"campfire_rested":0,"item_purchase_floors":[],"current_hp_per_floor":[68,72,57,57,57,57,57,35,35,13],"gold":226,"neow_bonus":"RANDOM_COLORLESS_2","is_prod":false,"is_daily":false,"chose_seed":false,"campfire_upgraded":1,"win_rate":0,"timestamp":1541757298,"path_taken":["M","M","?","?","?","R","?","E","T","?"],"build_version":"2018-11-08","purchased_purges":0,"victory":false,"max_hp_per_floor":[75,75,75,75,75,75,75,75,75,75],"card_choices":[{"not_picked":["Reinforced Body","Go for the Eyes"],"picked":"Fusion","floor":1},{"not_picked":["Stack","Hologram"],"picked":"Undo","floor":2},{"not_picked":["Redo","Sweeping Beam"],"picked":"Stack","floor":7},{"not_picked":["Turbo","Streamline"],"picked":"Cold Snap","floor":8}],"player_experience":1148149,"relics_obtained":[{"floor":8,"key":"StoneCalendar"},{"floor":9,"key":"Regal Pillow"}],"event_choices":[{"damage_healed":0,"gold_gain":0,"player_choice":"Entered Light","damage_taken":15,"max_hp_gain":0,"max_hp_loss":0,"event_name":"Shining Light","floor":3,"gold_loss":0,"cards_upgraded":["Fusion","Defend_B"]},{"damage_healed":0,"gold_gain":0,"player_choice":"Box","damage_taken":0,"relics_obtained":["Art of War"],"max_hp_gain":0,"max_hp_loss":0,"event_name":"Big Fish","floor":4,"gold_loss":0,"cards_obtained":["Regret"]},{"damage_healed":0,"gold_gain":0,"cards_transformed":["Strike_B"],"player_choice":"Transformed","damage_taken":0,"max_hp_gain":0,"max_hp_loss":0,"event_name":"Transmorgrifier","floor":5,"gold_loss":0,"cards_obtained":["Sweeping Beam"]}],"is_beta":false,"boss_relics":[],"items_purged_floors":[],"is_endless":false,"potions_floor_spawned":[1,8],"killed_by":"Gremlin Gang","ascension_level":10}