{"path_per_floor":["M","?","?","?","M","E","?","R","T","M","E","M","M","$","R","B",null,"M","M","?","T"],"character_chosen":"IRONCLAD","items_purchased":[],"gold_per_floor":[219,169,169,169,189,216,216,216,216,231,256,269,287,212,212,312,342,361,376,376,376,376],"floor_reached":22,"campfire_rested":1,"playtime":1232,"current_hp_per_floor":[79,79,79,72,78,44,28,52,52,58,56,58,66,66,66,19,80,37,28,28,28,0],"items_purged":["Barricade"],"gold":376,"score":220,"play_id":"c0c8a9df-3e19-4dc5-92a8-83a3304b889f","local_time":"20180402011546","is_prod":false,"is_daily":false,"is_ascension_mode":false,"campfire_upgraded":1,"timestamp":1522624546,"path_taken":["M","?","?","?","M","E","?","R","T","?","E","M","M","$","R","BOSS","M","M","?","?","M"],"build_version":"2018-03-29v2","purchased_purges":1,"victory":false,"master_deck":["Defend_R","Defend_R","Defend_R","Defend_R","Bash","Wild Strike","Spot Weakness","Flex+1","Heavy Blade","Wild Strike","Shrug It Off","Fiend Fire","Doubt","Decay","Parasite","Shrug It Off","Shrug It Off+1","Bite","Bite","Bite","Bite","Bite"],"max_hp_per_floor":[80,80,80,80,80,80,80,80,80,80,80,80,80,80,80,80,80,80,80,80,80,80],"relics":["Burning Blood","Matryoshka","Letter Opener","Pantograph","Dodecahedron","Calling Bell","Question Card","Pen Nib","Tiny Chest","Shuriken","Self Forming Clay"],"card_choices":[{"not_picked":["Clothesline","Second Wind"],"picked":"Wild Strike","floor":1},{"not_picked":["Thunderclap","Clash"],"picked":"Spot Weakness","floor":5},{"not_picked":["Anger","Clash"],"picked":"Flex","floor":10},{"not_picked":["Seeing Red","Thunderclap"],"picked":"Heavy Blade","floor":11},{"not_picked":["Warcry","Bludgeon"],"picked":"Wild Strike","floor":12},{"not_picked":["True Grit","Twin Strike"],"picked":"Shrug It Off","floor":13},{"not_picked":["Brutality","Barricade"],"picked":"Fiend Fire","floor":16},{"not_picked":["Warcry","Armaments","Thunderclap"],"picked":"Shrug It Off","floor":18},{"not_picked":["Sword Boomerang","True Grit","Ghostly Armor"],"picked":"Shrug It Off","floor":19}],"player_experience":131068,"potions_floor_usage":[6,13,16,19],"damage_taken":[{"damage":7,"enemies":"Jaw Worm","floor":1,"turns":5},{"damage":0,"enemies":"Small Slimes","floor":5,"turns":3},{"damage":40,"enemies":"Lagavulin","floor":6,"turns":8},{"damage":0,"enemies":"2 Louse","floor":10,"turns":2},{"damage":8,"enemies":"Gremlin Nob","floor":11,"turns":3},{"damage":6,"enemies":"Red Slaver","floor":12,"turns":4},{"damage":0,"enemies":"Large Slime","floor":13,"turns":3},{"damage":67,"enemies":"Hexaghost","floor":16,"turns":11},{"damage":49,"enemies":"3 Byrds","floor":18,"turns":8},{"damage":32,"enemies":"Chosen","floor":19,"turns":6},{"damage":34,"enemies":"Snake Plant","floor":22,"turns":4}],"event_choices":[{"event_name":"The Cleric","player_choice":"Card Removal","floor":2,"damage_taken":0},{"event_name":"Match and Keep!","player_choice":"1 cards matched","floor":3,"damage_taken":0},{"event_name":"Scrap Ooze","player_choice":"success","floor":4,"damage_taken":7},{"event_name":"Shining Light","player_choice":"Entered Light","floor":7,"damage_taken":0},{"event_name":"Vampires","player_choice":"Became a vampire (Vial)","floor":20,"damage_taken":0}],"boss_relics":[{"not_picked":["Philosopher\u0027s Stone","Velvet Choker"],"picked":"Calling Bell"}],"potions_floor_spawned":[5,10,12,18],"seed_played":"-8295366212484940189","killed_by":"Snake Plant","ascension_level":0,"is_trial":false}