{"gold_per_floor":[115,128,78,78,89,89,116,37,37,47,63,63,63,74,74,170,170,180,66,79,92,6,6],"floor_reached":23,"playtime":2525,"items_purged":["Survivor"],"score":193,"play_id":"af3eb5e4-4697-4ce8-99e6-e1c25ff6e963","local_time":"20190131172114","is_ascension_mode":false,"campfire_choices":[{"data":"Noxious Fumes","floor":6.0,"key":"SMITH"},{"floor":15.0,"key":"REST"}],"neow_cost":"NONE","seed_source_timestamp":0,"circlet_count":0,"master_deck":["Defend_G","Defend_G","Defend_G","Defend_G","Defend_G+1","Strike_G","Strike_G+1","Strike_G","Neutralize","Underhanded Strike","Noxious Fumes+1","Night Terror","Caltrops+1","Noxious Fumes","Bandage Up"],"special_seed":0,"relics":["Ring of the Snake","Mummified Hand","Bottled Tornado","Tingsha","HoveringKite"],"potions_floor_usage":[23,23],"damage_taken":[{"damage":5.0,"enemies":"Jaw Worm","floor":1.0,"turns":5.0},{"damage":0.0,"enemies":"Small Slimes","floor":2.0,"turns":4.0},{"damage":1.0,"enemies":"Cultist","floor":5.0,"turns":5.0},{"damage":24.0,"enemies":"Gremlin Nob","floor":7.0,"turns":5.0},{"damage":0.0,"enemies":"Looter","floor":10.0,"turns":5.0},{"damage":10.0,"enemies":"3 Louse","floor":11.0,"turns":4.0},{"damage":13.0,"enemies":"Exordium Wildlife","floor":14.0,"turns":4.0},{"damage":3.0,"enemies":"Hexaghost","floor":16.0,"turns":8.0},{"damage":35.0,"enemies":"Shell Parasite","floor":18.0,"turns":10.0},{"damage":21.0,"enemies":"Spheric Guardian","floor":20.0,"turns":5.0},{"damage":15.0,"enemies":"Centurion and Healer","floor":21.0,"turns":6.0},{"damage":12,"enemies":"Book of Stabbing","floor":23,"turns":2}],"seed_played":"-9020311768076108094","potions_obtained":[{"floor":5.0,"key":"EssenceOfSteel"},{"floor":10.0,"key":"Energy Potion"},{"floor":18.0,"key":"GamblersBrew"}],"is_trial":false,"path_per_floor":["M","M","?","?","M","R","E","$","T","M","M","?","?","M","R","B",null,"M","$","M","M","$","E"],"character_chosen":"THE_SILENT","items_purchased":["Ancient Potion","Noxious Fumes","Bandage Up"],"campfire_rested":1,"item_purchase_floors":[8,19,22],"current_hp_per_floor":[72,72,72,72,71,71,47,47,47,47,37,34,19,6,29,26,77,42,42,21,6,6,0],"gold":6,"neow_bonus":"TEN_PERCENT_HP_BONUS","is_prod":false,"is_daily":false,"chose_seed":false,"campfire_upgraded":1,"win_rate":0.0,"timestamp":1548984074,"path_taken":["M","M","?","?","M","R","E","$","T","M","?","?","?","M","R","BOSS","M","$","M","M","$","E"],"build_version":"2019-01-23","purchased_purges":1,"victory":false,"max_hp_per_floor":[77,77,77,77,77,77,77,77,77,77,77,77,77,77,77,77,77,77,77,77,77,77,77],"card_choices":[{"not_picked":["All Out Attack","Infinite Blades"],"picked":"Underhanded Strike","floor":1.0},{"not_picked":["Deflect","Bouncing Flask"],"picked":"Noxious Fumes","floor":2.0},{"not_picked":["Acrobatics","Quick Slash","Heel Hook"],"picked":"SKIP","floor":5.0},{"not_picked":["PiercingWail","Deflect","Acrobatics"],"picked":"SKIP","floor":7.0},{"not_picked":["Prepared","Tactician"],"picked":"Night Terror","floor":10.0},{"not_picked":["Blur","Acrobatics","Catalyst"],"picked":"SKIP","floor":11.0},{"not_picked":["Quick Slash","Prepared","Bane"],"picked":"SKIP","floor":14.0},{"not_picked":["Terror","Bane"],"picked":"Caltrops+1","floor":18.0},{"not_picked":["Poisoned Stab+1","Bane+1","Underhanded Strike"],"picked":"SKIP","floor":20.0},{"not_picked":["Dagger Throw","Backflip","Flying Knee"],"picked":"SKIP","floor":21.0}],"player_experience":1663,"relics_obtained":[{"floor":7.0,"key":"Mummified Hand"},{"floor":9.0,"key":"Bottled Tornado"}],"event_choices":[{"cards_removed":["Strike_G"],"damage_healed":0.0,"max_hp_gain":0.0,"max_hp_loss":0.0,"gold_gain":0.0,"event_name":"The Cleric","player_choice":"Card Removal","floor":3.0,"gold_loss":50.0,"damage_taken":0.0},{"cards_removed":["Strike_G"],"damage_healed":0.0,"max_hp_gain":0.0,"max_hp_loss":0.0,"gold_gain":0.0,"event_name":"Purifier","player_choice":"Purged","floor":4.0,"gold_loss":0.0,"damage_taken":0.0},{"damage_healed":0.0,"max_hp_gain":0.0,"max_hp_loss":0.0,"gold_gain":0.0,"event_name":"Scrap Ooze","player_choice":"Success","floor":12.0,"gold_loss":0.0,"damage_taken":3.0,"relics_obtained":["Tingsha"]},{"damage_healed":0.0,"max_hp_gain":0.0,"max_hp_loss":0.0,"gold_gain":0.0,"event_name":"Shining Light","player_choice":"Entered Light","floor":13.0,"gold_loss":0.0,"damage_taken":15.0,"cards_upgraded":["Strike_G","Defend_G"]}],"is_beta":false,"boss_relics":[{"not_picked":["Philosopher\u0027s Stone","Ring of the Serpent"],"picked":"HoveringKite"}],"items_purged_floors":[19],"is_endless":false,"potions_floor_spawned":[5,10,18],"killed_by":"Book of Stabbing","ascension_level":0}