{"gold_per_floor":[118,83,83,99,118,118,144,144,144,144,160,160,177,188,188,288,288,304,304,284,284,298,298,314,329,353,353,353],"floor_reached":28,"playtime":9069,"items_purged":[],"score":319,"play_id":"38887e6b-0273-40c1-976b-5b4df2f57ecd","local_time":"20181005181138","is_ascension_mode":true,"campfire_choices":[{"data":"Sweeping Beam","floor":6,"key":"SMITH"},{"data":"Chaos","floor":8,"key":"SMITH"},{"data":"Tempest","floor":10,"key":"SMITH"},{"floor":12,"key":"REST"},{"floor":15,"key":"REST"},{"data":"Dualcast","floor":23,"key":"SMITH"},{"floor":27,"key":"REST"}],"neow_cost":"","seed_source_timestamp":310691658797515,"circlet_count":0,"master_deck":["Strike_B","Strike_B","Strike_B","Strike_B","Defend_B+1","Defend_B","Defend_B","Defend_B","Zap+1","Dualcast+1","FTL","Sweeping Beam+1","Tempest+1","Chaos+1","Ball Lightning","Ball Lightning","Echo Form","Conserve Battery","Cold Snap","Coolheaded+1","Beam Cell"],"relics":["Cracked Core","Bottled Flame","Pen Nib","Busted Crown","War Paint"],"potions_floor_usage":[7,7,16,22,28],"damage_taken":[{"damage":4,"enemies":"Jaw Worm","floor":1,"turns":3},{"damage":3,"enemies":"2 Louse","floor":4,"turns":2},{"damage":0,"enemies":"Small Slimes","floor":5,"turns":2},{"damage":24,"enemies":"Lagavulin","floor":7,"turns":5},{"damage":3,"enemies":"Blue Slaver","floor":11,"turns":3},{"damage":0,"enemies":"Looter","floor":13,"turns":2},{"damage":1,"enemies":"2 Fungi Beasts","floor":14,"turns":2},{"damage":49,"enemies":"Hexaghost","floor":16,"turns":7},{"damage":20,"enemies":"Shell Parasite","floor":18,"turns":4},{"damage":0,"enemies":"Chosen","floor":22,"turns":3},{"damage":14,"enemies":"Snecko","floor":24,"turns":4},{"damage":22,"enemies":"Shelled Parasite and Fungi","floor":25,"turns":5},{"damage":38,"enemies":"Gremlin Leader","floor":28,"turns":6}],"seed_played":"-5054673751780662972","potions_obtained":[{"floor":1,"key":"Dexterity Potion"},{"floor":4,"key":"SkillPotion"},{"floor":5,"key":"Dexterity Potion"},{"floor":7,"key":"EssenceOfSteel"},{"floor":18,"key":"SkillPotion"},{"floor":20,"key":"Dexterity Potion"}],"is_trial":false,"path_per_floor":["M","?","?","M","M","R","E","R","T","R","M","R","M","M","R","B",null,"M","?","?","?","M","R","M","M","T","R"],"character_chosen":"DEFECT","items_purchased":[],"campfire_rested":3,"item_purchase_floors":[],"current_hp_per_floor":[64,75,75,72,72,72,48,48,48,48,45,67,67,66,75,26,63,43,75,75,75,75,75,61,39,39,61,23],"gold":353,"neow_bonus":"","is_prod":false,"is_daily":false,"chose_seed":false,"campfire_upgraded":4,"win_rate":0,"timestamp":1538755898,"path_taken":["M","?","?","M","M","R","E","R","T","R","M","R","M","M","R","BOSS","M","?","?","?","M","R","M","M","T","R","E"],"build_version":"2018-10-04","purchased_purges":0,"victory":false,"max_hp_per_floor":[75,75,75,75,75,75,75,75,75,75,75,75,75,75,75,75,75,75,75,75,75,75,75,75,75,75,75,75],"card_choices":[{"not_picked":["Melter","Streamline"],"picked":"FTL","floor":1},{"not_picked":["Beam Cell","Double Energy"],"picked":"Sweeping Beam","floor":4},{"not_picked":["Compile Driver","Hologram"],"picked":"Tempest","floor":5},{"not_picked":["Hologram","Fusion"],"picked":"Chaos","floor":7},{"not_picked":["Barrage","Skim","Sweeping Beam"],"picked":"SKIP","floor":11},{"not_picked":["Beam Cell","Hologram"],"picked":"Ball Lightning","floor":13},{"not_picked":["Stack","Hologram"],"picked":"Ball Lightning","floor":14},{"not_picked":["Fission","Core Surge"],"picked":"Echo Form","floor":16},{"not_picked":[],"picked":"Conserve Battery","floor":18},{"not_picked":[],"picked":"Cold Snap","floor":22},{"not_picked":[],"picked":"Coolheaded","floor":24},{"not_picked":[],"picked":"Beam Cell","floor":25}],"player_experience":1035336,"relics_obtained":[{"floor":7,"key":"Bottled Flame"},{"floor":9,"key":"Pen Nib"},{"floor":26,"key":"War Paint"}],"event_choices":[{"event_name":"The Cleric","player_choice":"Healed","floor":2,"damage_taken":0},{"event_name":"Living Wall","player_choice":"Grow","floor":3,"damage_taken":0},{"event_name":"Wheel of Change","player_choice":"Full Heal","floor":19,"damage_taken":0},{"event_name":"The Woman in Blue","player_choice":"Bought 1 Potion","floor":20,"damage_taken":0},{"event_name":"Ghosts","player_choice":"Ignored","floor":21,"damage_taken":0}],"is_beta":false,"boss_relics":[{"not_picked":["Astrolabe","Orrery"],"picked":"Busted Crown"}],"items_purged_floors":[],"is_endless":false,"potions_floor_spawned":[1,4,5,7,18],"killed_by":"Gremlin Leader","ascension_level":9}