{"path_per_floor":["M","?","$","?","M","R","E","R","T","E","M","R","E","?","R","B",null,"M","M","?"],"character_chosen":"DEFECT","items_purchased":["Beam Cell"],"gold_per_floor":[112,112,12,12,30,30,61,61,138,171,182,182,207,307,307,403,403,390,405,405,405],"floor_reached":21,"campfire_rested":1,"playtime":983,"item_purchase_floors":[3],"current_hp_per_floor":[75,75,75,75,75,75,61,61,61,44,44,44,35,35,59,51,74,58,26,26,10],"items_purged":["Regret"],"gold":405,"score":244,"play_id":"04c6e9e0-b809-4e71-9587-e2c1ad578a57","local_time":"20180620201331","is_prod":false,"is_daily":false,"chose_seed":false,"is_ascension_mode":true,"campfire_upgraded":3,"win_rate":0,"timestamp":1529518411,"campfire_choices":[{"data":"Chaos","floor":6,"key":"SMITH"},{"data":"Loop","floor":8,"key":"SMITH"},{"data":"Redo","floor":12,"key":"SMITH"},{"floor":15,"key":"REST"}],"path_taken":["M","?","$","?","M","R","E","R","T","E","M","R","E","?","R","BOSS","M","M","?","?"],"build_version":"2018-06-14v2","seed_source_timestamp":613189808908865,"purchased_purges":1,"victory":false,"master_deck":["Strike_B+1","Strike_B+1","Strike_B+1","Strike_B+1","Defend_B+1","Defend_B+1","Defend_B+1","Defend_B+1","Zap+1","Dualcast+1","Loop+1","Beam Cell","Chaos+1","Loop","Redo+1","Reinforced Body","Creative AI","Creative AI","Cold Snap+1","Coolheaded+1"],"max_hp_per_floor":[75,75,75,75,75,75,82,82,82,82,82,82,82,82,82,82,82,82,82,82,82],"relics":["Cracked Core","Orichalcum","Strawberry","Bottled Lightning","Kunai","Art of War","Lizard Tail"],"card_choices":[{"not_picked":["Redo","Steam"],"picked":"Loop","floor":1},{"not_picked":["Force Field","Stack"],"picked":"Chaos","floor":5},{"not_picked":["Gash","Coolheaded"],"picked":"Loop","floor":7},{"not_picked":["Steam Power","Creative AI"],"picked":"Redo","floor":10},{"not_picked":["Stack","Barrage"],"picked":"Reinforced Body","floor":11},{"not_picked":["Steam","Go for the Eyes"],"picked":"Creative AI","floor":13},{"not_picked":["Hyperbeam","Biased Cognition"],"picked":"Creative AI","floor":16},{"not_picked":["Coolheaded","Barrage+1"],"picked":"Cold Snap+1","floor":18},{"not_picked":["Steam","Conserve Battery"],"picked":"Coolheaded+1","floor":19}],"player_experience":766972,"potions_floor_usage":[10,13,18],"damage_taken":[{"damage":0,"enemies":"Cultist","floor":1,"turns":3},{"damage":0,"enemies":"2 Louse","floor":5,"turns":3},{"damage":21,"enemies":"3 Sentries","floor":7,"turns":7},{"damage":17,"enemies":"Gremlin Nob","floor":10,"turns":4},{"damage":0,"enemies":"Small Slimes","floor":11,"turns":2},{"damage":9,"enemies":"3 Sentries","floor":13,"turns":6},{"damage":8,"enemies":"The Guardian","floor":16,"turns":6},{"damage":16,"enemies":"2 Thieves","floor":18,"turns":4},{"damage":75,"enemies":"3 Byrds","floor":19,"turns":7},{"damage":16,"enemies":"Snake Plant","floor":21,"turns":2}],"relics_obtained":[{"floor":7,"key":"Strawberry"},{"floor":9,"key":"Bottled Lightning"},{"floor":10,"key":"Kunai"},{"floor":13,"key":"Art of War"}],"event_choices":[{"event_name":"Big Fish","player_choice":"Box","floor":2,"damage_taken":0},{"event_name":"Living Wall","player_choice":"Grow","floor":4,"damage_taken":0},{"event_name":"Wheel of Change","player_choice":"Gold","floor":14,"damage_taken":0},{"event_name":"Back to Basics","player_choice":"Simplicity","floor":20,"damage_taken":0}],"boss_relics":[{"not_picked":["Snecko Eye","Sozu"],"picked":"Lizard Tail"}],"items_purged_floors":[3],"is_endless":false,"potions_floor_spawned":[7,10,16],"seed_played":"8082705909384579918","killed_by":"Snake Plant","ascension_level":5,"potions_obtained":[{"floor":7,"key":"Poison Potion"},{"floor":10,"key":"EssenceOfSteel"},{"floor":16,"key":"GamblersBrew"}],"is_trial":false}