{"gold_per_floor":[113,113,126,5,20,20,30,30,30,5,5,16,49,67,67,163,163,173,184,73,84,95,95],"floor_reached":23,"playtime":1503,"items_purged":["Regret"],"score":263,"play_id":"9aeda210-d131-4005-9706-d1076d79ab64","local_time":"20180726195000","is_ascension_mode":true,"campfire_choices":[{"data":"Metallicize","floor":6,"key":"SMITH"},{"floor":8,"key":"REST"},{"data":"Fire Breathing","floor":11,"key":"SMITH"},{"floor":15,"key":"REST"}],"neow_cost":"NONE","seed_source_timestamp":872422496740356,"circlet_count":0,"master_deck":["Strike_R","Strike_R","Strike_R","Strike_R","Strike_R","Defend_R","Defend_R","Defend_R+1","Defend_R","Bash+1","Cleave","Fire Breathing+1","Shrug It Off","Metallicize+1","Pommel Strike","Havoc","Perfected Strike","Flame Barrier","Whirlwind","Demon Form","Writhe","Doubt","Twin Strike+1","Twin Strike+1","Corruption","Twin Strike+1","Metallicize"],"relics":["Runic Pyramid","Meat on the Bone","Regal Pillow","Calling Bell","Sundial","Mercury Hourglass","Blood Vial"],"potions_floor_usage":[13,13,13,16,18,23,23],"damage_taken":[{"damage":10,"enemies":"Small Slimes","floor":1,"turns":3},{"damage":2,"enemies":"Jaw Worm","floor":3,"turns":3},{"damage":3,"enemies":"2 Louse","floor":5,"turns":2},{"damage":24,"enemies":"Exordium Thugs","floor":7,"turns":5},{"damage":20,"enemies":"Lots of Slimes","floor":12,"turns":3},{"damage":16,"enemies":"Lagavulin","floor":13,"turns":5},{"damage":6,"enemies":"Gremlin Gang","floor":14,"turns":4},{"damage":43,"enemies":"The Guardian","floor":16,"turns":14},{"damage":12,"enemies":"Chosen","floor":18,"turns":5},{"damage":28,"enemies":"Spheric Guardian","floor":19,"turns":5},{"damage":4,"enemies":"Snecko","floor":21,"turns":5},{"damage":18,"enemies":"Centurion and Healer","floor":22,"turns":6},{"damage":29,"enemies":"Slavers","floor":23,"turns":2}],"seed_played":"287489319310413631","potions_obtained":[{"floor":3,"key":"SteroidPotion"},{"floor":13,"key":"Explosive Potion"},{"floor":14,"key":"Weak Potion"},{"floor":16,"key":"Dexterity Potion"},{"floor":21,"key":"PowerPotion"}],"is_trial":false,"path_per_floor":["M","?","M","$","M","R","M","R","T","$","R","M","E","M","R","B",null,"M","M","$","M","M"],"character_chosen":"IRONCLAD","items_purchased":["Shrug It Off","PowerPotion","Fire Potion","Havoc","Corruption"],"campfire_rested":2,"item_purchase_floors":[4,4,4,10,20],"current_hp_per_floor":[62,46,44,44,41,41,17,41,41,41,41,33,29,35,74,43,71,61,47,47,45,41,14],"gold":95,"neow_bonus":"BOSS_RELIC","is_prod":false,"is_daily":false,"chose_seed":false,"campfire_upgraded":2,"win_rate":0,"timestamp":1532627400,"path_taken":["M","?","M","$","M","R","M","R","T","?","R","?","E","M","R","BOSS","M","M","$","M","?","E"],"build_version":"2018-07-19v2","purchased_purges":1,"victory":false,"max_hp_per_floor":[80,80,80,80,80,80,80,80,80,80,80,80,80,80,80,80,80,80,80,80,80,80,80],"card_choices":[{"not_picked":["Thunderclap","True Grit"],"picked":"Cleave","floor":1},{"not_picked":["Anger","Clash"],"picked":"Fire Breathing","floor":3},{"not_picked":["Heavy Blade","Headbutt"],"picked":"Metallicize","floor":5},{"not_picked":["Shrug It Off","True Grit"],"picked":"Pommel Strike","floor":7},{"not_picked":["Rage","Wild Strike"],"picked":"Perfected Strike","floor":12},{"not_picked":["Pummel","Dark Embrace"],"picked":"Flame Barrier","floor":13},{"not_picked":["Anger","Dual Wield"],"picked":"Whirlwind","floor":14},{"not_picked":["Brutality","Reaper"],"picked":"Demon Form","floor":16},{"not_picked":["Carnage+1","Ghostly Armor"],"picked":"Twin Strike+1","floor":18},{"not_picked":["Cleave","Rampage"],"picked":"Twin Strike+1","floor":19},{"not_picked":["True Grit","Heavy Blade"],"picked":"Twin Strike+1","floor":21},{"not_picked":["Iron Wave+1","Anger"],"picked":"Metallicize","floor":22}],"player_experience":842359,"relics_obtained":[{"floor":9,"key":"Meat on the Bone"},{"floor":13,"key":"Regal Pillow"},{"floor":17,"key":"Sundial"},{"floor":17,"key":"Mercury Hourglass"},{"floor":17,"key":"Blood Vial"}],"event_choices":[{"event_name":"Shining Light","player_choice":"Entered Light","floor":2,"damage_taken":0}],"is_beta":false,"boss_relics":[{"not_picked":["Astrolabe","Busted Crown"],"picked":"Calling Bell"}],"items_purged_floors":[20],"is_endless":false,"potions_floor_spawned":[3,13,14,16,21],"killed_by":"Slavers","ascension_level":7}