{"gold_per_floor":[159,170,170,190,190,223,223,239,239,267,28,44,60,76,76,176,176,194,117,97,97],"floor_reached":21,"playtime":799,"items_purged":[],"score":280,"play_id":"a4c50247-8fec-46a5-8963-95c164331b97","local_time":"20180823142434","is_ascension_mode":true,"campfire_choices":[{"data":"Caltrops","floor":7,"key":"SMITH"},{"floor":15,"key":"REST"}],"neow_cost":"NONE","seed_source_timestamp":160354082586301,"circlet_count":0,"master_deck":["Defend_G","Defend_G+1","Defend_G","Defend_G","Defend_G","Strike_G","Strike_G","Strike_G","Strike_G","Strike_G","Survivor","Neutralize+1","Backstab","Heel Hook","Prepared","Dodge and Roll","Caltrops+1","Dagger Throw","All Out Attack","Dagger Spray","Backflip","Escape Plan","Envenom","Outmaneuver","Poisoned Stab","Sucker Punch","Doppelganger","Dodge and Roll","Sucker Punch","J.A.X.","Flying Knee+1"],"relics":["Tiny House","Potion Belt","Ornamental Fan","Bird Faced Urn","Paper Crane","Orrery"],"potions_floor_usage":[6,10,10],"damage_taken":[{"damage":1,"enemies":"2 Louse","floor":1,"turns":2},{"damage":2,"enemies":"Cultist","floor":2,"turns":4},{"damage":0,"enemies":"Small Slimes","floor":4,"turns":3},{"damage":36,"enemies":"Gremlin Nob","floor":6,"turns":6},{"damage":2,"enemies":"Red Slaver","floor":8,"turns":4},{"damage":17,"enemies":"Lagavulin","floor":10,"turns":5},{"damage":6,"enemies":"Looter","floor":12,"turns":3},{"damage":0,"enemies":"2 Fungi Beasts","floor":13,"turns":3},{"damage":0,"enemies":"Lots of Slimes","floor":14,"turns":3},{"damage":21,"enemies":"The Guardian","floor":16,"turns":15},{"damage":38,"enemies":"Spheric Guardian","floor":18,"turns":6},{"damage":15,"enemies":"2 Thieves","floor":20,"turns":4},{"damage":11,"enemies":"Chosen and Byrds","floor":21,"turns":5}],"seed_played":"1262005576007151679","potions_obtained":[{"floor":0,"key":"Weak Potion"},{"floor":1,"key":"Ancient Potion"},{"floor":6,"key":"Strength Potion"},{"floor":8,"key":"AttackPotion"},{"floor":13,"key":"Energy Potion"},{"floor":16,"key":"Explosive Potion"}],"is_trial":false,"path_per_floor":["M","M","?","M","?","E","R","M","T","E","$","M","M","M","R","B",null,"M","?","M"],"character_chosen":"THE_SILENT","items_purchased":["Paper Crane"],"campfire_rested":1,"item_purchase_floors":[11],"current_hp_per_floor":[67,65,75,75,75,39,39,37,37,20,20,16,16,16,38,19,61,27,27,12,3],"gold":97,"neow_bonus":"BOSS_RELIC","is_prod":false,"is_daily":false,"chose_seed":false,"campfire_upgraded":1,"win_rate":0,"timestamp":1535027074,"path_taken":["M","M","?","?","?","E","R","M","T","E","$","?","M","?","R","BOSS","M","?","M","M"],"build_version":"2018-08-16","purchased_purges":0,"victory":false,"max_hp_per_floor":[75,75,75,75,75,75,75,75,75,75,75,75,75,75,75,75,75,75,75,75,75],"card_choices":[{"not_picked":["Setup","Sucker Punch"],"picked":"Backstab","floor":0},{"not_picked":["Dash","Slice"],"picked":"Heel Hook","floor":1},{"not_picked":["Finisher","Eviscerate"],"picked":"Prepared","floor":2},{"not_picked":["Deflect","Predator"],"picked":"Dodge and Roll","floor":4},{"not_picked":["All Out Attack","PiercingWail"],"picked":"Caltrops","floor":6},{"not_picked":["Infinite Blades","Dagger Spray"],"picked":"Dagger Throw","floor":8},{"not_picked":["Flechettes","Distraction"],"picked":"All Out Attack","floor":10},{"not_picked":["Bouncing Flask","Poisoned Stab"],"picked":"Dagger Spray","floor":12},{"not_picked":["Poisoned Stab","Predator"],"picked":"Backflip","floor":13},{"not_picked":["Bouncing Flask","Bane"],"picked":"Escape Plan","floor":14},{"not_picked":["Corpse Explosion","Bullet Time"],"picked":"Envenom","floor":16},{"not_picked":["Bouncing Flask","Deadly Poison"],"picked":"Outmaneuver","floor":17},{"not_picked":["Deadly Poison","Prepared"],"picked":"Poisoned Stab","floor":17},{"not_picked":["Outmaneuver","Blade Dance"],"picked":"Sucker Punch","floor":17},{"not_picked":["Slice","Dagger Spray"],"picked":"Doppelganger","floor":17},{"not_picked":["Underhanded Strike","Deadly Poison"],"picked":"Dodge and Roll","floor":17},{"not_picked":["Backstab","Finisher"],"picked":"Sucker Punch","floor":18},{"not_picked":["Sucker Punch","Acrobatics"],"picked":"Flying Knee+1","floor":20}],"player_experience":920037,"relics_obtained":[{"floor":6,"key":"Potion Belt"},{"floor":9,"key":"Ornamental Fan"},{"floor":10,"key":"Bird Faced Urn"}],"event_choices":[{"event_name":"Wheel of Change","player_choice":"Full Heal","floor":3,"damage_taken":0},{"event_name":"Living Wall","player_choice":"Grow","floor":5,"damage_taken":0},{"event_name":"Drug Dealer","player_choice":"Got JAXXED","floor":19,"damage_taken":0}],"is_beta":false,"boss_relics":[{"not_picked":["Black Star","Runic Dome"],"picked":"Orrery"}],"items_purged_floors":[],"is_endless":false,"potions_floor_spawned":[1,6,8,13,16],"killed_by":"Chosen and Byrds","ascension_level":9}