{"gold_per_floor":[113,125,125,50,70,70,98,42,42,42,57,75,98,25,25,25],"floor_reached":16,"playtime":412,"items_purged":["Shame"],"score":195,"play_id":"0136a285-0a04-45d0-afae-6b4f81b22cc5","local_time":"20190219192402","is_ascension_mode":true,"campfire_choices":[{"floor":6,"key":"REST"},{"floor":10,"key":"REST"},{"floor":15,"key":"REST"}],"neow_cost":"CURSE","seed_source_timestamp":15290248730130602,"circlet_count":0,"master_deck":["AscendersBane","Strike_R","Strike_R","Strike_R","Strike_R","Strike_R","Defend_R","Defend_R","Defend_R","Defend_R","Bash","Thunderclap","Havoc","Metallicize","Spot Weakness","Shrug It Off","Seeing Red"],"relics":["Burning Blood","Gremlin Horn","The Courier","PreservedInsect"],"potions_floor_usage":[7,11,12],"damage_taken":[{"damage":21,"enemies":"Jaw Worm","floor":1,"turns":4},{"damage":17,"enemies":"Cultist","floor":2,"turns":4},{"damage":14,"enemies":"2 Louse","floor":5,"turns":3},{"damage":65,"enemies":"Lagavulin","floor":7,"turns":9},{"damage":9,"enemies":"2 Fungi Beasts","floor":11,"turns":3},{"damage":14,"enemies":"Gremlin Gang","floor":12,"turns":5},{"damage":62,"enemies":"Slime Boss","floor":16,"turns":6}],"seed_played":"2348343547594284203","potions_obtained":[{"floor":5,"key":"LiquidBronze"},{"floor":7,"key":"Fire Potion"},{"floor":11,"key":"AttackPotion"}],"is_trial":false,"path_per_floor":["M","M","?","$","M","R","E","$","T","R","M","M","T","?","R","B"],"character_chosen":"IRONCLAD","items_purchased":["Shrug It Off"],"campfire_rested":3,"item_purchase_floors":[8],"current_hp_per_floor":[67,56,56,56,48,74,15,15,15,41,38,30,30,30,56,0],"gold":25,"neow_bonus":"TWENTY_PERCENT_HP_BONUS","is_prod":false,"is_daily":false,"chose_seed":false,"campfire_upgraded":0,"win_rate":0,"timestamp":1550600642,"path_taken":["M","M","?","$","M","R","E","?","T","R","M","?","?","?","R","BOSS"],"build_version":"2019-01-23","purchased_purges":1,"victory":false,"max_hp_per_floor":[89,89,89,89,89,89,89,89,89,89,89,89,89,89,89,89],"card_choices":[{"not_picked":["Havoc","Body Slam"],"picked":"Thunderclap","floor":1},{"not_picked":["Body Slam","Rupture"],"picked":"Havoc","floor":2},{"not_picked":["Body Slam","Uppercut"],"picked":"Metallicize","floor":5},{"not_picked":["Rampage","Berserk"],"picked":"Spot Weakness","floor":7},{"not_picked":["Havoc","Wild Strike","Warcry"],"picked":"SKIP","floor":11},{"not_picked":["Carnage","Sentinel"],"picked":"Seeing Red","floor":12}],"player_experience":419465,"relics_obtained":[{"floor":7,"key":"Gremlin Horn"},{"floor":9,"key":"The Courier"},{"floor":13,"key":"PreservedInsect"}],"event_choices":[{"damage_healed":0,"gold_gain":0,"player_choice":"Ignored","damage_taken":0,"max_hp_gain":0,"max_hp_loss":0,"event_name":"Liars Game","floor":3,"gold_loss":0},{"damage_healed":0,"gold_gain":0,"player_choice":"Left Gold","damage_taken":0,"max_hp_gain":0,"max_hp_loss":0,"event_name":"World of Goop","floor":14,"gold_loss":73}],"is_beta":false,"boss_relics":[],"items_purged_floors":[4],"is_endless":false,"potions_floor_spawned":[5,7,11],"killed_by":"Slime Boss","ascension_level":19}