{"gold_per_floor":[117,134,35,35,48,48,74,74,97,110,124,158,158,108,108,209,209,229,247,265,265,94,94,113,131,131,131],"floor_reached":27,"playtime":3498,"items_purged":[],"score":259,"play_id":"84541f2b-b010-4358-9a66-536e75311eab","local_time":"20190218203552","is_ascension_mode":true,"campfire_choices":[{"data":"Noxious Fumes","floor":6,"key":"SMITH"},{"floor":8,"key":"REST"},{"data":"Footwork","floor":13,"key":"SMITH"},{"data":"Acrobatics","floor":15,"key":"SMITH"},{"floor":23,"key":"REST"}],"neow_cost":"NONE","seed_source_timestamp":312838742684800,"circlet_count":0,"master_deck":["Defend_G","Defend_G","Defend_G","Defend_G","Defend_G","Strike_G","Strike_G","Strike_G","Strike_G","Survivor","Neutralize+1","Noxious Fumes+1","Quick Slash","Deadly Poison","Footwork+1","Flying Knee","Tools of the Trade","Catalyst","Deadly Poison","Deflect","Acrobatics+1","Burst","Skewer","PiercingWail+1","Backstab+1","Finesse","Underhanded Strike","Dodge and Roll+1"],"relics":["Ring of the Snake","Bronze Scales","Bag of Marbles","Juzu Bracelet","Runic Dome","Shuriken"],"potions_floor_usage":[7,12,16,18,24,25,25,27],"damage_taken":[{"damage":0,"enemies":"Cultist","floor":1,"turns":4},{"damage":5,"enemies":"Jaw Worm","floor":2,"turns":6},{"damage":1,"enemies":"2 Louse","floor":5,"turns":3},{"damage":21,"enemies":"3 Sentries","floor":7,"turns":10},{"damage":1,"enemies":"Blue Slaver","floor":10,"turns":4},{"damage":0,"enemies":"Exordium Wildlife","floor":11,"turns":3},{"damage":1,"enemies":"Lagavulin","floor":12,"turns":6},{"damage":6,"enemies":"Slime Boss","floor":16,"turns":11},{"damage":5,"enemies":"Chosen","floor":18,"turns":4},{"damage":10,"enemies":"Spheric Guardian","floor":19,"turns":5},{"damage":29,"enemies":"Snecko","floor":20,"turns":5},{"damage":25,"enemies":"Centurion and Healer","floor":24,"turns":9},{"damage":16,"enemies":"Chosen and Byrds","floor":25,"turns":6},{"damage":17,"enemies":"3 Cultists","floor":27,"turns":4}],"seed_played":"-7373887709879265677","potions_obtained":[{"floor":2,"key":"SneckoOil"},{"floor":5,"key":"EssenceOfSteel"},{"floor":7,"key":"AttackPotion"},{"floor":11,"key":"SneckoOil"},{"floor":12,"key":"Dexterity Potion"},{"floor":24,"key":"Block Potion"},{"floor":25,"key":"Regen Potion"}],"is_trial":false,"path_per_floor":["M","M","$","?","M","R","E","R","T","M","M","E","R","$","R","B",null,"M","M","M","?","$","R","M","M","T","M"],"character_chosen":"THE_SILENT","items_purchased":["Deadly Poison","Footwork","Acrobatics","Regen Potion","Finesse"],"campfire_rested":2,"item_purchase_floors":[3,3,14,22,22],"current_hp_per_floor":[70,65,65,65,64,64,43,64,64,63,63,62,62,62,62,56,70,65,55,26,13,13,35,25,9,9,0],"gold":131,"neow_bonus":"UPGRADE_CARD","is_prod":false,"is_daily":false,"chose_seed":false,"campfire_upgraded":3,"win_rate":0,"timestamp":1550540152,"path_taken":["M","M","$","?","M","R","E","R","T","M","?","E","R","$","R","BOSS","M","M","M","?","$","R","M","M","T","M"],"build_version":"2019-01-23","purchased_purges":0,"victory":false,"max_hp_per_floor":[70,70,70,70,70,70,70,70,70,70,70,70,70,70,70,70,70,70,70,70,75,75,75,75,75,75,75],"card_choices":[{"not_picked":["Blade Dance","Bane"],"picked":"Noxious Fumes","floor":1},{"not_picked":["Predator","Distraction"],"picked":"Quick Slash","floor":2},{"not_picked":["Underhanded Strike","Distraction"],"picked":"Flying Knee","floor":5},{"not_picked":["Flying Knee","Slice"],"picked":"Tools of the Trade","floor":7},{"not_picked":["Slice","Setup"],"picked":"Catalyst","floor":10},{"not_picked":["Reflex","Underhanded Strike"],"picked":"Deadly Poison","floor":11},{"not_picked":["Flechettes","Bullet Time"],"picked":"Deflect","floor":12},{"not_picked":["Envenom","Malaise"],"picked":"Burst","floor":16},{"not_picked":["Eviscerate","Dagger Throw+1"],"picked":"Skewer","floor":18},{"not_picked":["Sucker Punch","Prepared"],"picked":"PiercingWail+1","floor":19},{"not_picked":["Bouncing Flask","PiercingWail"],"picked":"Backstab+1","floor":20},{"not_picked":["Prepared","Blade Dance"],"picked":"Underhanded Strike","floor":24},{"not_picked":["Slice+1","Infinite Blades"],"picked":"Dodge and Roll+1","floor":25}],"player_experience":246734,"relics_obtained":[{"floor":7,"key":"Bronze Scales"},{"floor":9,"key":"Bag of Marbles"},{"floor":12,"key":"Juzu Bracelet"},{"floor":26,"key":"Shuriken"}],"event_choices":[{"cards_removed":["Strike_G"],"damage_healed":0,"gold_gain":0,"player_choice":"Purged","damage_taken":0,"max_hp_gain":0,"max_hp_loss":0,"event_name":"Purifier","floor":4,"gold_loss":0},{"damage_healed":0,"gold_gain":0,"player_choice":"Shed Blood","damage_taken":18,"max_hp_gain":5,"max_hp_loss":0,"event_name":"Forgotten Altar","floor":21,"gold_loss":0}],"is_beta":false,"boss_relics":[{"not_picked":["Sozu","Eternal Feather"],"picked":"Runic Dome"}],"items_purged_floors":[],"is_endless":false,"potions_floor_spawned":[2,5,7,11,12,24,25],"killed_by":"3 Cultists","ascension_level":3}