{"gold_per_floor":[116,132,5,24,24,24,51,51,51,64,80,92,92,103,103,103],"floor_reached":16,"playtime":943,"items_purged":["Defend_R"],"score":191,"play_id":"602467c4-c73b-4f26-b943-b21d114d832a","local_time":"20190121202057","is_ascension_mode":true,"campfire_choices":[{"floor":8,"key":"REST"},{"data":"Feed","floor":13,"key":"SMITH"},{"data":"Flex","floor":15,"key":"SMITH"}],"neow_cost":"NONE","seed_source_timestamp":12787533653540545,"circlet_count":0,"master_deck":["AscendersBane","Strike_R","Strike_R","Strike_R","Strike_R","Strike_R","Defend_R","Defend_R","Defend_R","Bash","Inflame","Flex+1","Feed+1","Iron Wave","True Grit","Intimidate+1","Flex+1","Iron Wave"],"relics":["Burning Blood","Anchor","Smiling Mask","Toxic Egg 2"],"potions_floor_usage":[10,16,16],"damage_taken":[{"damage":13,"enemies":"Jaw Worm","floor":1,"turns":4},{"damage":9,"enemies":"Small Slimes","floor":2,"turns":3},{"damage":8,"enemies":"2 Louse","floor":4,"turns":2},{"damage":45,"enemies":"3 Sentries","floor":7,"turns":12},{"damage":4,"enemies":"Red Slaver","floor":10,"turns":3},{"damage":3,"enemies":"Blue Slaver","floor":11,"turns":4},{"damage":0,"enemies":"2 Fungi Beasts","floor":12,"turns":3},{"damage":4,"enemies":"3 Louse","floor":14,"turns":4},{"damage":94,"enemies":"The Guardian","floor":16,"turns":13}],"seed_played":"-2014841275588310034","potions_obtained":[{"floor":2,"key":"SteroidPotion"},{"floor":7,"key":"SteroidPotion"},{"floor":14,"key":"Regen Potion"}],"is_trial":false,"path_per_floor":["M","M","$","M","?","?","E","R","T","M","M","M","R","M","R","B"],"character_chosen":"IRONCLAD","items_purchased":["Iron Wave"],"campfire_rested":1,"item_purchase_floors":[3],"current_hp_per_floor":[65,62,62,63,68,56,20,47,47,52,58,67,67,73,73,0],"gold":103,"neow_bonus":"THREE_CARDS","is_prod":false,"is_daily":false,"chose_seed":false,"campfire_upgraded":2,"win_rate":0,"timestamp":1548098457,"path_taken":["M","M","$","M","?","?","E","R","T","M","M","M","R","M","R","BOSS"],"build_version":"2019-01-17v2","purchased_purges":1,"victory":false,"max_hp_per_floor":[80,80,80,83,88,88,91,91,91,94,97,100,100,104,104,104],"card_choices":[{"not_picked":["Entrench","Body Slam"],"picked":"Inflame","floor":0},{"not_picked":["Pommel Strike","Wild Strike"],"picked":"Flex","floor":1},{"not_picked":["Body Slam","True Grit"],"picked":"Feed","floor":2},{"not_picked":["Twin Strike","Havoc","Body Slam"],"picked":"SKIP","floor":4},{"not_picked":["Reckless Charge","Pommel Strike"],"picked":"True Grit","floor":7},{"not_picked":["Headbutt","Searing Blow","Twin Strike"],"picked":"SKIP","floor":10},{"not_picked":["Thunderclap","Perfected Strike"],"picked":"Intimidate+1","floor":11},{"not_picked":["Clothesline","Twin Strike"],"picked":"Flex+1","floor":12},{"not_picked":["Perfected Strike","Heavy Blade"],"picked":"Iron Wave","floor":14}],"player_experience":289459,"relics_obtained":[{"floor":7,"key":"Smiling Mask"},{"floor":9,"key":"Toxic Egg 2"}],"event_choices":[{"damage_healed":0,"gold_gain":0,"player_choice":"Donut","damage_taken":0,"max_hp_gain":5,"max_hp_loss":0,"event_name":"Big Fish","floor":5,"gold_loss":0},{"damage_healed":0,"gold_gain":0,"player_choice":"Success","damage_taken":12,"relics_obtained":["Anchor"],"max_hp_gain":0,"max_hp_loss":0,"event_name":"Scrap Ooze","floor":6,"gold_loss":0}],"is_beta":false,"boss_relics":[],"items_purged_floors":[3],"is_endless":false,"potions_floor_spawned":[2,7,14],"killed_by":"The Guardian","ascension_level":12}