{"path_per_floor":["M","M","?","$","M","R","?","R","T","E","M","T","R","M","R"],"character_chosen":"THE_SILENT","items_purchased":["Leg Sweep"],"gold_per_floor":[110,122,122,44,63,63,313,313,313,345,356,383,383,399,399,399],"floor_reached":16,"campfire_rested":2,"playtime":1146,"item_purchase_floors":[],"current_hp_per_floor":[62,62,62,62,62,62,62,62,62,24,22,22,58,42,70,0],"items_purged":[],"gold":399,"score":130,"play_id":"a8e1ed1e-2781-4924-8f60-1ef85d39f46b","local_time":"20180607000441","is_prod":false,"is_daily":false,"chose_seed":false,"is_ascension_mode":true,"campfire_upgraded":2,"win_rate":0,"timestamp":1528322681,"campfire_choices":[{"data":"Riddle With Holes","floor":6.0,"key":"SMITH"},{"data":"Leg Sweep","floor":8.0,"key":"SMITH"},{"floor":13.0,"key":"REST"},{"floor":15,"key":"REST"}],"path_taken":["M","M","?","$","M","R","?","R","T","E","M","?","R","M","R","BOSS"],"build_version":"2018-05-31","seed_source_timestamp":0,"purchased_purges":0,"victory":false,"master_deck":["Defend_G","Defend_G","Defend_G","Defend_G","Strike_G","Strike_G","Strike_G","Strike_G","Strike_G","Survivor","Neutralize","Underhanded Strike","Cloak And Dagger","Leg Sweep+1","Riddle With Holes+1","Regret","Flying Knee+1","Underhanded Strike+1","Dash+1"],"max_hp_per_floor":[70,70,70,70,70,70,70,70,70,70,70,70,70,70,70,70],"relics":["Ring of the Snake","Molten Egg 2","Question Card","Regal Pillow"],"card_choices":[{"not_picked":["Malaise","Slice"],"picked":"Underhanded Strike","floor":1.0},{"not_picked":["Caltrops","Acrobatics"],"picked":"Cloak And Dagger","floor":2.0},{"not_picked":["Backflip","Expertise"],"picked":"Riddle With Holes","floor":5.0},{"not_picked":["Crippling Poison","After Image"],"picked":"Flying Knee+1","floor":10.0},{"not_picked":["PiercingWail","Prepared","Calculated Gamble"],"picked":"Underhanded Strike+1","floor":11.0},{"not_picked":["Finisher+1","Underhanded Strike+1","Outmaneuver"],"picked":"Dash+1","floor":14}],"player_experience":587312,"potions_floor_usage":[14,16],"damage_taken":[{"damage":1.0,"enemies":"Small Slimes","floor":1.0,"turns":5.0},{"damage":0.0,"enemies":"Cultist","floor":2.0,"turns":3.0},{"damage":0.0,"enemies":"2 Louse","floor":5.0,"turns":3.0},{"damage":38.0,"enemies":"3 Sentries","floor":10.0,"turns":11.0},{"damage":2.0,"enemies":"Blue Slaver","floor":11.0,"turns":4.0},{"damage":16,"enemies":"Lots of Slimes","floor":14,"turns":7},{"damage":80,"enemies":"Slime Boss","floor":16,"turns":12}],"relics_obtained":[{"floor":9.0,"key":"Molten Egg 2"},{"floor":10.0,"key":"Question Card"},{"floor":12.0,"key":"Regal Pillow"}],"event_choices":[{"event_name":"Purifier","player_choice":"One Purge","floor":3.0,"damage_taken":0.0},{"event_name":"Golden Shrine","player_choice":"Desecrate","floor":7.0,"damage_taken":0.0}],"boss_relics":[],"items_purged_floors":[],"potions_floor_spawned":[1,5,10],"seed_played":"1143087805069634878","killed_by":"Slime Boss","ascension_level":6,"potions_obtained":[{"floor":1.0,"key":"LiquidBronze"},{"floor":5.0,"key":"GhostInAJar"},{"floor":10.0,"key":"SpeedPotion"}],"is_trial":false}