{"gold_per_floor":[112,124,124,124,142,142,159,169,169,187,197,197,222,222,222,222],"floor_reached":16,"playtime":417,"items_purged":[],"score":146,"play_id":"0c3b5df0-756a-40b7-bdd0-70f96b7095bc","local_time":"20180824231527","is_ascension_mode":true,"campfire_choices":[{"data":"Zap","floor":6,"key":"SMITH"},{"floor":15,"key":"REST"}],"neow_cost":"NONE","seed_source_timestamp":278990213837673,"circlet_count":0,"master_deck":["Strike_B","Strike_B","Strike_B","Strike_B","Defend_B","Defend_B+1","Defend_B+1","Defend_B","Zap+1","Dualcast","Turbo","Double Energy","Sweeping Beam","Undo","Coolheaded","Chaos","Hello World"],"relics":["Cracked Core","NeowsBlessing","Ancient Tea Set","Boot","Darkstone Periapt","Art of War"],"potions_floor_usage":[10,13,13],"damage_taken":[{"damage":0,"enemies":"Cultist","floor":1,"turns":1},{"damage":0,"enemies":"2 Louse","floor":2,"turns":1},{"damage":0,"enemies":"Jaw Worm","floor":5,"turns":1},{"damage":6,"enemies":"Looter","floor":7,"turns":2},{"damage":10,"enemies":"Red Slaver","floor":8,"turns":3},{"damage":7,"enemies":"Gremlin Gang","floor":10,"turns":3},{"damage":5,"enemies":"Exordium Wildlife","floor":11,"turns":5},{"damage":6,"enemies":"Gremlin Nob","floor":13,"turns":3},{"damage":43,"enemies":"Slime Boss","floor":16,"turns":7}],"seed_played":"4996681389460267920","potions_obtained":[{"floor":2,"key":"Poison Potion"},{"floor":8,"key":"Explosive Potion"},{"floor":11,"key":"AttackPotion"}],"is_trial":false,"path_per_floor":["M","M","$","?","M","R","M","M","T","M","M","?","E","T","R"],"character_chosen":"DEFECT","items_purchased":[],"campfire_rested":1,"item_purchase_floors":[],"current_hp_per_floor":[68,68,68,53,53,53,47,37,37,30,25,25,19,19,41,0],"gold":222,"neow_bonus":"THREE_ENEMY_KILL","is_prod":false,"is_daily":false,"chose_seed":false,"campfire_upgraded":1,"win_rate":0,"timestamp":1535145327,"path_taken":["M","?","$","?","M","R","M","M","T","?","M","?","E","?","R","BOSS"],"build_version":"2018-08-23v2","purchased_purges":0,"victory":false,"max_hp_per_floor":[75,75,75,75,75,75,75,75,75,75,75,75,75,75,75,75],"card_choices":[{"not_picked":["Steam","Aggregate"],"picked":"Turbo","floor":1},{"not_picked":["Coolheaded","Turbo"],"picked":"Double Energy","floor":2},{"not_picked":["Stack","Fusion"],"picked":"Sweeping Beam","floor":5},{"not_picked":["Coolheaded","Compile Driver"],"picked":"Undo","floor":7},{"not_picked":["Undo","Steam"],"picked":"Coolheaded","floor":8},{"not_picked":["Rebound","Darkness"],"picked":"Chaos","floor":10},{"not_picked":["Gash","Steam"],"picked":"Rebound","floor":11},{"not_picked":["Reprogram","Amplify"],"picked":"Hello World","floor":13}],"player_experience":927060,"relics_obtained":[{"floor":9,"key":"Ancient Tea Set"},{"floor":13,"key":"Darkstone Periapt"},{"floor":14,"key":"Art of War"}],"event_choices":[{"event_name":"Shining Light","player_choice":"Entered Light","floor":4,"damage_taken":0},{"event_name":"WeMeetAgain","player_choice":"Card","floor":12,"damage_taken":0}],"is_beta":false,"boss_relics":[],"items_purged_floors":[],"is_endless":false,"potions_floor_spawned":[2,8,11],"killed_by":"Slime Boss","ascension_level":8}