{"gold_per_floor":[118,118,134,61,74,88,128,98,98,114,114,134,8,32,32,32],"floor_reached":16,"playtime":671,"items_purged":[],"score":151,"play_id":"3a5d0554-4953-4b81-b37c-8976b66379a5","local_time":"20180818195641","is_ascension_mode":true,"campfire_choices":[{"data":"Whirlwind","floor":15,"key":"SMITH"}],"neow_cost":"NONE","seed_source_timestamp":341242542632002,"circlet_count":0,"master_deck":["Strike_R","Strike_R","Strike_R","Strike_R","Strike_R","Defend_R","Defend_R","Defend_R","Defend_R","Bash","Berserk","Thunderclap","Whirlwind+1","Spot Weakness","Hemokinesis","True Grit","Double Tap","Blood for Blood","Havoc","Shrug It Off","Metallicize","Flash of Steel","Disarm"],"relics":["Burning Blood","Golden Idol","Pantograph","Gremlin Horn"],"potions_floor_usage":[7,7,14,16],"damage_taken":[{"damage":5,"enemies":"Cultist","floor":1,"turns":4},{"damage":1,"enemies":"2 Louse","floor":3,"turns":2},{"damage":12,"enemies":"Jaw Worm","floor":5,"turns":2},{"damage":33,"enemies":"Lots of Slimes","floor":6,"turns":3},{"damage":33,"enemies":"Lagavulin","floor":7,"turns":5},{"damage":10,"enemies":"Looter","floor":8,"turns":4},{"damage":8,"enemies":"2 Fungi Beasts","floor":10,"turns":2},{"damage":24,"enemies":"Blue Slaver","floor":12,"turns":3},{"damage":3,"enemies":"3 Louse","floor":14,"turns":3},{"damage":41,"enemies":"The Guardian","floor":16,"turns":7}],"seed_played":"2123491973937768297","potions_obtained":[{"floor":5,"key":"Fire Potion"},{"floor":6,"key":"Fire Potion"},{"floor":10,"key":"BloodPotion"},{"floor":14,"key":"Block Potion"}],"is_trial":false,"path_per_floor":["M","?","M","$","M","M","E","M","T","M","?","M","$","M","R"],"character_chosen":"IRONCLAD","items_purchased":["Spot Weakness","Metallicize","Flash of Steel"],"campfire_rested":0,"item_purchase_floors":[4,13,13],"current_hp_per_floor":[73,73,74,74,68,41,14,10,10,8,32,14,14,24,24,8],"gold":32,"neow_bonus":"ONE_RANDOM_RARE_CARD","is_prod":false,"is_daily":false,"chose_seed":false,"campfire_upgraded":1,"win_rate":0,"timestamp":1534615001,"path_taken":["M","?","M","$","?","M","E","M","T","M","?","M","?","M","R","BOSS"],"build_version":"2018-08-16","purchased_purges":0,"victory":false,"max_hp_per_floor":[80,74,74,74,74,74,74,74,74,74,74,74,74,74,74,74],"card_choices":[{"not_picked":["Clash","Second Wind"],"picked":"Thunderclap","floor":1},{"not_picked":["Warcry","Heavy Blade"],"picked":"Whirlwind","floor":3},{"not_picked":["Anger","Whirlwind"],"picked":"Hemokinesis","floor":5},{"not_picked":["Sentinel","Uppercut"],"picked":"True Grit","floor":6},{"not_picked":["Clash","Searing Blow"],"picked":"Double Tap","floor":7},{"not_picked":["Clothesline","Flex"],"picked":"Blood for Blood","floor":8},{"not_picked":["Wild Strike","Whirlwind"],"picked":"Havoc","floor":10},{"not_picked":["Reckless Charge","Perfected Strike"],"picked":"Shrug It Off","floor":12},{"not_picked":["Double Tap","Body Slam"],"picked":"Disarm","floor":14}],"player_experience":893636,"relics_obtained":[{"floor":7,"key":"Pantograph"},{"floor":9,"key":"Gremlin Horn"}],"event_choices":[{"event_name":"Golden Idol","player_choice":"Lose Max HP","floor":2,"damage_taken":0},{"event_name":"Big Fish","player_choice":"Banana","floor":11,"damage_taken":0}],"is_beta":false,"boss_relics":[],"items_purged_floors":[],"is_endless":false,"potions_floor_spawned":[5,6,10,14],"killed_by":"The Guardian","ascension_level":9}