{"gold_per_floor":[111,111,111,123,123,123,153,153,153,153,169,169,17,49,49,154,154,173,98,112,39,65,124,136,136,160,160,190,202,213,34,34,132,132,151,151,251,182,195,195,215,248,274,274,290,290,300,320,320,320],"floor_reached":51,"playtime":3745,"items_purged":["Strike_R","Defend_R"],"score":782,"play_id":"993c39c2-6ad6-4657-98b7-45759bb99974","local_time":"20190111201921","is_ascension_mode":true,"campfire_choices":[{"data":"Iron Wave","floor":6,"key":"SMITH"},{"data":"Shrug It Off","floor":8,"key":"SMITH"},{"data":"Bash","floor":10,"key":"SMITH"},{"floor":15,"key":"DIG"},{"data":"Feed","floor":25,"key":"SMITH"},{"floor":27,"key":"DIG"},{"floor":32,"key":"REST"},{"data":"Entrench","floor":40,"key":"SMITH"},{"floor":46,"key":"REST"},{"data":"Flame Barrier","floor":49,"key":"SMITH"}],"neow_cost":"NONE","seed_source_timestamp":11920620364925182,"circlet_count":0,"master_deck":["Strike_R+1","Strike_R+1","Bash+1","Shrug It Off+1","Iron Wave+1","Entrench+1","Feed+1","Flame Barrier+1","Demon Form","Searing Blow+1","Fiend Fire+1","Immolate+1","Iron Wave","Inflame","Fire Breathing+1","Rage","True Grit","Iron Wave","Rampage","Iron Wave","Metallicize+1","Flame Barrier+1"],"relics":["Burning Blood","Blood Vial","Centennial Puzzle","Pen Nib","Shovel","Bronze Scales","Astrolabe","Art of War","Tiny Chest","Strawberry","Bag of Marbles","Ancient Tea Set","Mark of Pain","Unceasing Top","Kunai","Oddly Smooth Stone","Shuriken"],"potions_floor_usage":[33,33,47,50],"damage_taken":[{"damage":4,"enemies":"2 Louse","floor":1,"turns":3},{"damage":0,"enemies":"Small Slimes","floor":4,"turns":4},{"damage":31,"enemies":"Lagavulin","floor":7,"turns":7},{"damage":0,"enemies":"Cultist","floor":11,"turns":2},{"damage":20,"enemies":"3 Sentries","floor":14,"turns":11},{"damage":35,"enemies":"The Guardian","floor":16,"turns":13},{"damage":7,"enemies":"Shell Parasite","floor":18,"turns":2},{"damage":9,"enemies":"2 Thieves","floor":20,"turns":4},{"damage":28,"enemies":"Book of Stabbing","floor":23,"turns":6},{"damage":13,"enemies":"Centurion and Healer","floor":24,"turns":4},{"damage":36,"enemies":"Slavers","floor":28,"turns":4},{"damage":29,"enemies":"Shelled Parasite and Fungi","floor":29,"turns":4},{"damage":24,"enemies":"Sentry and Sphere","floor":30,"turns":6},{"damage":36,"enemies":"Collector","floor":33,"turns":7},{"damage":1,"enemies":"3 Darklings","floor":35,"turns":2},{"damage":4,"enemies":"Mind Bloom Boss Battle","floor":37,"turns":6},{"damage":11,"enemies":"Orb Walker","floor":39,"turns":4},{"damage":18,"enemies":"Transient","floor":41,"turns":5},{"damage":48,"enemies":"Nemesis","floor":42,"turns":9},{"damage":41,"enemies":"3 Darklings","floor":45,"turns":6},{"damage":6,"enemies":"Jaw Worm Horde","floor":47,"turns":4},{"damage":2,"enemies":"Transient","floor":48,"turns":5},{"damage":55,"enemies":"Donu and Deca","floor":50,"turns":11}],"seed_played":"6244421282119172377","potions_obtained":[{"floor":11,"key":"Swift Potion"},{"floor":14,"key":"Strength Potion"},{"floor":18,"key":"SkillPotion"},{"floor":35,"key":"FairyPotion"},{"floor":39,"key":"Strength Potion"}],"is_trial":false,"path_per_floor":["M","?","?","M","?","R","E","R","T","R","M","?","$","E","R","B",null,"M","$","M","$","T","E","M","R","T","R","E","M","M","$","R","B",null,"M","?","?","$","M","R","M","E","T","T","M","R","M","M","R","B",null],"character_chosen":"IRONCLAD","items_purchased":["Feed","Inflame","True Grit","Iron Wave","Rampage"],"campfire_rested":2,"item_purchase_floors":[13,21,31,31,38],"current_hp_per_floor":[80,64,57,65,65,65,42,42,42,42,50,50,50,41,41,14,83,82,82,83,83,83,63,61,61,68,68,40,23,11,11,42,14,104,104,104,104,104,103,103,93,53,53,53,20,52,58,64,64,17],"gold":320,"neow_bonus":"RANDOM_COMMON_RELIC","is_prod":false,"is_daily":false,"chose_seed":false,"campfire_upgraded":6,"win_rate":0,"timestamp":1547234361,"path_taken":["M","?","?","M","?","R","E","R","T","R","M","?","$","E","R","BOSS","M","?","M","$","?","E","M","R","T","R","E","M","M","$","R","BOSS","M","?","?","$","M","R","M","E","T","?","?","R","M","M","R","BOSS"],"build_version":"2019-01-10","purchased_purges":2,"victory":true,"max_hp_per_floor":[80,80,80,80,80,80,80,80,80,80,80,80,80,83,83,83,83,83,83,86,86,86,86,89,89,96,96,96,100,104,104,104,104,104,104,104,104,104,108,108,108,108,108,108,108,108,112,112,112,112],"card_choices":[{"not_picked":["Wild Strike","Thunderclap"],"picked":"Shrug It Off","floor":1},{"not_picked":["Seeing Red","Reckless Charge"],"picked":"Iron Wave","floor":4},{"not_picked":["Wild Strike","Thunderclap","Flex"],"picked":"SKIP","floor":7},{"not_picked":["Clash","Ghostly Armor"],"picked":"Entrench","floor":11},{"not_picked":["Shrug It Off","Reckless Charge"],"picked":"Flame Barrier","floor":14},{"not_picked":["Exhume","Limit Break"],"picked":"Demon Form","floor":16},{"not_picked":["Shrug It Off","Wild Strike","Twin Strike"],"picked":"SKIP","floor":18},{"not_picked":["Combust","Sword Boomerang+1"],"picked":"Iron Wave","floor":20},{"not_picked":["Anger","Sever Soul+1"],"picked":"Fire Breathing+1","floor":23},{"not_picked":["Anger+1","Disarm","Power Through"],"picked":"SKIP","floor":24},{"not_picked":["Thunderclap","Feel No Pain","Heavy Blade"],"picked":"SKIP","floor":28},{"not_picked":["Flex+1","Immolate"],"picked":"Rage","floor":29},{"not_picked":["Spot Weakness","Evolve","Perfected Strike"],"picked":"SKIP","floor":30},{"not_picked":["Armaments","Disarm+1","Clothesline"],"picked":"SKIP","floor":35},{"not_picked":["Rupture","Corruption+1","Whirlwind+1"],"picked":"SKIP","floor":39},{"not_picked":["Heavy Blade+1","Impervious"],"picked":"Iron Wave","floor":41},{"not_picked":["Wild Strike","Clash","Dual Wield+1"],"picked":"SKIP","floor":42},{"not_picked":["Body Slam","Dual Wield+1","Pummel"],"picked":"SKIP","floor":45},{"not_picked":["Feed","Wild Strike+1"],"picked":"Metallicize+1","floor":47},{"not_picked":["Whirlwind","Anger+1"],"picked":"Flame Barrier+1","floor":48}],"player_experience":191763,"relics_obtained":[{"floor":7,"key":"Centennial Puzzle"},{"floor":9,"key":"Pen Nib"},{"floor":14,"key":"Shovel"},{"floor":15,"key":"Bronze Scales"},{"floor":22,"key":"Art of War"},{"floor":23,"key":"Tiny Chest"},{"floor":26,"key":"Strawberry"},{"floor":27,"key":"Bag of Marbles"},{"floor":28,"key":"Ancient Tea Set"},{"floor":37,"key":"Unceasing Top"},{"floor":42,"key":"Kunai"},{"floor":43,"key":"Oddly Smooth Stone"},{"floor":44,"key":"Shuriken"}],"event_choices":[{"damage_healed":0,"gold_gain":0,"player_choice":"Entered Light","damage_taken":16,"max_hp_gain":0,"max_hp_loss":0,"event_name":"Shining Light","floor":2,"gold_loss":0,"cards_upgraded":["Strike_R","Strike_R"]},{"cards_removed":["Strike_R"],"damage_healed":0,"gold_gain":0,"player_choice":"Card Removal","damage_taken":7,"max_hp_gain":0,"max_hp_loss":0,"event_name":"Golden Wing","floor":3,"gold_loss":0},{"damage_healed":0,"gold_gain":0,"player_choice":"Ignored","damage_taken":0,"max_hp_gain":0,"max_hp_loss":0,"event_name":"Liars Game","floor":5,"gold_loss":0},{"cards_removed":["Defend_R"],"damage_healed":0,"gold_gain":0,"player_choice":"Purged","damage_taken":0,"max_hp_gain":0,"max_hp_loss":0,"event_name":"Purifier","floor":12,"gold_loss":0},{"damage_healed":0,"gold_gain":0,"player_choice":"Ignored","damage_taken":0,"max_hp_gain":0,"max_hp_loss":0,"event_name":"Tomb of Lord Red Mask","floor":36,"gold_loss":0},{"damage_healed":0,"gold_gain":0,"player_choice":"Fight","damage_taken":0,"max_hp_gain":0,"max_hp_loss":0,"event_name":"MindBloom","floor":37,"gold_loss":0}],"is_beta":false,"boss_relics":[{"not_picked":["Lizard Tail","Runic Pyramid"],"picked":"Astrolabe"},{"not_picked":["Tiny House","Black Blood"],"picked":"Mark of Pain"}],"items_purged_floors":[19,31],"is_endless":false,"potions_floor_spawned":[11,14,18,28,30,35,39,41],"ascension_level":1}