{"gold_per_floor":[117,134,134,134,152,152,195,195,220,220,238,263,303,303,303,427,427,441,91,112,136,136,172,172,186,236,236,276,296,339,362,362,488,488,506,524,157,175,508,508,560,560,587,615,625,0,0,13,13,13],"floor_reached":51,"playtime":10128,"items_purged":["Strike_G","Strike_G"],"score":1003,"play_id":"a346ac0e-ff90-4749-b393-4841a0864531","local_time":"20181229023938","is_ascension_mode":true,"campfire_choices":[{"data":"Noxious Fumes","floor":6,"key":"SMITH"},{"data":"Catalyst","floor":8,"key":"SMITH"},{"data":"Neutralize","floor":10,"key":"SMITH"},{"floor":15,"key":"REST"},{"floor":24,"key":"REST"},{"data":"Malaise","floor":27,"key":"SMITH"},{"floor":32,"key":"REST"},{"data":"Writhe","floor":40,"key":"PURGE"},{"data":"Tools of the Trade","floor":47,"key":"SMITH"},{"floor":49,"key":"REST"}],"neow_cost":"NONE","seed_source_timestamp":274736738385344,"circlet_count":0,"master_deck":["Defend_G","Defend_G","Defend_G","Defend_G","Defend_G","Strike_G","Strike_G","Strike_G","Survivor","Neutralize+1","Noxious Fumes+1","Deadly Poison","Dagger Throw","Catalyst+1","Malaise+1","Backflip","Tools of the Trade+1","Backflip+1","Deadly Poison+1","Outmaneuver+1","Well Laid Plans","Caltrops+1","Catalyst+1","Backflip+1","Bouncing Flask+1","Prepared+1","Dodge and Roll+1","Acrobatics+1","Prepared+1","Deadly Poison+1","PiercingWail+1","Footwork","Setup+1","Bullet Time+1","PiercingWail+1","Prepared+1","Footwork","Deflect+1","Escape Plan+1","Tactician+1","Backflip+1","Prepared+1","Dodge and Roll+1","Noxious Fumes+1","Deflect+1"],"relics":["Ring of the Snake","CultistMask","Blood Vial","Dream Catcher","Bronze Scales","Prayer Wheel","Sozu","Toxic Egg 2","Meat on the Bone","Bottled Flame","Centennial Puzzle","Pen Nib","Peace Pipe","Art of War","Torii","Smiling Mask","Mummified Hand","Red Mask"],"potions_floor_usage":[16,33,50],"damage_taken":[{"damage":0,"enemies":"Cultist","floor":1,"turns":4},{"damage":2,"enemies":"2 Louse","floor":2,"turns":4},{"damage":0,"enemies":"Jaw Worm","floor":5,"turns":5},{"damage":17,"enemies":"3 Sentries","floor":7,"turns":7},{"damage":1,"enemies":"Blue Slaver","floor":11,"turns":4},{"damage":3,"enemies":"Looter","floor":12,"turns":3},{"damage":7,"enemies":"Lagavulin","floor":13,"turns":7},{"damage":28,"enemies":"Slime Boss","floor":16,"turns":11},{"damage":18,"enemies":"2 Thieves","floor":18,"turns":5},{"damage":3,"enemies":"3 Byrds","floor":20,"turns":3},{"damage":6,"enemies":"Snake Plant","floor":21,"turns":4},{"damage":12,"enemies":"Gremlin Leader","floor":23,"turns":5},{"damage":13,"enemies":"3 Cultists","floor":25,"turns":5},{"damage":3,"enemies":"Book of Stabbing","floor":28,"turns":4},{"damage":0,"enemies":"Snecko","floor":29,"turns":4},{"damage":42,"enemies":"Slavers","floor":30,"turns":5},{"damage":3,"enemies":"Centurion and Healer","floor":31,"turns":6},{"damage":25,"enemies":"Collector","floor":33,"turns":8},{"damage":8,"enemies":"3 Shapes","floor":35,"turns":5},{"damage":13,"enemies":"3 Darklings","floor":36,"turns":4},{"damage":0,"enemies":"Sphere and 2 Shapes","floor":38,"turns":6},{"damage":21,"enemies":"2 Orb Walkers","floor":41,"turns":5},{"damage":2,"enemies":"Reptomancer","floor":44,"turns":3},{"damage":7,"enemies":"Transient","floor":45,"turns":5},{"damage":7,"enemies":"3 Darklings","floor":48,"turns":5},{"damage":28,"enemies":"Time Eater","floor":50,"turns":10}],"seed_played":"3046685702498555206","potions_obtained":[{"floor":1,"key":"Swift Potion"},{"floor":5,"key":"PowerPotion"},{"floor":12,"key":"LiquidBronze"}],"is_trial":false,"path_per_floor":["M","M","?","?","M","R","E","R","T","R","M","M","E","?","R","B",null,"M","$","M","M","?","E","R","M","T","R","E","M","E","M","R","B",null,"M","M","$","M","?","R","?","?","T","E","M","?","R","M","R","B",null],"character_chosen":"THE_SILENT","items_purchased":["Toxic Egg 2","Deadly Poison+1","Art of War","Escape Plan+1","Tactician+1"],"campfire_rested":4,"item_purchase_floors":[19,19,37,37,37],"current_hp_per_floor":[77,75,71,71,71,71,54,54,54,54,55,54,49,31,52,26,60,44,44,43,39,39,41,62,51,51,51,50,52,24,35,56,45,65,59,48,48,50,50,50,43,71,71,69,64,64,64,59,71,43],"gold":13,"neow_bonus":"TEN_PERCENT_HP_BONUS","is_prod":false,"is_daily":false,"chose_seed":false,"campfire_upgraded":5,"win_rate":0,"timestamp":1546018778,"path_taken":["M","M","?","?","?","R","E","R","T","R","M","M","E","?","R","BOSS","M","$","M","M","?","E","R","M","T","R","E","M","E","M","R","BOSS","M","M","$","M","?","R","?","?","T","E","?","?","R","M","R","BOSS"],"build_version":"2018-12-20","purchased_purges":2,"victory":true,"max_hp_per_floor":[77,77,71,71,71,71,71,71,71,71,71,71,71,71,71,71,71,71,71,71,71,71,71,71,71,71,71,71,71,71,71,71,71,71,71,71,71,71,71,71,71,71,71,71,71,71,71,71,71,71],"card_choices":[{"not_picked":["Reflex","Leg Sweep"],"picked":"Noxious Fumes","floor":1},{"not_picked":["Dagger Throw","Outmaneuver"],"picked":"Deadly Poison","floor":2},{"not_picked":["Deflect","Outmaneuver"],"picked":"Dagger Throw","floor":5},{"not_picked":["Backflip","Blade Dance"],"picked":"Catalyst","floor":7},{"not_picked":["Distraction","Cloak And Dagger","Dagger Spray"],"picked":"SKIP","floor":11},{"not_picked":["Cloak And Dagger","Expertise","Riddle With Holes"],"picked":"SKIP","floor":12},{"not_picked":["Slice","Underhanded Strike"],"picked":"Malaise","floor":13},{"not_picked":["Infinite Blades","Cloak And Dagger"],"picked":"Backflip","floor":15},{"not_picked":["Storm of Steel","Doppelganger"],"picked":"Tools of the Trade","floor":16},{"not_picked":["Quick Slash+1","Prepared"],"picked":"Backflip+1","floor":18},{"not_picked":["Predator","Skewer+1","Underhanded Strike"],"picked":"SKIP","floor":18},{"not_picked":["Bane","Dagger Spray+1"],"picked":"Outmaneuver+1","floor":20},{"not_picked":["Tactician+1","Bane+1"],"picked":"Well Laid Plans","floor":20},{"not_picked":["Concentrate+1","Envenom"],"picked":"Caltrops+1","floor":21},{"not_picked":["Backflip+1","Distraction+1"],"picked":"Catalyst+1","floor":21},{"not_picked":["Infinite Blades","Flying Knee","Endless Agony"],"picked":"SKIP","floor":23},{"not_picked":["Predator","Cloak And Dagger+1"],"picked":"Backflip+1","floor":24},{"not_picked":["Sucker Punch","Skewer"],"picked":"Bouncing Flask+1","floor":25},{"not_picked":["Endless Agony","Backstab+1"],"picked":"Prepared+1","floor":25},{"not_picked":["Predator","Venomology+1"],"picked":"Dodge and Roll+1","floor":28},{"not_picked":["Underhanded Strike","Dagger Throw"],"picked":"Acrobatics+1","floor":29},{"not_picked":["Dagger Throw","Acrobatics+1"],"picked":"Prepared+1","floor":29},{"not_picked":["Well Laid Plans+1","Quick Slash"],"picked":"Deadly Poison+1","floor":30},{"not_picked":["Underhanded Strike","Dagger Spray+1"],"picked":"PiercingWail+1","floor":31},{"not_picked":["Backflip+1","Noxious Fumes+1"],"picked":"Footwork","floor":31},{"not_picked":["Infinite Blades","Tools of the Trade"],"picked":"Setup+1","floor":32},{"not_picked":["Venomology+1","A Thousand Cuts"],"picked":"Bullet Time+1","floor":33},{"not_picked":["Blur+1","Leg Sweep+1"],"picked":"PiercingWail+1","floor":35},{"not_picked":["Cloak And Dagger+1","Terror+1"],"picked":"Prepared+1","floor":35},{"not_picked":["Sucker Punch","Slice+1"],"picked":"Footwork","floor":36},{"not_picked":["Quick Slash+1","Infinite Blades"],"picked":"Deflect+1","floor":36},{"not_picked":["Underhanded Strike+1","Unload"],"picked":"Backflip+1","floor":38},{"not_picked":["PiercingWail+1","Dodge and Roll+1"],"picked":"Prepared+1","floor":38},{"not_picked":["Backstab+1","Finisher","Dagger Spray+1"],"picked":"SKIP","floor":44},{"not_picked":["Prepared+1","PiercingWail+1"],"picked":"Dodge and Roll+1","floor":45},{"not_picked":["PiercingWail+1","Blade Dance+1","Cloak And Dagger+1"],"picked":"SKIP","floor":45},{"not_picked":["Backflip+1","Backstab+1"],"picked":"Noxious Fumes+1","floor":48},{"not_picked":["All Out Attack","Grand Finale","Deflect+1"],"picked":"SKIP","floor":48},{"not_picked":["Calculated Gamble+1","Blade Dance+1"],"picked":"Deflect+1","floor":49}],"player_experience":242647,"relics_obtained":[{"floor":7,"key":"Blood Vial"},{"floor":9,"key":"Dream Catcher"},{"floor":13,"key":"Bronze Scales"},{"floor":23,"key":"Bottled Flame"},{"floor":26,"key":"Centennial Puzzle"},{"floor":28,"key":"Pen Nib"},{"floor":30,"key":"Peace Pipe"},{"floor":41,"key":"Torii"},{"floor":43,"key":"Smiling Mask"},{"floor":44,"key":"Mummified Hand"}],"event_choices":[{"damage_healed":0,"gold_gain":0,"player_choice":"Lose Max HP","damage_taken":0,"relics_obtained":["Golden Idol"],"max_hp_gain":0,"max_hp_loss":6,"event_name":"Golden Idol","floor":3,"gold_loss":0},{"damage_healed":0,"gold_gain":0,"player_choice":"Trade","damage_taken":0,"relics_obtained":["CultistMask"],"max_hp_gain":0,"max_hp_loss":0,"event_name":"FaceTrader","floor":4,"gold_loss":0},{"damage_healed":0,"gold_gain":0,"player_choice":"Success","damage_taken":18,"relics_obtained":["Prayer Wheel"],"max_hp_gain":0,"max_hp_loss":0,"event_name":"Scrap Ooze","floor":14,"gold_loss":0},{"damage_healed":0,"gold_gain":0,"player_choice":"Opened","damage_taken":0,"relics_obtained":["Meat on the Bone"],"max_hp_gain":0,"max_hp_loss":0,"event_name":"The Mausoleum","floor":22,"gold_loss":0,"cards_obtained":["Writhe"]},{"damage_healed":0,"gold_gain":333,"player_choice":"Gave Idol","damage_taken":0,"max_hp_gain":0,"max_hp_loss":0,"event_name":"The Moai Head","floor":39,"relics_lost":["Golden Idol"],"gold_loss":0},{"damage_healed":0,"gold_gain":0,"player_choice":"Fight","damage_taken":0,"max_hp_gain":0,"max_hp_loss":0,"event_name":"Mysterious Sphere","floor":41,"gold_loss":0},{"damage_healed":28,"gold_gain":0,"player_choice":"Full Heal","damage_taken":0,"max_hp_gain":0,"max_hp_loss":0,"event_name":"Wheel of Change","floor":42,"gold_loss":0},{"damage_healed":0,"gold_gain":0,"player_choice":"Paid","damage_taken":0,"relics_obtained":["Red Mask"],"max_hp_gain":0,"max_hp_loss":0,"event_name":"Tomb of Lord Red Mask","floor":46,"gold_loss":625}],"is_beta":false,"boss_relics":[{"not_picked":["Coffee Dripper","White Beast Statue"],"picked":"Sozu"},{"not_picked":["Velvet Choker","Runic Dome","Runic Pyramid"]}],"items_purged_floors":[19,37],"is_endless":false,"potions_floor_spawned":[1,5,12,18,21,29,33,38,41,44,45],"ascension_level":5}