{"gold_per_floor":[114,114,186,39,56,56,89,89,135,148,148,165,165,180,180,278,278,218,218,218,236,55,55],"floor_reached":23,"playtime":571,"items_purged":["Regret"],"score":318,"play_id":"09bbbbe8-f089-4886-83a4-9cf8d6160dce","local_time":"20181101195831","is_ascension_mode":true,"campfire_choices":[{"data":"Zap","floor":6,"key":"SMITH"},{"data":"Thunder Strike","floor":8,"key":"SMITH"},{"data":"Loop","floor":13,"key":"SMITH"},{"data":"Hologram","floor":15,"key":"SMITH"}],"neow_cost":"NONE","seed_source_timestamp":590843055013446,"circlet_count":0,"master_deck":["Strike_B","Strike_B","Strike_B","Strike_B","Defend_B","Defend_B+1","Defend_B","Defend_B+1","Zap+1","Dualcast","AscendersBane","Loop+1","Thunder Strike+1","Leap","Self Repair","Hologram+1","Echo Form","Rebound","Conserve Battery","Creative AI","Leap","Zap","Impatience","Thunder Strike","Multi-Cast","Defragment"],"relics":["Cracked Core","NeowsBlessing","Meat on the Bone","Bottled Lightning","War Paint","Velvet Choker","Nloth\u0027s Gift","Art of War"],"potions_floor_usage":[18,23],"damage_taken":[{"damage":0,"enemies":"Small Slimes","floor":1,"turns":1},{"damage":0,"enemies":"Jaw Worm","floor":5,"turns":1},{"damage":0,"enemies":"Gremlin Nob","floor":7,"turns":1},{"damage":0,"enemies":"2 Louse","floor":10,"turns":2},{"damage":7,"enemies":"Exordium Wildlife","floor":12,"turns":3},{"damage":5,"enemies":"Blue Slaver","floor":14,"turns":3},{"damage":7,"enemies":"The Guardian","floor":16,"turns":8},{"damage":14,"enemies":"2 Thieves","floor":18,"turns":4},{"damage":17,"enemies":"Shell Parasite","floor":21,"turns":7},{"damage":49,"enemies":"Slavers","floor":23,"turns":4}],"seed_played":"-403018312256113785","potions_obtained":[{"floor":7,"key":"SteroidPotion"},{"floor":12,"key":"SkillPotion"},{"floor":14,"key":"Weak Potion"}],"is_trial":false,"path_per_floor":["M","?","T","$","M","R","E","R","T","M","?","M","R","M","R","B",null,"M","?","?","M","$"],"character_chosen":"DEFECT","items_purchased":["Thunder Strike","Defragment","Art of War"],"campfire_rested":0,"item_purchase_floors":[4,22,22],"current_hp_per_floor":[68,68,68,68,68,68,68,68,68,68,68,61,61,63,63,56,70,70,70,70,60,60,11],"gold":55,"neow_bonus":"THREE_ENEMY_KILL","is_prod":false,"is_daily":false,"chose_seed":false,"campfire_upgraded":4,"win_rate":0,"timestamp":1541098711,"path_taken":["M","?","?","$","M","R","E","R","T","M","?","M","R","M","R","BOSS","M","?","?","M","$","E"],"build_version":"2018-10-25v2","purchased_purges":1,"victory":false,"max_hp_per_floor":[75,75,75,75,75,75,75,75,75,75,75,75,75,75,75,75,75,75,75,75,75,75,75],"card_choices":[{"not_picked":["Conserve Battery","Static Discharge"],"picked":"Loop","floor":1},{"not_picked":["Compile Driver","Chaos"],"picked":"Leap","floor":5},{"not_picked":["Cold Snap","Steam Power"],"picked":"Self Repair","floor":7},{"not_picked":["Steam","Leap"],"picked":"Hologram","floor":10},{"not_picked":["Coolheaded","Glacier"],"picked":"Rebound","floor":12},{"not_picked":["Glacier","Rebound"],"picked":"Conserve Battery","floor":14},{"not_picked":["Rainbow","Fission"],"picked":"Creative AI","floor":16},{"not_picked":["Turbo","Coolheaded+1"],"picked":"Leap","floor":18},{"not_picked":["Stack","Reprogram"],"picked":"Multi-Cast","floor":21}],"player_experience":1114981,"relics_obtained":[{"floor":3,"key":"Meat on the Bone"},{"floor":7,"key":"Bottled Lightning"},{"floor":9,"key":"War Paint"}],"event_choices":[{"damage_healed":0,"gold_gain":0,"player_choice":"Box","damage_taken":0,"relics_obtained":["Ornamental Fan"],"max_hp_gain":0,"max_hp_loss":0,"event_name":"Big Fish","floor":2,"gold_loss":0,"cards_obtained":["Regret"]},{"damage_healed":0,"gold_gain":0,"player_choice":"1 cards matched","damage_taken":0,"max_hp_gain":0,"max_hp_loss":0,"event_name":"Match and Keep!","floor":11,"gold_loss":0,"cards_obtained":["Echo Form"]},{"damage_healed":0,"gold_gain":0,"player_choice":"Traded Relic","damage_taken":0,"relics_obtained":["Nloth\u0027s Gift"],"max_hp_gain":0,"max_hp_loss":0,"event_name":"N\u0027loth","floor":19,"relics_lost":["Ornamental Fan"],"gold_loss":0},{"damage_healed":0,"gold_gain":0,"player_choice":"3 cards matched","damage_taken":0,"max_hp_gain":0,"max_hp_loss":0,"event_name":"Match and Keep!","floor":20,"gold_loss":0,"cards_obtained":["Zap","Impatience","Thunder Strike"]}],"is_beta":false,"boss_relics":[{"not_picked":["White Beast Statue","Coffee Dripper"],"picked":"Velvet Choker"}],"items_purged_floors":[4],"is_endless":false,"potions_floor_spawned":[7,12,14],"killed_by":"Slavers","ascension_level":10}