{"gold_per_floor":[111,16,34,34,34,63,63,63,63,96,116,79,122,143,143,143],"floor_reached":16,"playtime":419,"items_purged":[],"score":286,"play_id":"cc631c6f-5918-4733-945b-cdc895e2872b","local_time":"20181102193510","is_ascension_mode":true,"campfire_choices":[{"data":"Hemokinesis","floor":7.0,"key":"SMITH"},{"data":"Uppercut","floor":15,"key":"SMITH"}],"neow_cost":"NONE","seed_source_timestamp":135204566378454,"circlet_count":0,"master_deck":["AscendersBane","Strike_R","Strike_R","Strike_R","Strike_R","Strike_R","Defend_R","Defend_R","Defend_R","Defend_R","Bash","Headbutt","Corruption","Pommel Strike","Uppercut+1","Hemokinesis+1","Clothesline","Rupture","Iron Wave","Carnage"],"special_seed":0,"relics":["Burning Blood","NeowsBlessing","Potion Belt","Golden Idol","Centennial Puzzle","Bag of Preparation","Bag of Marbles"],"potions_floor_usage":[16],"damage_taken":[{"damage":0.0,"enemies":"Cultist","floor":1.0,"turns":1.0},{"damage":0.0,"enemies":"2 Louse","floor":3.0,"turns":1.0},{"damage":0.0,"enemies":"Lagavulin","floor":6.0,"turns":1.0},{"damage":39.0,"enemies":"3 Sentries","floor":10.0,"turns":7.0},{"damage":4.0,"enemies":"Jaw Worm","floor":11.0,"turns":3.0},{"damage":17.0,"enemies":"Lagavulin","floor":13.0,"turns":6.0},{"damage":5,"enemies":"Blue Slaver","floor":14,"turns":3},{"damage":42,"enemies":"Hexaghost","floor":16,"turns":9}],"seed_played":"4204286261869955768","potions_obtained":[{"floor":6.0,"key":"FearPotion"},{"floor":11.0,"key":"FairyPotion"},{"floor":14,"key":"Poison Potion"}],"is_trial":false,"path_per_floor":["M","$","M","$","?","E","R","?","T","E","M","$","E","M","R","B"],"character_chosen":"IRONCLAD","items_purchased":["Corruption","Pommel Strike","Rupture"],"campfire_rested":0,"item_purchase_floors":[2,2,12],"current_hp_per_floor":[74,74,75,75,80,80,80,72,72,39,41,41,30,31,31,0],"gold":143,"neow_bonus":"THREE_ENEMY_KILL","is_prod":false,"is_daily":false,"chose_seed":false,"campfire_upgraded":2,"win_rate":0,"timestamp":1541201710,"path_taken":["M","?","M","$","?","E","R","?","T","E","M","?","E","?","R","BOSS"],"build_version":"2018-11-01v2","purchased_purges":0,"victory":false,"max_hp_per_floor":[75,75,75,75,80,80,80,72,72,72,72,72,72,72,72,72],"card_choices":[{"not_picked":["Sword Boomerang","Clash"],"picked":"Headbutt","floor":1.0},{"not_picked":["Second Wind","Warcry"],"picked":"Uppercut","floor":3.0},{"not_picked":["Twin Strike","Shrug It Off"],"picked":"Hemokinesis","floor":6.0},{"not_picked":["Cleave","Evolve"],"picked":"Clothesline","floor":10.0},{"not_picked":["Heavy Blade","Body Slam","Wild Strike"],"picked":"SKIP","floor":11.0},{"not_picked":["Power Through","Burning Pact"],"picked":"Iron Wave","floor":13.0},{"not_picked":["Pummel","Wild Strike"],"picked":"Carnage","floor":14}],"player_experience":1131211,"relics_obtained":[{"floor":6.0,"key":"Potion Belt"},{"floor":9.0,"key":"Centennial Puzzle"},{"floor":10.0,"key":"Bag of Preparation"},{"floor":13.0,"key":"Bag of Marbles"}],"event_choices":[{"damage_healed":0.0,"max_hp_gain":5.0,"max_hp_loss":0.0,"gold_gain":0.0,"event_name":"Big Fish","player_choice":"Donut","floor":5.0,"gold_loss":0.0,"damage_taken":0.0},{"damage_healed":0.0,"max_hp_gain":0.0,"max_hp_loss":8.0,"gold_gain":0.0,"event_name":"Golden Idol","player_choice":"Lose Max HP","floor":8.0,"gold_loss":0.0,"damage_taken":0.0,"relics_obtained":["Golden Idol"]}],"is_beta":true,"boss_relics":[],"items_purged_floors":[],"is_endless":false,"potions_floor_spawned":[6,11,14],"killed_by":"Hexaghost","ascension_level":20}