{"gold_per_floor":[217,167,10,28,28,53,68,68,116,116,9,22,54,72,72,175,175,187,206,206],"floor_reached":20,"playtime":919,"items_purged":[],"score":276,"play_id":"0a04d5f0-b898-4a30-b3fd-46e54e453cf2","local_time":"20181001114550","is_ascension_mode":true,"campfire_choices":[{"data":"Inflame","floor":8,"key":"SMITH"},{"data":"Defend_R","floor":10,"key":"SMITH"},{"floor":15,"key":"REST"}],"neow_cost":"NONE","seed_source_timestamp":690712288946936,"circlet_count":0,"master_deck":["Strike_R","Strike_R","Strike_R","Strike_R","Strike_R","Defend_R","Defend_R","Defend_R+1","Bash","AscendersBane","Flex","Inflame+1","Battle Trance","Headbutt","PanicButton","Heavy Blade","Headbutt","True Grit","Impervious","Headbutt+1","True Grit+1"],"relics":["Burning Blood","Bronze Scales","Lantern","Potion Belt","Unceasing Top","Lizard Tail"],"potions_floor_usage":[6,13,13,14],"damage_taken":[{"damage":0,"enemies":"Small Slimes","floor":1,"turns":4},{"damage":0,"enemies":"Cultist","floor":4,"turns":2},{"damage":45,"enemies":"3 Sentries","floor":6,"turns":9},{"damage":0,"enemies":"2 Louse","floor":7,"turns":2},{"damage":5,"enemies":"2 Fungi Beasts","floor":12,"turns":4},{"damage":25,"enemies":"Lagavulin","floor":13,"turns":4},{"damage":17,"enemies":"Exordium Wildlife","floor":14,"turns":4},{"damage":24,"enemies":"Hexaghost","floor":16,"turns":9},{"damage":26,"enemies":"Shell Parasite","floor":18,"turns":9},{"damage":17,"enemies":"2 Thieves","floor":19,"turns":5},{"damage":31,"enemies":"Shelled Parasite and Fungi","floor":20,"turns":6}],"seed_played":"1067755636421671735","potions_obtained":[{"floor":1,"key":"AttackPotion"},{"floor":6,"key":"Energy Potion"},{"floor":7,"key":"Weak Potion"},{"floor":13,"key":"Block Potion"},{"floor":19,"key":"SteroidPotion"}],"is_trial":false,"path_per_floor":["M","?","$","M","?","E","M","R","T","R","$","M","E","M","R","B",null,"M","M"],"character_chosen":"IRONCLAD","items_purchased":["Bronze Scales","PanicButton"],"campfire_rested":1,"item_purchase_floors":[3,11],"current_hp_per_floor":[78,78,78,80,85,46,52,52,52,52,52,53,34,23,48,30,71,51,40,9],"gold":206,"neow_bonus":"HUNDRED_GOLD","is_prod":false,"is_daily":false,"chose_seed":false,"campfire_upgraded":2,"win_rate":0,"timestamp":1538387150,"path_taken":["M","?","$","?","?","E","M","R","T","R","$","M","E","M","R","BOSS","M","M","M"],"build_version":"2018-09-27","purchased_purges":0,"victory":false,"max_hp_per_floor":[80,80,80,80,85,85,85,85,85,85,85,85,85,85,85,85,85,85,85,85],"card_choices":[{"not_picked":["Hemokinesis","Clothesline"],"picked":"Flex","floor":1},{"not_picked":["Headbutt","Corruption"],"picked":"Inflame","floor":4},{"not_picked":["Rampage","Havoc"],"picked":"Battle Trance","floor":6},{"not_picked":["Dual Wield","Fire Breathing"],"picked":"Headbutt","floor":7},{"not_picked":["Fire Breathing","Berserk"],"picked":"Heavy Blade","floor":12},{"not_picked":["Pommel Strike","Wild Strike"],"picked":"Headbutt","floor":13},{"not_picked":["Thunderclap","Shockwave"],"picked":"True Grit","floor":14},{"not_picked":["Barricade","Juggernaut"],"picked":"Impervious","floor":16},{"not_picked":["Sword Boomerang","Battle Trance"],"picked":"Headbutt+1","floor":18},{"not_picked":["Rage","Havoc"],"picked":"True Grit+1","floor":19}],"player_experience":1017163,"relics_obtained":[{"floor":6,"key":"Lantern"},{"floor":9,"key":"Potion Belt"},{"floor":13,"key":"Unceasing Top"}],"event_choices":[{"event_name":"The Cleric","player_choice":"Card Removal","floor":2,"damage_taken":0},{"event_name":"Big Fish","player_choice":"Donut","floor":5,"damage_taken":0}],"is_beta":false,"boss_relics":[{"not_picked":["Sozu","Runic Cube"],"picked":"Lizard Tail"}],"items_purged_floors":[],"is_endless":false,"potions_floor_spawned":[1,6,7,13,19],"killed_by":"Shelled Parasite and Fungi","ascension_level":10}