{"gold_per_floor":[119,10,110,121,132,132,147,173,173,191,191,43,43,63,63,161,161,181,181,194,194,211,211,211],"floor_reached":24,"playtime":3474,"items_purged":["Strike_B","Strike_B"],"score":257,"play_id":"8fc9defc-71d2-435a-b5d7-31a2d3e05545","local_time":"20190112034713","is_ascension_mode":true,"campfire_choices":[{"data":"Sunder","floor":6.0,"key":"SMITH"},{"floor":11.0,"key":"REST"},{"data":"Loop","floor":15.0,"key":"SMITH"},{"data":"Go for the Eyes","floor":23.0,"key":"SMITH"}],"neow_cost":"NONE","seed_source_timestamp":169161138484811,"circlet_count":0,"master_deck":["Strike_B","Strike_B","Defend_B","Defend_B","Defend_B","Defend_B","Zap","Dualcast","Go for the Eyes+1","Sunder+1","Hologram","Loop+1","Cold Snap","Glacier","Glacier","Conserve Battery","Conserve Battery","Echo Form","Conserve Battery+1","Impatience"],"special_seed":0,"relics":["Cracked Core","Lantern","Orichalcum","Regal Pillow","Inserter"],"potions_floor_usage":[],"damage_taken":[{"damage":0.0,"enemies":"Cultist","floor":1.0,"turns":3.0},{"damage":7.0,"enemies":"Small Slimes","floor":4.0,"turns":2.0},{"damage":4.0,"enemies":"Jaw Worm","floor":5.0,"turns":2.0},{"damage":7.0,"enemies":"Large Slime","floor":7.0,"turns":4.0},{"damage":20.0,"enemies":"Gremlin Nob","floor":8.0,"turns":5.0},{"damage":0.0,"enemies":"Exordium Thugs","floor":10.0,"turns":5.0},{"damage":0.0,"enemies":"Exordium Wildlife","floor":14.0,"turns":3.0},{"damage":19.0,"enemies":"Hexaghost","floor":16.0,"turns":9.0},{"damage":0.0,"enemies":"3 Byrds","floor":18.0,"turns":6.0},{"damage":1.0,"enemies":"Shell Parasite","floor":20.0,"turns":9.0},{"damage":9.0,"enemies":"Centurion and Healer","floor":22.0,"turns":9.0},{"damage":62,"enemies":"Gremlin Leader","floor":24,"turns":12}],"seed_played":"-1927265589792709860","potions_obtained":[{"floor":4.0,"key":"Weak Potion"},{"floor":5.0,"key":"LiquidBronze"},{"floor":14.0,"key":"FocusPotion"}],"is_trial":false,"path_per_floor":["M","$","?","M","M","R","M","E","T","M","R","$","?","M","R","B",null,"M","?","M","?","M","R","E"],"character_chosen":"DEFECT","items_purchased":["Sunder","Conserve Battery"],"campfire_rested":1,"item_purchase_floors":[2,12],"current_hp_per_floor":[68,68,68,61,57,57,50,30,30,30,67,67,67,67,67,48,68,68,54,53,53,44,44,0],"gold":211,"neow_bonus":"RANDOM_COMMON_RELIC","is_prod":false,"is_daily":false,"chose_seed":false,"campfire_upgraded":3,"win_rate":0,"timestamp":1547232433,"path_taken":["M","$","?","M","?","R","M","E","T","M","R","$","?","M","R","BOSS","M","?","M","?","?","R","E"],"build_version":"2019-01-10","purchased_purges":2,"victory":false,"max_hp_per_floor":[75,75,75,75,75,75,75,75,75,75,75,75,75,75,75,75,75,75,80,80,80,80,80,80],"card_choices":[{"not_picked":["Streamline","Compile Driver"],"picked":"Go for the Eyes","floor":1.0},{"not_picked":["Redo","Stack"],"picked":"Hologram","floor":4.0},{"not_picked":["Go for the Eyes","Streamline"],"picked":"Loop","floor":5.0},{"not_picked":["Steam","Rebound"],"picked":"Cold Snap","floor":7.0},{"not_picked":["Self Repair","Compile Driver"],"picked":"Glacier","floor":8.0},{"not_picked":["Go for the Eyes","Self Repair"],"picked":"Glacier","floor":10.0},{"not_picked":["Hologram","Multi-Cast"],"picked":"Conserve Battery","floor":14.0},{"not_picked":["Rainbow","Thunder Strike"],"picked":"Echo Form","floor":16.0},{"not_picked":["Leap","Gash"],"picked":"Conserve Battery+1","floor":18.0},{"not_picked":["Genetic Algorithm","Recycle","Doom and Gloom"],"picked":"SKIP","floor":20.0},{"not_picked":["Genetic Algorithm+1","Blizzard","Streamline"],"picked":"SKIP","floor":22.0}],"player_experience":341744,"relics_obtained":[{"floor":8.0,"key":"Orichalcum"},{"floor":9.0,"key":"Regal Pillow"}],"event_choices":[{"damage_healed":0.0,"max_hp_gain":0.0,"max_hp_loss":0.0,"gold_gain":100.0,"event_name":"Golden Shrine","player_choice":"Pray","floor":3.0,"gold_loss":0.0,"damage_taken":0.0},{"damage_healed":0.0,"max_hp_gain":0.0,"max_hp_loss":0.0,"gold_gain":0.0,"event_name":"The Cleric","player_choice":"Leave","floor":13.0,"gold_loss":0.0,"damage_taken":0.0},{"damage_healed":0.0,"max_hp_gain":5.0,"max_hp_loss":0.0,"gold_gain":0.0,"event_name":"Forgotten Altar","player_choice":"Shed Blood","floor":19.0,"gold_loss":0.0,"damage_taken":19.0},{"damage_healed":0.0,"max_hp_gain":0.0,"max_hp_loss":0.0,"gold_gain":0.0,"event_name":"Match and Keep!","player_choice":"1 cards matched","floor":21.0,"gold_loss":0.0,"damage_taken":0.0,"cards_obtained":["Impatience"]}],"is_beta":false,"boss_relics":[{"not_picked":["Tiny House","Ectoplasm"],"picked":"Inserter"}],"items_purged_floors":[2,12],"is_endless":false,"potions_floor_spawned":[4,5,14],"killed_by":"Gremlin Leader","ascension_level":6}