{"path_per_floor":["M","$","?","M","M","E","$","E","T","M","M","E","M","M","R","B",null,"M"],"character_chosen":"DEFECT","items_purchased":["Chill"],"gold_per_floor":[109,34,34,45,63,96,59,94,94,109,124,158,177,196,196,297,297,308,308],"floor_reached":19,"campfire_rested":1,"playtime":2545,"item_purchase_floors":[],"current_hp_per_floor":[73,73,73,72,65,47,47,25,25,24,24,16,3,12,34,29,64,35,35],"items_purged":["Regret"],"gold":308,"score":239,"play_id":"84a2c4cf-2c58-4f27-82a8-5d090fcd0a1b","local_time":"20180620233754","is_prod":false,"is_daily":false,"chose_seed":false,"is_ascension_mode":true,"campfire_upgraded":0,"win_rate":0,"timestamp":1529530674,"campfire_choices":[{"floor":15.0,"key":"REST"}],"path_taken":["M","$","?","?","M","E","?","E","T","?","M","E","M","M","R","BOSS","M","M"],"build_version":"2018-06-14v2","seed_source_timestamp":623781837801781,"purchased_purges":1,"victory":false,"master_deck":["Strike_B","Strike_B","Defend_B","Defend_B","Defend_B","Defend_B","Zap","Dualcast","Ball Lightning","Heatsinks","Loop","Madness","Compile Driver","Conserve Battery","Melter","Chaos","Chill","Steam","Rainbow","Hello World+1","Storm+1","Self Repair+1","Steam","Machine Learning+1","Conserve Battery"],"max_hp_per_floor":[75,75,75,75,75,75,75,75,75,75,75,75,75,75,75,75,75,75,75],"special_seed":0,"relics":["Cracked Core","Ornamental Fan","Bag of Preparation","Frozen Egg 2","Shovel","Black Star"],"card_choices":[{"not_picked":["Barrage","Leap"],"picked":"Loop","floor":1.0},{"not_picked":["Double Energy","Streamline"],"picked":"Conserve Battery","floor":4.0},{"not_picked":["Sweeping Beam","Beam Cell"],"picked":"Melter","floor":5.0},{"not_picked":["Melter","Doom and Gloom"],"picked":"Chaos","floor":6.0},{"not_picked":["Steam Power","Redo"],"picked":"Steam","floor":8.0},{"not_picked":["Conserve Battery","Go for the Eyes"],"picked":"Rainbow","floor":10.0},{"not_picked":["Coolheaded","Rebound"],"picked":"Hello World+1","floor":11.0},{"not_picked":["Ball Lightning","Compile Driver"],"picked":"Storm+1","floor":12.0},{"not_picked":["Turbo","Recycle"],"picked":"Self Repair+1","floor":13.0},{"not_picked":["Redo","Turbo"],"picked":"Steam","floor":14.0},{"not_picked":["Meteor Strike","Core Surge"],"picked":"Machine Learning+1","floor":16.0},{"not_picked":["Sweeping Beam","Streamline"],"picked":"Conserve Battery","floor":18}],"player_experience":775815,"potions_floor_usage":[],"damage_taken":[{"damage":2.0,"enemies":"2 Louse","floor":1.0,"turns":2.0},{"damage":1.0,"enemies":"Cultist","floor":4.0,"turns":3.0},{"damage":7.0,"enemies":"Jaw Worm","floor":5.0,"turns":3.0},{"damage":18.0,"enemies":"Lagavulin","floor":6.0,"turns":7.0},{"damage":22.0,"enemies":"Gremlin Nob","floor":8.0,"turns":4.0},{"damage":1.0,"enemies":"Blue Slaver","floor":10.0,"turns":4.0},{"damage":0.0,"enemies":"Large Slime","floor":11.0,"turns":4.0},{"damage":8.0,"enemies":"3 Sentries","floor":12.0,"turns":4.0},{"damage":13.0,"enemies":"2 Fungi Beasts","floor":13.0,"turns":3.0},{"damage":1.0,"enemies":"Looter","floor":14.0,"turns":3.0},{"damage":15.0,"enemies":"Hexaghost","floor":16.0,"turns":8.0},{"damage":39,"enemies":"2 Thieves","floor":18,"turns":5},{"damage":0,"enemies":"3 Byrds","floor":19,"turns":1}],"relics_obtained":[{"floor":6.0,"key":"Ornamental Fan"},{"floor":8.0,"key":"Bag of Preparation"},{"floor":9.0,"key":"Frozen Egg 2"},{"floor":12.0,"key":"Shovel"}],"event_choices":[{"event_name":"Match and Keep!","player_choice":"2 cards matched","floor":3.0,"damage_taken":0.0}],"boss_relics":[{"not_picked":["Snecko Eye","Lizard Tail"],"picked":"Black Star"}],"items_purged_floors":[],"is_endless":false,"potions_floor_spawned":[1,8,11,12,13,14],"seed_played":"-8094085017324590429","killed_by":"3 Byrds","ascension_level":5,"potions_obtained":[{"floor":1.0,"key":"Swift Potion"},{"floor":8.0,"key":"GamblersBrew"},{"floor":11.0,"key":"Fire Potion"},{"floor":12.0,"key":"Strength Potion"},{"floor":13.0,"key":"PowerPotion"},{"floor":14.0,"key":"PowerPotion"}],"is_trial":false}