{"gold_per_floor":[214,214,214,234,14,14,26,26,53,53,53,71,71,71,71,176,176,189,114,125,125,137,137,165,165,189,220,220,240,250,69,69,173,173,186,205,217,217,237,237,23,41,66,79,89,106,116,146,146,146,146,146,46,75,75],"floor_reached":55,"playtime":5020,"items_purged":["Strike_B","Defend_B"],"score":768,"play_id":"a1eb3046-bb5c-45b2-ab56-1535ecb1767f","local_time":"20190221154717","is_ascension_mode":true,"campfire_choices":[{"data":"Genetic Algorithm","floor":6,"key":"SMITH"},{"data":"Defragment","floor":8,"key":"SMITH"},{"data":"Zap","floor":10,"key":"SMITH"},{"data":"Defragment","floor":13,"key":"SMITH"},{"floor":15,"key":"REST"},{"floor":23,"key":"REST"},{"floor":25,"key":"RECALL"},{"floor":32,"key":"REST"},{"floor":40,"key":"REST"},{"floor":49,"key":"REST"},{"floor":52,"key":"REST"}],"neow_cost":"NONE","seed_source_timestamp":8688943976730,"circlet_count":0,"master_deck":["Strike_B","Strike_B","Strike_B","Defend_B+1","Zap+1","Dualcast+1","Genetic Algorithm+1","Defragment+1","Defragment+1","Buffer","Coolheaded","Machine Learning","Cold Snap+1","Panache","Buffer","Cold Snap+1","Sunder","Dark Shackles","Flash of Steel","Apotheosis","Capacitor"],"relics":["Cracked Core","Happy Flower","Vajra","Anchor","Fusion Hammer","Oddly Smooth Stone","Cables","White Beast Statue","Lantern","Strawberry","Boot"],"potions_floor_usage":[16,27,35,37,39,44,46,47,48,50,50,50],"damage_taken":[{"damage":6,"enemies":"Jaw Worm","floor":1,"turns":3},{"damage":3,"enemies":"Small Slimes","floor":4,"turns":3},{"damage":0,"enemies":"2 Louse","floor":7,"turns":1},{"damage":5,"enemies":"Lots of Slimes","floor":12,"turns":4},{"damage":29,"enemies":"The Guardian","floor":16,"turns":10},{"damage":17,"enemies":"Spheric Guardian","floor":18,"turns":4},{"damage":5,"enemies":"Shell Parasite","floor":20,"turns":5},{"damage":6,"enemies":"Shelled Parasite and Fungi","floor":22,"turns":7},{"damage":3,"enemies":"Book of Stabbing","floor":24,"turns":6},{"damage":20,"enemies":"Slavers","floor":27,"turns":8},{"damage":0,"enemies":"Snecko","floor":29,"turns":6},{"damage":0,"enemies":"Centurion and Healer","floor":30,"turns":6},{"damage":0,"enemies":"Automaton","floor":33,"turns":8},{"damage":0,"enemies":"Orb Walker","floor":35,"turns":5},{"damage":16,"enemies":"3 Darklings","floor":36,"turns":6},{"damage":0,"enemies":"Maw","floor":37,"turns":8},{"damage":1,"enemies":"4 Shapes","floor":39,"turns":6},{"damage":0,"enemies":"3 Darklings","floor":42,"turns":5},{"damage":0,"enemies":"Transient","floor":44,"turns":5},{"damage":0,"enemies":"Spire Growth","floor":45,"turns":5},{"damage":25,"enemies":"Jaw Worm Horde","floor":46,"turns":3},{"damage":1,"enemies":"Sphere and 2 Shapes","floor":47,"turns":6},{"damage":36,"enemies":"Nemesis","floor":48,"turns":9},{"damage":20,"enemies":"Awakened One","floor":50,"turns":16},{"damage":79,"enemies":"Shield and Spear","floor":54,"turns":12},{"damage":3,"enemies":"The Heart","floor":55,"turns":2}],"seed_played":"-8148927584531793364","potions_obtained":[{"floor":1,"key":"FocusPotion"},{"floor":11,"key":"LiquidBronze"},{"floor":11,"key":"Energy Potion"},{"floor":11,"key":"Block Potion"},{"floor":18,"key":"Weak Potion"},{"floor":27,"key":"Weak Potion"},{"floor":35,"key":"SteroidPotion"},{"floor":36,"key":"AttackPotion"},{"floor":37,"key":"FocusPotion"},{"floor":39,"key":"FearPotion"},{"floor":42,"key":"Ancient Potion"},{"floor":44,"key":"Explosive Potion"},{"floor":45,"key":"Energy Potion"},{"floor":46,"key":"Explosive Potion"},{"floor":47,"key":"LiquidBronze"},{"floor":48,"key":"Weak Potion"},{"floor":54,"key":"FearPotion"}],"is_trial":false,"path_per_floor":["M","?","?","M","$","R","M","R","T","R","?","M","R","?","R","B",null,"M","?","M","?","M","R","E","R","T","E","?","M","M","$","R","B",null,"M","M","M","?","M","R","$","M","T","M","M","M","M","E","R","B",null,"R","$","E","B"],"character_chosen":"DEFECT","items_purchased":["Happy Flower","Panache","Apotheosis","Capacitor"],"campfire_rested":6,"item_purchase_floors":[5,31,41,41],"current_hp_per_floor":[69,62,47,44,44,44,44,44,44,44,44,39,39,27,49,20,75,58,58,53,53,47,69,66,66,66,46,39,39,39,39,61,61,75,75,59,59,49,48,70,70,70,70,70,70,45,44,15,39,19,82,82,82,3,0],"gold":75,"neow_bonus":"HUNDRED_GOLD","is_prod":false,"is_daily":false,"chose_seed":false,"campfire_upgraded":4,"win_rate":0,"timestamp":1550760437,"path_taken":["M","?","?","M","?","R","M","R","T","R","?","?","R","?","R","BOSS","M","?","M","?","M","R","E","R","T","E","?","M","?","?","R","BOSS","M","M","M","?","M","R","$","M","T","M","M","M","M","E","R","BOSS","R","$","E","BOSS"],"build_version":"2019-01-23","purchased_purges":2,"victory":false,"max_hp_per_floor":[75,75,75,75,75,75,75,75,75,75,75,75,75,75,75,75,75,75,75,75,75,75,75,75,75,75,75,75,75,75,75,75,75,75,75,75,75,75,75,75,75,75,75,75,75,75,75,82,82,82,82,82,82,82,82],"card_choices":[{"not_picked":["Barrage","Blizzard"],"picked":"Genetic Algorithm","floor":1},{"not_picked":["Blizzard","Heatsinks"],"picked":"Defragment","floor":4},{"not_picked":["Compile Driver","Force Field","Rip and Tear"],"picked":"SKIP","floor":7},{"not_picked":["Go for the Eyes","Turbo"],"picked":"Defragment","floor":12},{"not_picked":["Reboot","Core Surge"],"picked":"Buffer","floor":16},{"not_picked":["Undo","Beam Cell+1","Double Energy"],"picked":"SKIP","floor":18},{"not_picked":["Go for the Eyes","Steam"],"picked":"Coolheaded","floor":20},{"not_picked":["Beam Cell","Ball Lightning","Genetic Algorithm"],"picked":"SKIP","floor":22},{"not_picked":["Rebound","Leap","Beam Cell"],"picked":"SKIP","floor":24},{"not_picked":["Redo+1","Undo"],"picked":"Machine Learning","floor":27},{"not_picked":["Barrage","Hello World"],"picked":"Cold Snap+1","floor":29},{"not_picked":["Rip and Tear+1","Undo","Beam Cell"],"picked":"SKIP","floor":30},{"not_picked":["Fission","Machine Learning"],"picked":"Buffer","floor":33},{"not_picked":["Sweeping Beam+1","Static Discharge"],"picked":"Cold Snap+1","floor":35},{"not_picked":["Conserve Battery","Go for the Eyes+1"],"picked":"Sunder","floor":36},{"not_picked":["Compile Driver+1","Beam Cell","Hologram+1"],"picked":"SKIP","floor":37},{"not_picked":["PanicButton","Discovery"],"picked":"Dark Shackles","floor":38},{"not_picked":["Discovery","Mind Blast"],"picked":"Flash of Steel","floor":38},{"not_picked":["Hologram","Lockon+1","Doom and Gloom+1"],"picked":"SKIP","floor":39},{"not_picked":["Redo","Cold Snap","Meteor Strike"],"picked":"SKIP","floor":42},{"not_picked":["Static Discharge+1","Hologram+1","Turbo"],"picked":"SKIP","floor":44},{"not_picked":["Redo+1","Blizzard","Steam"],"picked":"SKIP","floor":45},{"not_picked":["Double Energy+1","Conserve Battery","Recycle"],"picked":"SKIP","floor":46},{"not_picked":["Chaos","Coolheaded+1","Rip and Tear"],"picked":"SKIP","floor":47},{"not_picked":["Hello World","Melter","Static Discharge+1"],"picked":"SKIP","floor":48},{"not_picked":["Sunder+1","Reinforced Body","Conserve Battery"],"picked":"SKIP","floor":54}],"player_experience":110873,"relics_obtained":[{"floor":9,"key":"Vajra"},{"floor":24,"key":"Oddly Smooth Stone"},{"floor":27,"key":"Cables"},{"floor":43,"key":"Lantern"},{"floor":48,"key":"Strawberry"},{"floor":54,"key":"Boot"}],"event_choices":[{"cards_removed":["Defend_B"],"damage_healed":0,"gold_gain":0,"player_choice":"Card Removal","damage_taken":7,"max_hp_gain":0,"max_hp_loss":0,"event_name":"Golden Wing","floor":2,"gold_loss":0},{"damage_healed":0,"gold_gain":0,"player_choice":"Entered Light","damage_taken":15,"max_hp_gain":0,"max_hp_loss":0,"event_name":"Shining Light","floor":3,"gold_loss":0,"cards_upgraded":["Dualcast","Defend_B"]},{"damage_healed":0,"gold_gain":0,"player_choice":"Got Potions","damage_taken":0,"max_hp_gain":0,"max_hp_loss":0,"event_name":"Lab","floor":11,"gold_loss":0},{"damage_healed":0,"gold_gain":0,"player_choice":"Success","damage_taken":12,"relics_obtained":["Anchor"],"max_hp_gain":0,"max_hp_loss":0,"event_name":"Scrap Ooze","floor":14,"gold_loss":0},{"cards_removed":["Defend_B"],"damage_healed":0,"gold_gain":0,"player_choice":"Gave Gold","damage_taken":0,"max_hp_gain":0,"max_hp_loss":0,"event_name":"Beggar","floor":19,"gold_loss":75},{"damage_healed":0,"gold_gain":0,"player_choice":"Ignored","damage_taken":0,"max_hp_gain":0,"max_hp_loss":0,"event_name":"Vampires","floor":21,"gold_loss":0},{"damage_healed":0,"gold_gain":0,"player_choice":"Damaged","damage_taken":7,"max_hp_gain":0,"max_hp_loss":0,"event_name":"Wheel of Change","floor":28,"gold_loss":0},{"damage_healed":0,"gold_gain":0,"player_choice":"Memory 3","damage_taken":10,"max_hp_gain":0,"max_hp_loss":0,"event_name":"SensoryStone","floor":38,"gold_loss":0}],"is_beta":false,"boss_relics":[{"not_picked":["Ectoplasm","Lizard Tail"],"picked":"Fusion Hammer"},{"not_picked":["Black Star","Eternal Feather"],"picked":"White Beast Statue"}],"items_purged_floors":[5,53],"is_endless":false,"potions_floor_spawned":[1,18,24,27,30,35,36,37,39,42,44,45,46,47,48,54],"killed_by":"The Heart","ascension_level":1}