{"gold_per_floor":[109,109,109,129,146,173,173,205,284,284,284,300,4,69,69,148,148,167,167,167,167,187,217,237,237,237,257,291,140,157,176,176,254,254,266,277,288,288,2,35,54,14,37,16,51,63,74,104,104,104],"floor_reached":51,"playtime":2267,"items_purged":[],"score":1539,"play_id":"847126c1-81a8-4d11-9b71-e51da43208bd","local_time":"20190210125817","is_ascension_mode":true,"campfire_choices":[{"data":"Whirlwind","floor":7,"key":"SMITH"},{"data":"Bludgeon","floor":15,"key":"SMITH"},{"data":"Shockwave","floor":25,"key":"SMITH"},{"data":"Demon Form","floor":32,"key":"SMITH"},{"data":"Bash","floor":49,"key":"SMITH"}],"neow_cost":"NONE","seed_source_timestamp":214285096871545,"circlet_count":0,"master_deck":["AscendersBane","Defend_R","Defend_R+1","Defend_R+1","Defend_R","Bash+1","Dropkick","Ghostly Armor","Ghostly Armor","Whirlwind+1","Ghostly Armor","Parasite","Bludgeon+1","Demon Form+1","Bite","Bite","Bite","Bite","Bite","Shrug It Off","Shockwave+1","Pommel Strike","Blood for Blood+1","Carnage","Sword Boomerang","Clothesline","Impervious","Havoc","Clothesline+1","Headbutt+1","Power Through","Warcry","Spot Weakness","Metallicize+1","Heavy Blade+1","Shrug It Off"],"relics":["Coffee Dripper","Thread and Needle","Vajra","Champion Belt","Kunai","FossilizedHelix","Tiny Chest","White Beast Statue","MutagenicStrength","Potion Belt","The Courier","Ancient Tea Set","Runic Pyramid","Meat on the Bone","Incense Burner","War Paint","Bag of Preparation","Shuriken","Bottled Lightning"],"potions_floor_usage":[6,8,23,23,28,28,28,31,31,33,33,33,37,40,40,40,45,47,48,48,50,50],"damage_taken":[{"damage":0,"enemies":"2 Louse","floor":1,"turns":2},{"damage":3,"enemies":"Jaw Worm","floor":4,"turns":2},{"damage":1,"enemies":"Cultist","floor":5,"turns":3},{"damage":7,"enemies":"3 Sentries","floor":6,"turns":6},{"damage":18,"enemies":"Lagavulin","floor":8,"turns":4},{"damage":0,"enemies":"3 Louse","floor":12,"turns":3},{"damage":0,"enemies":"Gremlin Nob","floor":14,"turns":3},{"damage":22,"enemies":"Hexaghost","floor":16,"turns":9},{"damage":0,"enemies":"Chosen","floor":18,"turns":3},{"damage":0,"enemies":"Shell Parasite","floor":22,"turns":5},{"damage":41,"enemies":"Gremlin Leader","floor":23,"turns":4},{"damage":8,"enemies":"Centurion and Healer","floor":24,"turns":6},{"damage":0,"enemies":"Shelled Parasite and Fungi","floor":27,"turns":6},{"damage":5,"enemies":"Slavers","floor":28,"turns":3},{"damage":0,"enemies":"Snecko","floor":30,"turns":4},{"damage":0,"enemies":"Snake Plant","floor":31,"turns":2},{"damage":35,"enemies":"Collector","floor":33,"turns":5},{"damage":19,"enemies":"3 Darklings","floor":35,"turns":7},{"damage":0,"enemies":"Orb Walker","floor":36,"turns":3},{"damage":12,"enemies":"3 Darklings","floor":37,"turns":5},{"damage":0,"enemies":"Nemesis","floor":40,"turns":9},{"damage":0,"enemies":"Maw","floor":41,"turns":8},{"damage":0,"enemies":"Giant Head","floor":45,"turns":9},{"damage":8,"enemies":"Spire Growth","floor":46,"turns":4},{"damage":0,"enemies":"3 Darklings","floor":47,"turns":6},{"damage":0,"enemies":"Nemesis","floor":48,"turns":7},{"damage":89,"enemies":"Awakened One","floor":50,"turns":15}],"seed_played":"2162800188189944308","potions_obtained":[{"floor":1,"key":"SteroidPotion"},{"floor":4,"key":"SteroidPotion"},{"floor":14,"key":"AttackPotion"},{"floor":18,"key":"SteroidPotion"},{"floor":23,"key":"Strength Potion"},{"floor":24,"key":"Explosive Potion"},{"floor":27,"key":"Poison Potion"},{"floor":28,"key":"Poison Potion"},{"floor":30,"key":"Fire Potion"},{"floor":31,"key":"Swift Potion"},{"floor":33,"key":"FearPotion"},{"floor":35,"key":"FairyPotion"},{"floor":36,"key":"Regen Potion"},{"floor":37,"key":"Regen Potion"},{"floor":40,"key":"Swift Potion"},{"floor":41,"key":"Poison Potion"},{"floor":42,"key":"PowerPotion"},{"floor":45,"key":"Explosive Potion"},{"floor":47,"key":"SteroidPotion"},{"floor":48,"key":"EssenceOfSteel"}],"is_trial":false,"path_per_floor":["M","?","?","M","M","E","R","E","T","?","?","M","$","E","R","B",null,"M","?","?","?","M","E","M","R","T","M","E","$","M","M","R","B",null,"M","M","M","T","$","E","M","?","T","$","E","M","M","E","R","B",null],"character_chosen":"IRONCLAD","items_purchased":["Bludgeon","Blood Vial","Carnage","AttackPotion","AttackPotion","SkillPotion","Incense Burner","PowerPotion","Warcry"],"campfire_rested":0,"item_purchase_floors":[13,13,29,29,29,29,39,39,44],"current_hp_per_floor":[72,47,47,44,43,36,36,18,18,38,38,38,38,40,40,20,65,67,67,67,80,80,41,43,43,43,53,54,54,60,64,64,31,68,57,65,68,68,68,80,80,80,80,80,80,74,80,80,80,20],"gold":104,"neow_bonus":"BOSS_RELIC","is_prod":false,"is_daily":false,"chose_seed":false,"campfire_upgraded":5,"win_rate":0,"timestamp":1549799897,"path_taken":["M","?","?","?","M","E","R","E","T","?","?","M","$","E","R","BOSS","M","?","?","?","M","E","M","R","T","M","E","$","M","M","R","BOSS","M","M","M","?","$","E","M","?","T","$","E","M","M","E","R","BOSS"],"build_version":"2019-01-23","purchased_purges":0,"victory":true,"max_hp_per_floor":[80,80,80,80,80,80,80,80,80,80,80,80,80,80,80,80,80,80,80,80,80,80,80,80,80,80,80,80,80,80,80,80,80,80,80,80,80,80,80,80,80,80,80,80,80,80,80,80,80,80],"card_choices":[{"not_picked":["Power Through","Perfected Strike"],"picked":"Dropkick","floor":1},{"not_picked":["Burning Pact","Thunderclap"],"picked":"Ghostly Armor","floor":4},{"not_picked":["Power Through","Perfected Strike"],"picked":"Ghostly Armor","floor":5},{"not_picked":["Pummel","Hemokinesis"],"picked":"Whirlwind","floor":6},{"not_picked":["Whirlwind","Dual Wield"],"picked":"Ghostly Armor","floor":8},{"not_picked":["Corruption","Sword Boomerang","Clash"],"picked":"SKIP","floor":12},{"not_picked":["Flex","Clash","Body Slam"],"picked":"SKIP","floor":14},{"not_picked":["Juggernaut","Immolate"],"picked":"Demon Form","floor":16},{"not_picked":["Second Wind","Bloodletting","Cleave"],"picked":"SKIP","floor":18},{"not_picked":["Warcry","Flex"],"picked":"Shrug It Off","floor":22},{"not_picked":["Havoc","Clothesline"],"picked":"Shockwave","floor":23},{"not_picked":["Perfected Strike","Rage"],"picked":"Pommel Strike","floor":24},{"not_picked":["Cleave","Clash","Sever Soul"],"picked":"SKIP","floor":27},{"not_picked":["Armaments","Twin Strike"],"picked":"Blood for Blood+1","floor":28},{"not_picked":["Perfected Strike","Hemokinesis+1"],"picked":"Sword Boomerang","floor":30},{"not_picked":["Exhume","Anger"],"picked":"Clothesline","floor":31},{"not_picked":["Immolate","Demon Form"],"picked":"Impervious","floor":33},{"not_picked":["True Grit","Cleave"],"picked":"Havoc","floor":35},{"not_picked":["Shrug It Off","Rampage"],"picked":"Clothesline+1","floor":36},{"not_picked":["Armaments","Flex"],"picked":"Headbutt+1","floor":37},{"not_picked":["Sentinel","Reckless Charge"],"picked":"Power Through","floor":40},{"not_picked":["Havoc","True Grit","Flex"],"picked":"SKIP","floor":41},{"not_picked":["Armaments","Feel No Pain"],"picked":"Spot Weakness","floor":45},{"not_picked":["Warcry","Thunderclap"],"picked":"Metallicize+1","floor":46},{"not_picked":["Body Slam","Corruption"],"picked":"Heavy Blade+1","floor":47},{"not_picked":["Iron Wave","Flex+1"],"picked":"Shrug It Off","floor":48}],"player_experience":2272779,"relics_obtained":[{"floor":6,"key":"Vajra"},{"floor":8,"key":"Champion Belt"},{"floor":9,"key":"Kunai"},{"floor":14,"key":"Tiny Chest"},{"floor":23,"key":"Potion Belt"},{"floor":26,"key":"The Courier"},{"floor":28,"key":"Ancient Tea Set"},{"floor":38,"key":"Meat on the Bone"},{"floor":40,"key":"War Paint"},{"floor":43,"key":"Bag of Preparation"},{"floor":45,"key":"Shuriken"},{"floor":48,"key":"Bottled Lightning"}],"event_choices":[{"damage_healed":0,"gold_gain":0,"player_choice":"Success","damage_taken":25,"relics_obtained":["Thread and Needle"],"max_hp_gain":0,"max_hp_loss":0,"event_name":"Scrap Ooze","floor":2,"gold_loss":0},{"damage_healed":0,"gold_gain":0,"cards_transformed":["Strike_R"],"player_choice":"Transformed","damage_taken":0,"max_hp_gain":0,"max_hp_loss":0,"event_name":"Transmorgrifier","floor":3,"gold_loss":0,"cards_obtained":["Combust"]},{"damage_healed":20,"gold_gain":0,"player_choice":"Healed and dodged fight","damage_taken":0,"max_hp_gain":0,"max_hp_loss":0,"event_name":"Mushrooms","floor":10,"gold_loss":0,"cards_obtained":["Parasite"]},{"damage_healed":0,"gold_gain":0,"player_choice":"Searched \u00271\u0027 times","damage_taken":0,"relics_obtained":["FossilizedHelix"],"max_hp_gain":0,"max_hp_loss":0,"event_name":"Dead Adventurer","floor":11,"gold_loss":0},{"damage_healed":0,"gold_gain":0,"player_choice":"Became a vampire (Vial)","damage_taken":0,"max_hp_gain":0,"max_hp_loss":0,"event_name":"Vampires","floor":19,"relics_lost":["Blood Vial"],"gold_loss":0,"cards_obtained":["Bite","Bite","Bite","Bite","Bite"]},{"damage_healed":0,"gold_gain":0,"player_choice":"Inject Mutagens","damage_taken":0,"relics_obtained":["MutagenicStrength"],"max_hp_gain":0,"max_hp_loss":0,"event_name":"Drug Dealer","floor":20,"gold_loss":0},{"cards_removed":["Combust"],"damage_healed":13,"gold_gain":0,"player_choice":"Offered Uncommon","damage_taken":0,"max_hp_gain":0,"max_hp_loss":0,"event_name":"Bonfire Elementals","floor":21,"gold_loss":0},{"damage_healed":0,"gold_gain":0,"player_choice":"Bought 3 Potions","damage_taken":0,"max_hp_gain":0,"max_hp_loss":0,"event_name":"The Woman in Blue","floor":42,"gold_loss":0}],"is_beta":false,"boss_relics":[{"not_picked":["Eternal Feather","Runic Cube"],"picked":"White Beast Statue"},{"not_picked":["Pandora\u0027s Box","Busted Crown"],"picked":"Runic Pyramid"}],"items_purged_floors":[],"is_endless":false,"potions_floor_spawned":[1,4,5,14,18,22,23,24,27,28,30,31,33,35,36,37,40,41,45,46,47,48],"ascension_level":13}