{"gold_per_floor":[112,112,162,179,198,228,228,228],"floor_reached":8,"playtime":146,"items_purged":[],"score":112,"play_id":"52b94d4a-428c-46b5-a988-fd06b9777e3e","local_time":"20190208191132","is_ascension_mode":true,"campfire_choices":[{"data":"Flame Barrier","floor":7.0,"key":"SMITH"}],"neow_cost":"NONE","seed_source_timestamp":22145609717182,"circlet_count":0,"master_deck":["AscendersBane","Strike_R","Strike_R","Strike_R","Strike_R","Strike_R","Defend_R","Defend_R","Defend_R","Defend_R","Bash+1","Heavy Blade","Flame Barrier+1","Shrug It Off","Clothesline"],"special_seed":0,"relics":["Burning Blood","NeowsBlessing","Bag of Preparation"],"potions_floor_usage":[8,8],"damage_taken":[{"damage":0.0,"enemies":"Cultist","floor":1.0,"turns":1.0},{"damage":0.0,"enemies":"2 Louse","floor":4.0,"turns":1.0},{"damage":0.0,"enemies":"Jaw Worm","floor":5.0,"turns":1.0},{"damage":56.0,"enemies":"Lagavulin","floor":6.0,"turns":10.0},{"damage":24,"enemies":"Gremlin Nob","floor":8,"turns":4}],"seed_played":"-3724910853535053104","potions_obtained":[{"floor":4.0,"key":"LiquidBronze"},{"floor":6.0,"key":"AttackPotion"}],"is_trial":false,"path_per_floor":["M","?","?","M","M","E","R","E"],"character_chosen":"IRONCLAD","items_purchased":[],"campfire_rested":0,"item_purchase_floors":[],"current_hp_per_floor":[74,74,67,73,75,25,25,1],"gold":228,"neow_bonus":"THREE_ENEMY_KILL","is_prod":false,"is_daily":false,"chose_seed":false,"campfire_upgraded":1,"win_rate":0,"timestamp":1549671092,"path_taken":["M","?","?","?","M","E","R","E"],"build_version":"2019-01-23","purchased_purges":0,"victory":false,"max_hp_per_floor":[75,75,75,75,75,75,75,75],"card_choices":[{"not_picked":["Flex","Wild Strike"],"picked":"Heavy Blade","floor":1.0},{"not_picked":["Wild Strike","Perfected Strike"],"picked":"Flame Barrier","floor":4.0},{"not_picked":["Perfected Strike","Headbutt"],"picked":"Shrug It Off","floor":5.0},{"not_picked":["Iron Wave","True Grit"],"picked":"Clothesline","floor":6.0}],"player_experience":1175476,"relics_obtained":[{"floor":6.0,"key":"Bag of Preparation"}],"event_choices":[{"damage_healed":0.0,"max_hp_gain":0.0,"max_hp_loss":0.0,"gold_gain":0.0,"event_name":"Living Wall","player_choice":"Grow","floor":2.0,"gold_loss":0.0,"damage_taken":0.0,"cards_upgraded":["Bash"]},{"damage_healed":0.0,"max_hp_gain":0.0,"max_hp_loss":0.0,"gold_gain":50.0,"event_name":"FaceTrader","player_choice":"Touch","floor":3.0,"gold_loss":0.0,"damage_taken":7.0}],"is_beta":false,"boss_relics":[],"items_purged_floors":[],"is_endless":false,"potions_floor_spawned":[4,6],"killed_by":"Gremlin Nob","ascension_level":20}