{"gold_per_floor":[110,124,90,160,160,160,192,192,192,192,192,227,251,272,272,391,391,411,411,434,434,446,446,406,406,406,406,439,294,329,346,346,346],"floor_reached":33,"playtime":1018,"items_purged":[],"score":512,"play_id":"26ffe107-0dab-40e8-adc0-6564e6d9ad11","local_time":"20181109104539","is_ascension_mode":true,"campfire_choices":[{"data":"Zap","floor":6,"key":"SMITH"},{"data":"Doom and Gloom","floor":8,"key":"SMITH"},{"data":"Storm","floor":15,"key":"SMITH"},{"floor":23,"key":"REST"},{"floor":25,"key":"REST"},{"data":"Amplify","floor":27,"key":"SMITH"},{"floor":32,"key":"REST"}],"neow_cost":"NONE","seed_source_timestamp":147135404840715,"circlet_count":0,"master_deck":["AscendersBane","Strike_B","Strike_B","Strike_B","Strike_B","Defend_B","Defend_B","Defend_B","Defend_B","Zap+1","Dualcast","Hello World","Rebound","Fusion+1","Doom and Gloom+1","BootSequence","Electrodynamics","Stack","Storm+1","Amplify+1","Ball Lightning","Hologram","Leap","Ball Lightning","Auto Shields+1","Reinforced Body+1","Echo Form+1","Ball Lightning"],"relics":["Cracked Core","Pear","Bloody Idol","Pantograph","Orrery","Nloth\u0027s Gift","Frozen Egg 2","Blue Candle","DataDisk","Juzu Bracelet"],"potions_floor_usage":[16,18,18,28,28,28],"damage_taken":[{"damage":1,"enemies":"Cultist","floor":1,"turns":3},{"damage":0,"enemies":"Small Slimes","floor":2,"turns":3},{"damage":26,"enemies":"Gremlin Nob","floor":7,"turns":4},{"damage":35,"enemies":"Lagavulin","floor":12,"turns":6},{"damage":0,"enemies":"2 Louse","floor":13,"turns":2},{"damage":2,"enemies":"Red Slaver","floor":14,"turns":3},{"damage":0,"enemies":"Slime Boss","floor":16,"turns":5},{"damage":8,"enemies":"2 Thieves","floor":18,"turns":4},{"damage":12,"enemies":"Shell Parasite","floor":20,"turns":7},{"damage":48,"enemies":"Shelled Parasite and Fungi","floor":22,"turns":8},{"damage":19,"enemies":"Slavers","floor":28,"turns":4},{"damage":25,"enemies":"Gremlin Leader","floor":30,"turns":5},{"damage":22,"enemies":"Centurion and Healer","floor":31,"turns":5},{"damage":14,"enemies":"Automaton","floor":33,"turns":6}],"seed_played":"-179660200709624804","potions_obtained":[{"floor":12,"key":"FearPotion"},{"floor":13,"key":"Ancient Potion"},{"floor":14,"key":"Block Potion"},{"floor":16,"key":"FearPotion"},{"floor":20,"key":"Explosive Potion"},{"floor":22,"key":"FocusPotion"},{"floor":24,"key":"Block Potion"},{"floor":24,"key":"FearPotion"},{"floor":30,"key":"SmokeBomb"},{"floor":31,"key":"Dexterity Potion"}],"is_trial":false,"path_per_floor":["M","M","$","?","?","R","E","R","T","?","?","E","M","M","R","B",null,"M","?","M","?","M","R","?","R","T","R","E","$","E","M","R","B"],"character_chosen":"DEFECT","items_purchased":["Doom and Gloom","DataDisk"],"campfire_rested":3,"item_purchase_floors":[3,29],"current_hp_per_floor":[67,67,67,67,67,67,41,41,51,79,58,23,23,21,21,46,75,67,67,55,55,12,37,37,62,62,62,48,48,28,11,36,47],"gold":346,"neow_bonus":"THREE_CARDS","is_prod":false,"is_daily":false,"chose_seed":false,"campfire_upgraded":4,"win_rate":0,"timestamp":1541756739,"path_taken":["M","M","?","?","?","R","E","R","T","?","?","E","?","M","R","BOSS","M","?","?","?","M","R","?","R","T","R","E","$","E","M","R","BOSS"],"build_version":"2018-11-08","purchased_purges":0,"victory":false,"max_hp_per_floor":[75,75,75,75,75,75,75,75,85,85,85,85,85,85,85,85,85,85,85,85,85,85,85,85,85,85,85,85,85,85,85,85,85],"card_choices":[{"not_picked":["Go for the Eyes","Compile Driver"],"picked":"Hello World","floor":0},{"not_picked":["Redo","Coolheaded"],"picked":"Rebound","floor":1},{"not_picked":["Sunder","Streamline"],"picked":"Fusion","floor":2},{"not_picked":["Self Repair","Turbo"],"picked":"BootSequence","floor":7},{"not_picked":["Recycle","Stack"],"picked":"Electrodynamics","floor":12},{"not_picked":["Sweeping Beam","Scrape"],"picked":"Stack","floor":13},{"not_picked":["Rip and Tear","Aggregate"],"picked":"Storm","floor":14},{"not_picked":["Creative AI","Seek"],"picked":"Amplify","floor":16},{"not_picked":["Streamline","Cold Snap"],"picked":"Ball Lightning","floor":17},{"not_picked":["Recycle","Turbo"],"picked":"Hologram","floor":17},{"not_picked":["Doom and Gloom","Genetic Algorithm"],"picked":"Leap","floor":17},{"not_picked":["Go for the Eyes","Double Energy"],"picked":"Ball Lightning","floor":18},{"not_picked":["Gash","Ball Lightning"],"picked":"Auto Shields+1","floor":20},{"not_picked":["Steam","Hyperbeam"],"picked":"Reinforced Body+1","floor":22},{"not_picked":["Genetic Algorithm","Amplify","Streamline"],"picked":"SKIP","floor":28},{"not_picked":["Barrage+1","Machine Learning+1"],"picked":"Echo Form+1","floor":30},{"not_picked":["Core Surge","Doom and Gloom"],"picked":"Ball Lightning","floor":31}],"player_experience":1147131,"relics_obtained":[{"floor":7,"key":"Bottled Lightning"},{"floor":9,"key":"Pear"},{"floor":12,"key":"Pantograph"},{"floor":26,"key":"Frozen Egg 2"},{"floor":28,"key":"Blue Candle"},{"floor":30,"key":"Juzu Bracelet"}],"event_choices":[{"damage_healed":0,"gold_gain":70,"player_choice":"Gained Gold","damage_taken":0,"max_hp_gain":0,"max_hp_loss":0,"event_name":"Golden Wing","floor":4,"gold_loss":0},{"damage_healed":0,"gold_gain":0,"player_choice":"Grow","damage_taken":0,"max_hp_gain":0,"max_hp_loss":0,"event_name":"Living Wall","floor":5,"gold_loss":0,"cards_upgraded":["Fusion"]},{"damage_healed":28,"gold_gain":0,"player_choice":"Banana","damage_taken":0,"max_hp_gain":0,"max_hp_loss":0,"event_name":"Big Fish","floor":10,"gold_loss":0},{"damage_healed":0,"gold_gain":0,"player_choice":"Take Damage","damage_taken":21,"relics_obtained":["Golden Idol"],"max_hp_gain":0,"max_hp_loss":0,"event_name":"Golden Idol","floor":11,"gold_loss":0},{"damage_healed":0,"gold_gain":0,"player_choice":"Traded Relic","damage_taken":0,"relics_obtained":["Nloth\u0027s Gift"],"max_hp_gain":0,"max_hp_loss":0,"event_name":"N\u0027loth","floor":19,"relics_lost":["Bottled Lightning"],"gold_loss":0},{"damage_healed":0,"gold_gain":0,"player_choice":"Gave Idol","damage_taken":0,"relics_obtained":["Bloody Idol"],"max_hp_gain":0,"max_hp_loss":0,"event_name":"Forgotten Altar","floor":21,"relics_lost":["Golden Idol"],"gold_loss":0},{"damage_healed":0,"gold_gain":0,"player_choice":"Bought 3 Potions","damage_taken":0,"max_hp_gain":0,"max_hp_loss":0,"event_name":"The Woman in Blue","floor":24,"gold_loss":0}],"is_beta":false,"boss_relics":[{"not_picked":["Runic Pyramid","Philosopher\u0027s Stone"],"picked":"Orrery"}],"items_purged_floors":[],"is_endless":false,"potions_floor_spawned":[12,13,14,16,20,22,30,31],"killed_by":"Automaton","ascension_level":10}