{"path_per_floor":["M","M","M","?","?","E","R","E","T","E","?","M","M","?","R","B",null,"M","M","?","M","M"],"character_chosen":"DEFECT","items_purchased":[],"gold_per_floor":[112,130,147,147,147,187,187,218,218,256,256,275,296,296,296,425,425,445,470,470,489,508,508],"floor_reached":23,"campfire_rested":1,"playtime":1625,"item_purchase_floors":[],"current_hp_per_floor":[75,70,70,75,74,51,51,39,39,39,39,7,7,7,29,3,74,54,44,44,44,18,6],"items_purged":[],"gold":508,"score":286,"play_id":"58f1afb9-b42d-41c8-95b2-f03c343a8fd0","local_time":"20180616165647","is_prod":false,"is_daily":false,"chose_seed":false,"is_ascension_mode":true,"campfire_upgraded":1,"win_rate":0,"timestamp":1529161007,"campfire_choices":[{"data":"Loop","floor":7,"key":"SMITH"},{"floor":15,"key":"REST"}],"path_taken":["M","M","M","?","?","E","R","E","T","E","?","?","?","?","R","BOSS","M","M","?","M","M","E"],"build_version":"2018-06-14v2","seed_source_timestamp":255139298049101,"purchased_purges":0,"victory":false,"master_deck":["Strike_B","Strike_B","Strike_B","Defend_B","Defend_B","Zap","Dualcast","Loop+1","Cold Snap","Redo","Chill","Buffer+1","Loop","BootSequence","Redo+1","Injury","Echo Form","Barrage+1","Conserve Battery+1","Doom and Gloom+1","Compile Driver","Leap","Sunder","Reprogram"],"max_hp_per_floor":[75,75,75,80,74,74,74,74,74,74,74,74,74,74,74,74,74,74,74,74,74,74,74],"special_seed":17698,"relics":["Cracked Core","Golden Idol","Boot","Toolbox","Potion Belt","Pantograph","Astrolabe"],"card_choices":[{"not_picked":["Turbo","Skim"],"picked":"Loop","floor":1},{"not_picked":["Loop","Barrage"],"picked":"Cold Snap","floor":2},{"not_picked":["Compile Driver","Sweeping Beam"],"picked":"Redo","floor":3},{"not_picked":["Cold Snap","Hologram"],"picked":"Chill","floor":6},{"not_picked":["Steam","Hologram"],"picked":"Buffer","floor":8},{"not_picked":["Streamline","Turbo"],"picked":"Loop","floor":10},{"not_picked":["Double Energy","Lockon"],"picked":"BootSequence","floor":12},{"not_picked":["Turbo","Go for the Eyes"],"picked":"Redo","floor":13},{"not_picked":["Rainbow","Meteor Strike"],"picked":"Echo Form","floor":16},{"not_picked":["Redo","Skim"],"picked":"Compile Driver","floor":18},{"not_picked":["Redo","Sweeping Beam"],"picked":"Leap","floor":19},{"not_picked":["Redo","Tempest"],"picked":"Sunder","floor":21},{"not_picked":["Ball Lightning","Static Discharge"],"picked":"Reprogram","floor":22}],"player_experience":696239,"potions_floor_usage":[6,6,10,21],"damage_taken":[{"damage":0,"enemies":"2 Louse","floor":1,"turns":4},{"damage":5,"enemies":"Small Slimes","floor":2,"turns":3},{"damage":0,"enemies":"Jaw Worm","floor":3,"turns":3},{"damage":23,"enemies":"Lagavulin","floor":6,"turns":6},{"damage":12,"enemies":"Gremlin Nob","floor":8,"turns":5},{"damage":0,"enemies":"3 Sentries","floor":10,"turns":7},{"damage":32,"enemies":"Gremlin Gang","floor":12,"turns":5},{"damage":0,"enemies":"2 Fungi Beasts","floor":13,"turns":5},{"damage":51,"enemies":"The Guardian","floor":16,"turns":16},{"damage":20,"enemies":"Spheric Guardian","floor":18,"turns":5},{"damage":10,"enemies":"2 Thieves","floor":19,"turns":4},{"damage":0,"enemies":"Cultist and Chosen","floor":21,"turns":9},{"damage":26,"enemies":"Snake Plant","floor":22,"turns":3},{"damage":16,"enemies":"Book of Stabbing","floor":23,"turns":4}],"relics_obtained":[{"floor":6,"key":"Boot"},{"floor":8,"key":"Toolbox"},{"floor":9,"key":"Potion Belt"},{"floor":10,"key":"Pantograph"}],"event_choices":[{"event_name":"Big Fish","player_choice":"Donut","floor":4,"damage_taken":0},{"event_name":"Golden Idol","player_choice":"Lose Max HP","floor":5,"damage_taken":0},{"event_name":"Living Wall","player_choice":"Grow","floor":11,"damage_taken":0},{"event_name":"Accursed Blacksmith","player_choice":"Forge","floor":14,"damage_taken":0},{"event_name":"Vampires","player_choice":"Ignored","floor":20,"damage_taken":0}],"boss_relics":[{"not_picked":["Empty Cage","Runic Pyramid"],"picked":"Astrolabe"}],"items_purged_floors":[],"is_endless":false,"potions_floor_spawned":[2,3,8,16],"seed_played":"2216600708301624633","killed_by":"Book of Stabbing","ascension_level":4,"potions_obtained":[{"floor":2,"key":"Energy Potion"},{"floor":3,"key":"Strength Potion"},{"floor":8,"key":"Fire Potion"},{"floor":16,"key":"AttackPotion"}],"is_trial":false}