{"gold_per_floor":[117,135,148,148,148,174,174,205,228,228,262,290,290,303,303,379,379,391,401,17,27,77,77,105,105,129,129,139,164,164,164,164,238,238,257,273,273,283,294,294,310,326,326,119,119,152,152,164,164,164,164,164,164,31,62,62],"floor_reached":56,"playtime":2942,"items_purged":["Decay","Strike_R"],"score":1945,"play_id":"80b23586-5d90-4e2e-aaae-1311ed00ed82","local_time":"20190205113347","is_ascension_mode":true,"campfire_choices":[{"data":"Shockwave","floor":7.0,"key":"SMITH"},{"floor":10.0,"key":"REST"},{"data":"Combust","floor":15.0,"key":"SMITH"},{"data":"Whirlwind","floor":23.0,"key":"SMITH"},{"floor":25.0,"key":"REST"},{"data":"True Grit","floor":27.0,"key":"SMITH"},{"floor":32.0,"key":"REST"},{"data":"Corruption","floor":40.0,"key":"SMITH"},{"floor":45.0,"key":"RECALL"},{"data":"Sentinel","floor":49.0,"key":"SMITH"},{"data":"Impervious","floor":53.0,"key":"SMITH"}],"neow_cost":"NONE","seed_source_timestamp":165940261261931,"circlet_count":0,"master_deck":["AscendersBane","Strike_R","Strike_R","Strike_R","Strike_R","Defend_R","Defend_R","Defend_R","Defend_R","Bash","Whirlwind+1","Spot Weakness","Uppercut+1","Shockwave+1","Armaments","Combust+1","Shrug It Off","Shrug It Off","Impervious+1","Demon Form+1","True Grit+1","Entrench+1","Necronomicurse","Heavy Blade+1","Shrug It Off+1","Corruption+1","Shrug It Off","Sentinel+1","Feel No Pain+1"],"special_seed":0,"relics":["Burning Blood","Blood Vial","Red Skull","Happy Flower","Bottled Lightning","Odd Mushroom","Runic Pyramid","Chemical X","Gambling Chip","Smiling Mask","Matryoshka","Necronomicon","Cursed Key","Anchor","Oddly Smooth Stone","Gremlin Horn","Bag of Marbles"],"potions_floor_usage":[56],"damage_taken":[{"damage":2.0,"enemies":"2 Louse","floor":1.0,"turns":3.0},{"damage":10.0,"enemies":"Small Slimes","floor":2.0,"turns":4.0},{"damage":12.0,"enemies":"Jaw Worm","floor":3.0,"turns":2.0},{"damage":30.0,"enemies":"3 Sentries","floor":6.0,"turns":6.0},{"damage":22.0,"enemies":"Gremlin Nob","floor":8.0,"turns":4.0},{"damage":16.0,"enemies":"Lagavulin","floor":11.0,"turns":7.0},{"damage":13.0,"enemies":"The Mushroom Lair","floor":12.0,"turns":3.0},{"damage":5.0,"enemies":"3 Louse","floor":14.0,"turns":2.0},{"damage":30.0,"enemies":"Slime Boss","floor":16.0,"turns":9.0},{"damage":7.0,"enemies":"3 Byrds","floor":18.0,"turns":3.0},{"damage":11.0,"enemies":"Shell Parasite","floor":19.0,"turns":8.0},{"damage":16.0,"enemies":"Centurion and Healer","floor":21.0,"turns":7.0},{"damage":36.0,"enemies":"Book of Stabbing","floor":24.0,"turns":6.0},{"damage":1.0,"enemies":"3 Cultists","floor":28.0,"turns":4.0},{"damage":15.0,"enemies":"Gremlin Leader","floor":29.0,"turns":4.0},{"damage":26.0,"enemies":"Collector","floor":33.0,"turns":5.0},{"damage":18.0,"enemies":"3 Shapes","floor":35.0,"turns":4.0},{"damage":7.0,"enemies":"3 Darklings","floor":36.0,"turns":4.0},{"damage":10.0,"enemies":"Maw","floor":38.0,"turns":4.0},{"damage":0.0,"enemies":"Jaw Worm Horde","floor":39.0,"turns":1.0},{"damage":3.0,"enemies":"Transient","floor":41.0,"turns":6.0},{"damage":31.0,"enemies":"4 Shapes","floor":42.0,"turns":5.0},{"damage":0.0,"enemies":"Reptomancer","floor":46.0,"turns":4.0},{"damage":0.0,"enemies":"Spire Growth","floor":48.0,"turns":3.0},{"damage":14.0,"enemies":"Time Eater","floor":50.0,"turns":7.0},{"damage":5.0,"enemies":"Donu and Deca","floor":51.0,"turns":3.0},{"damage":35.0,"enemies":"Shield and Spear","floor":55.0,"turns":6.0},{"damage":45,"enemies":"The Heart","floor":56,"turns":5}],"seed_played":"-1505321139154899575","potions_obtained":[{"floor":2.0,"key":"Poison Potion"},{"floor":6.0,"key":"Strength Potion"},{"floor":14.0,"key":"Explosive Potion"},{"floor":16.0,"key":"EssenceOfSteel"},{"floor":24.0,"key":"Dexterity Potion"},{"floor":29.0,"key":"Swift Potion"},{"floor":33.0,"key":"PowerPotion"},{"floor":38.0,"key":"FearPotion"}],"is_trial":false,"path_per_floor":["M","M","M","?","?","E","R","E","T","R","E","?","?","M","R","B",null,"M","M","$","M","?","R","E","R","T","R","M","E","?","?","R","B",null,"M","M","?","M","M","R","M","M","T","$","R","E","?","M","R","B","B",null,"R","$","E","B"],"character_chosen":"IRONCLAD","items_purchased":["Demon Form","Chemical X","Oddly Smooth Stone","LiquidBronze"],"campfire_rested":3,"item_purchase_floors":[20,20,44,54],"current_hp_per_floor":[72,68,62,62,62,38,38,24,24,46,38,33,33,36,36,14,60,61,58,58,50,50,50,22,44,44,44,51,44,23,23,45,27,63,53,54,54,52,60,60,65,42,42,42,42,50,50,58,58,52,55,70,70,70,43,0],"gold":62,"neow_bonus":"THREE_CARDS","is_prod":false,"is_daily":false,"chose_seed":false,"campfire_upgraded":7,"win_rate":0,"timestamp":1549384427,"path_taken":["M","M","M","?","?","E","R","E","T","R","E","?","?","M","R","BOSS","M","M","$","M","?","R","E","R","T","R","M","E","?","?","R","BOSS","M","M","?","M","M","R","M","?","T","$","R","E","?","M","R","BOSS","BOSS","R","$","E","BOSS"],"build_version":"2019-01-23","purchased_purges":2,"victory":false,"max_hp_per_floor":[75,75,75,75,75,75,75,75,75,75,75,75,75,75,75,75,75,75,75,75,75,75,75,75,75,75,75,75,75,75,75,75,75,75,75,75,75,75,75,75,75,75,75,75,75,75,75,75,75,75,75,75,75,75,75,75],"card_choices":[{"not_picked":["Cleave","Thunderclap"],"picked":"Whirlwind","floor":0.0},{"not_picked":["Warcry","Perfected Strike","Cleave"],"picked":"SKIP","floor":1.0},{"not_picked":["Twin Strike","Sentinel"],"picked":"Spot Weakness","floor":2.0},{"not_picked":["Flex","Twin Strike"],"picked":"Uppercut","floor":3.0},{"not_picked":["Pummel","Reckless Charge"],"picked":"Shockwave","floor":6.0},{"not_picked":["Body Slam","Blood for Blood"],"picked":"Armaments","floor":8.0},{"not_picked":["Carnage","Iron Wave"],"picked":"Combust","floor":11.0},{"not_picked":["Cleave","Infernal Blade"],"picked":"Shrug It Off","floor":12.0},{"not_picked":["Iron Wave","Headbutt"],"picked":"Shrug It Off","floor":14.0},{"not_picked":["Dark Embrace","Exhume"],"picked":"Impervious","floor":16.0},{"not_picked":["Twin Strike","Body Slam","Pommel Strike"],"picked":"SKIP","floor":18.0},{"not_picked":["Body Slam","Seeing Red","Uppercut"],"picked":"SKIP","floor":19.0},{"not_picked":["Iron Wave","Whirlwind","Heavy Blade"],"picked":"SKIP","floor":21.0},{"not_picked":["Sword Boomerang","Rage"],"picked":"True Grit","floor":24.0},{"not_picked":["Cleave","Carnage+1","Ghostly Armor"],"picked":"SKIP","floor":28.0},{"not_picked":["Havoc","Bludgeon"],"picked":"Entrench+1","floor":29.0},{"not_picked":["Power Through","Dropkick"],"picked":"Heavy Blade+1","floor":35.0},{"not_picked":["Metallicize","Clothesline"],"picked":"Shrug It Off+1","floor":36.0},{"not_picked":["Heavy Blade","Iron Wave","Havoc"],"picked":"SKIP","floor":38.0},{"not_picked":["Bloodletting","Searing Blow","Hemokinesis"],"picked":"SKIP","floor":39.0},{"not_picked":["Cleave+1","Iron Wave+1"],"picked":"Shrug It Off","floor":41.0},{"not_picked":["Blood for Blood","Metallicize+1"],"picked":"Sentinel","floor":42.0},{"not_picked":["Perfected Strike+1","Searing Blow","Flex"],"picked":"SKIP","floor":46.0},{"not_picked":["Havoc","Blood for Blood","Fire Breathing"],"picked":"SKIP","floor":48.0},{"not_picked":["Ghostly Armor","Combust"],"picked":"Feel No Pain+1","floor":55.0}],"player_experience":1133176,"relics_obtained":[{"floor":6.0,"key":"Blood Vial"},{"floor":8.0,"key":"Red Skull"},{"floor":9.0,"key":"Happy Flower"},{"floor":11.0,"key":"Bottled Lightning"},{"floor":12.0,"key":"Odd Mushroom"},{"floor":24.0,"key":"Gambling Chip"},{"floor":26.0,"key":"Smiling Mask"},{"floor":29.0,"key":"Matryoshka"},{"floor":30.0,"key":"Necronomicon"},{"floor":43.0,"key":"Anchor"},{"floor":46.0,"key":"Gremlin Horn"},{"floor":55.0,"key":"Bag of Marbles"}],"event_choices":[{"damage_healed":0.0,"max_hp_gain":0.0,"max_hp_loss":0.0,"gold_gain":0.0,"event_name":"Living Wall","player_choice":"Grow","floor":4.0,"gold_loss":0.0,"damage_taken":0.0,"cards_upgraded":["Uppercut"]},{"damage_healed":0.0,"max_hp_gain":0.0,"max_hp_loss":0.0,"gold_gain":0.0,"event_name":"Scrap Ooze","player_choice":"Fled","floor":5.0,"gold_loss":0.0,"damage_taken":0.0},{"damage_healed":0.0,"max_hp_gain":0.0,"max_hp_loss":0.0,"gold_gain":0.0,"event_name":"Mushrooms","player_choice":"Fought Mushrooms","floor":12.0,"gold_loss":0.0,"damage_taken":0.0},{"damage_healed":0.0,"max_hp_gain":0.0,"max_hp_loss":0.0,"gold_gain":0.0,"event_name":"Liars Game","player_choice":"Ignored","floor":13.0,"gold_loss":0.0,"damage_taken":0.0},{"damage_healed":0.0,"max_hp_gain":0.0,"max_hp_loss":0.0,"gold_gain":50.0,"event_name":"Nest","player_choice":"Stole From Cult","floor":22.0,"gold_loss":0.0,"damage_taken":0.0},{"damage_healed":0.0,"max_hp_gain":0.0,"max_hp_loss":0.0,"gold_gain":0.0,"event_name":"Cursed Tome","player_choice":"Obtained Book","floor":30.0,"gold_loss":0.0,"damage_taken":21.0},{"damage_healed":0.0,"max_hp_gain":0.0,"max_hp_loss":0.0,"gold_gain":0.0,"event_name":"N\u0027loth","player_choice":"Ignored","floor":31.0,"gold_loss":0.0,"damage_taken":0.0},{"damage_healed":0.0,"max_hp_gain":0.0,"max_hp_loss":0.0,"gold_gain":0.0,"event_name":"Match and Keep!","player_choice":"1 cards matched","floor":37.0,"gold_loss":0.0,"damage_taken":0.0,"cards_obtained":["Corruption"]},{"damage_healed":0.0,"max_hp_gain":0.0,"max_hp_loss":0.0,"gold_gain":0.0,"event_name":"Accursed Blacksmith","player_choice":"Forge","floor":47.0,"gold_loss":0.0,"damage_taken":0.0,"cards_upgraded":["Demon Form"]}],"is_beta":false,"boss_relics":[{"not_picked":["Astrolabe","Philosopher\u0027s Stone"],"picked":"Runic Pyramid"},{"not_picked":["Pandora\u0027s Box","Calling Bell"],"picked":"Cursed Key"}],"items_purged_floors":[44,54],"is_endless":false,"potions_floor_spawned":[2,6,14,16,24,29,33,38,41,42],"killed_by":"The Heart","ascension_level":20}