{"path_per_floor":["M","M","M","M","?","R","E","M","T","M","E","M","?","E","R","B",null,"M","M","$","M","$"],"character_chosen":"THE_SILENT","items_purchased":["War Paint","Explosive Potion","Regal Pillow"],"gold_per_floor":[112,127,137,154,154,154,184,195,249,262,289,305,285,311,311,412,412,424,435,161,175,22,22],"floor_reached":23,"campfire_rested":0,"playtime":1427,"current_hp_per_floor":[70,69,69,67,60,60,58,60,60,53,40,42,42,48,48,41,70,66,50,50,43,43,0],"items_purged":["Defend_G"],"gold":22,"score":264,"play_id":"7912cd6f-cf14-467c-a25d-0f6e45114476","local_time":"20180425125201","is_prod":false,"is_daily":false,"chose_seed":false,"is_ascension_mode":true,"campfire_upgraded":2,"timestamp":1524653521,"path_taken":["M","M","?","M","?","R","E","?","T","M","E","M","?","E","R","BOSS","M","M","$","M","$","E"],"build_version":"2018-04-19","seed_source_timestamp":242409913360053,"purchased_purges":1,"victory":false,"master_deck":["Defend_G","Defend_G","Defend_G","Defend_G","Strike_G+1","Strike_G","Strike_G","Strike_G+1","Survivor","Neutralize","Dagger Spray","Terror+1","Sucker Punch","Well Laid Plans","Backstab","Dodge and Roll","Calculated Gamble+1","Deflect","Footwork+1","Dagger Throw","Reflex","Phantasmal Killer+1","Dagger Throw+1","Underhanded Strike+1","Setup+1"],"max_hp_per_floor":[70,70,70,70,70,70,70,70,70,70,70,70,70,70,70,70,70,70,70,70,70,70,70],"relics":["Ring of the Snake","Bird Faced Urn","Whetstone","Toolbox","Juzu Bracelet","Eternal Feather","War Paint","Regal Pillow"],"card_choices":[{"not_picked":["Well Laid Plans","Calculated Gamble"],"picked":"Dagger Spray","floor":0},{"not_picked":["Malaise","Slice"],"picked":"Terror","floor":1},{"not_picked":["Skewer","Setup"],"picked":"Sucker Punch","floor":2},{"not_picked":["Outmaneuver","Dagger Throw"],"picked":"Well Laid Plans","floor":3},{"not_picked":["PiercingWail","Dagger Spray"],"picked":"Backstab","floor":4},{"not_picked":["Finisher","Predator"],"picked":"Dodge and Roll","floor":7},{"not_picked":["Prepared","Slice"],"picked":"Calculated Gamble","floor":8},{"not_picked":["Infinite Blades","Sucker Punch"],"picked":"Deflect","floor":10},{"not_picked":["Endless Agony","Masterful Stab"],"picked":"Footwork","floor":11},{"not_picked":["Outmaneuver","Bane"],"picked":"Dagger Throw","floor":12},{"not_picked":["Quick Slash","Riddle With Holes"],"picked":"Reflex","floor":14},{"not_picked":["Storm of Steel","Grand Finale"],"picked":"Phantasmal Killer","floor":16},{"not_picked":["Quick Slash","Cloak And Dagger"],"picked":"Dagger Throw","floor":18},{"not_picked":["Reflex","Dagger Spray"],"picked":"Underhanded Strike","floor":19},{"not_picked":["Masterful Stab","Underhanded Strike"],"picked":"Setup","floor":21}],"player_experience":388306,"potions_floor_usage":[4,7,11,14,14,16,21,21,23],"damage_taken":[{"damage":0,"enemies":"Cultist","floor":1,"turns":3},{"damage":1,"enemies":"Small Slimes","floor":2,"turns":3},{"damage":0,"enemies":"2 Louse","floor":3,"turns":3},{"damage":2,"enemies":"Exordium Thugs","floor":4,"turns":5},{"damage":17,"enemies":"3 Sentries","floor":7,"turns":9},{"damage":0,"enemies":"Red Slaver","floor":8,"turns":5},{"damage":7,"enemies":"Gremlin Gang","floor":10,"turns":5},{"damage":15,"enemies":"Gremlin Nob","floor":11,"turns":5},{"damage":0,"enemies":"Blue Slaver","floor":12,"turns":4},{"damage":0,"enemies":"Lagavulin","floor":14,"turns":5},{"damage":11,"enemies":"The Guardian","floor":16,"turns":15},{"damage":7,"enemies":"Shell Parasite","floor":18,"turns":7},{"damage":20,"enemies":"Spheric Guardian","floor":19,"turns":9},{"damage":11,"enemies":"Cultist and Chosen","floor":21,"turns":5},{"damage":49,"enemies":"Book of Stabbing","floor":23,"turns":7}],"event_choices":[{"event_name":"Golden Wing","player_choice":"Card Removal","floor":5,"damage_taken":0},{"event_name":"The Woman in Blue","player_choice":"Bought 1 Potion","floor":13,"damage_taken":0}],"boss_relics":[{"not_picked":["Astrolabe","Tiny House"],"picked":"Eternal Feather"}],"potions_floor_spawned":[1,2,8,10,11,16,18],"seed_played":"-2842242201057609391","killed_by":"Book of Stabbing","ascension_level":2,"is_trial":false}