{"gold_per_floor":[115,125,140,160,310,310,342,342,367,382,397,397,154,171,171,247,247,265,279,279,279],"floor_reached":21,"playtime":773,"items_purged":["Doubt"],"score":366,"play_id":"468d8401-fd8c-41d2-a329-5cb03fbc0ec7","local_time":"20181030134534","is_ascension_mode":true,"campfire_choices":[{"data":"Sucker Punch","floor":6.0,"key":"SMITH"},{"floor":8.0,"key":"REST"},{"floor":15.0,"key":"REST"}],"neow_cost":"NONE","seed_source_timestamp":725471924386915,"circlet_count":0,"master_deck":["Defend_G","Defend_G","Defend_G","Defend_G","Defend_G","Strike_G","Strike_G","Strike_G","Strike_G","Strike_G","Survivor","Neutralize","AscendersBane","Blur","Sucker Punch+1","Cloak And Dagger","Backflip","Caltrops","Skewer","Cloak And Dagger","Poisoned Stab","Cloak And Dagger","Accuracy","Crippling Poison","Wraith Form v2","Backflip"],"special_seed":0,"relics":["Ring of the Serpent","Snake Skull","Bronze Scales"],"potions_floor_usage":[16,19,21],"damage_taken":[{"damage":2.0,"enemies":"2 Louse","floor":1.0,"turns":4.0},{"damage":0.0,"enemies":"Cultist","floor":2.0,"turns":5.0},{"damage":12.0,"enemies":"Small Slimes","floor":3.0,"turns":5.0},{"damage":11.0,"enemies":"3 Louse","floor":4.0,"turns":4.0},{"damage":25.0,"enemies":"Gremlin Nob","floor":7.0,"turns":4.0},{"damage":15.0,"enemies":"Exordium Wildlife","floor":10.0,"turns":6.0},{"damage":0.0,"enemies":"Looter","floor":11.0,"turns":4.0},{"damage":0.0,"enemies":"Blue Slaver","floor":14.0,"turns":4.0},{"damage":22,"enemies":"The Guardian","floor":16,"turns":14},{"damage":9,"enemies":"Chosen","floor":18,"turns":6},{"damage":23,"enemies":"2 Thieves","floor":19,"turns":4},{"damage":20,"enemies":"Snake Plant","floor":21,"turns":4}],"seed_played":"595709012330690342","potions_obtained":[{"floor":0.0,"key":"PowerPotion"},{"floor":0.0,"key":"FearPotion"},{"floor":7.0,"key":"Swift Potion"},{"floor":11.0,"key":"Dexterity Potion"},{"floor":16,"key":"Block Potion"}],"is_trial":false,"path_per_floor":["M","M","M","M","?","R","E","R","T","M","M","?","$","M","R","B",null,"M","M","$"],"character_chosen":"THE_SILENT","items_purchased":["Poisoned Stab","Cloak And Dagger","Accuracy"],"campfire_rested":2,"item_purchase_floors":[13,13,13],"current_hp_per_floor":[57,57,45,34,34,34,9,28,28,13,13,13,13,13,32,10,52,43,20,20,0],"gold":279,"neow_bonus":"THREE_SMALL_POTIONS","is_prod":false,"is_daily":false,"chose_seed":false,"campfire_upgraded":1,"win_rate":0,"timestamp":1540921534,"path_taken":["M","M","M","M","?","R","E","R","T","M","?","?","$","M","R","BOSS","M","M","$","M"],"build_version":"2018-10-25v2","purchased_purges":1,"victory":false,"max_hp_per_floor":[66,66,66,66,66,66,66,66,66,66,66,66,66,66,66,66,66,66,66,66,66],"card_choices":[{"not_picked":["Flechettes","Accuracy"],"picked":"Blur","floor":1.0},{"not_picked":["Calculated Gamble","Bane"],"picked":"Sucker Punch","floor":2.0},{"not_picked":["Dodge and Roll","Poisoned Stab"],"picked":"Cloak And Dagger","floor":3.0},{"not_picked":["Distraction","Acrobatics"],"picked":"Backflip","floor":4.0},{"not_picked":["Prepared","Unload"],"picked":"Caltrops","floor":7.0},{"not_picked":["PiercingWail","Backflip"],"picked":"Skewer","floor":10.0},{"not_picked":["Flying Knee","Accuracy"],"picked":"Cloak And Dagger","floor":11.0},{"not_picked":["Prepared","Bane"],"picked":"Crippling Poison","floor":14.0},{"not_picked":["Doppelganger","Grand Finale"],"picked":"Wraith Form v2","floor":16},{"not_picked":["Acrobatics","Choke+1","Blade Dance"],"picked":"SKIP","floor":18},{"not_picked":["Dodge and Roll","Sucker Punch"],"picked":"Backflip","floor":19}],"player_experience":1108112,"relics_obtained":[{"floor":7.0,"key":"Snake Skull"},{"floor":9.0,"key":"Bronze Scales"}],"event_choices":[{"damage_healed":0.0,"max_hp_gain":0.0,"max_hp_loss":0.0,"gold_gain":150.0,"event_name":"Liars Game","player_choice":"AGREE","floor":5.0,"gold_loss":0.0,"damage_taken":0.0,"cards_obtained":["Doubt"]},{"damage_healed":0.0,"max_hp_gain":0.0,"max_hp_loss":0.0,"gold_gain":0.0,"event_name":"Scrap Ooze","player_choice":"Fled","floor":12.0,"gold_loss":0.0,"damage_taken":0.0}],"is_beta":false,"boss_relics":[{"not_picked":["Lizard Tail","Pandora\u0027s Box"],"picked":"Ring of the Serpent"}],"items_purged_floors":[13],"is_endless":false,"potions_floor_spawned":[3,7,11,14,16],"killed_by":"Snake Plant","ascension_level":20}