{"gold_per_floor":[17,36,52,52,66,92,92,108,108,122,122,17,28,44,44,118,118,97,97,22,22],"floor_reached":21,"playtime":761,"items_purged":[],"score":348,"play_id":"7ee3c5b4-ff1f-4ce0-a291-4c699d359088","local_time":"20190217140259","is_ascension_mode":true,"campfire_choices":[{"floor":7,"key":"REST"},{"data":"Uppercut","floor":11,"key":"SMITH"},{"floor":15,"key":"REST"}],"neow_cost":"NO_GOLD","seed_source_timestamp":15097835174435650,"circlet_count":0,"master_deck":["AscendersBane","Strike_R","Strike_R","Strike_R","Strike_R","Defend_R","Defend_R+1","Defend_R+1","Defend_R","Bash","Demon Form","Uppercut+1","Reckless Charge","Reckless Charge","Thunderclap","Warcry","Deep Breath","Clumsy","Battle Trance+1"],"relics":["Burning Blood","War Paint","Shuriken","Calling Bell","Red Skull","Sundial","Nunchaku"],"potions_floor_usage":[5,6],"damage_taken":[{"damage":12,"enemies":"Cultist","floor":1,"turns":4},{"damage":17,"enemies":"Small Slimes","floor":2,"turns":4},{"damage":0,"enemies":"Jaw Worm","floor":3,"turns":3},{"damage":17,"enemies":"Lots of Slimes","floor":5,"turns":6},{"damage":15,"enemies":"Lagavulin","floor":6,"turns":5},{"damage":3,"enemies":"Looter","floor":8,"turns":3},{"damage":12,"enemies":"3 Louse","floor":10,"turns":4},{"damage":24,"enemies":"Large Slime","floor":13,"turns":6},{"damage":4,"enemies":"2 Fungi Beasts","floor":14,"turns":4},{"damage":57,"enemies":"The Guardian","floor":16,"turns":10},{"damage":44,"enemies":"2 Thieves","floor":18,"turns":4},{"damage":30,"enemies":"Spheric Guardian","floor":21,"turns":3}],"seed_played":"2548592515229881188","potions_obtained":[{"floor":1,"key":"Dexterity Potion"},{"floor":3,"key":"PowerPotion"},{"floor":6,"key":"Ancient Potion"},{"floor":8,"key":"SteroidPotion"}],"is_trial":false,"path_per_floor":["M","M","M","?","M","E","R","M","T","M","R","$","M","M","R","B",null,"M","?","?","M"],"character_chosen":"IRONCLAD","items_purchased":["Deep Breath"],"campfire_rested":2,"item_purchase_floors":[12],"current_hp_per_floor":[62,51,57,57,46,37,59,62,62,56,56,56,38,40,62,11,59,21,21,21,0],"gold":22,"neow_bonus":"THREE_RARE_CARDS","is_prod":false,"is_daily":false,"chose_seed":false,"campfire_upgraded":1,"win_rate":0,"timestamp":1550408579,"path_taken":["M","?","?","?","?","E","R","M","T","M","R","$","M","M","R","BOSS","M","?","?","?"],"build_version":"2019-01-23","purchased_purges":0,"victory":false,"max_hp_per_floor":[75,75,75,75,75,75,75,75,75,75,75,75,75,75,75,75,75,75,75,75,75],"card_choices":[{"not_picked":["Barricade","Juggernaut"],"picked":"Demon Form","floor":0},{"not_picked":["Blood for Blood","Headbutt"],"picked":"Uppercut","floor":1},{"not_picked":["Pommel Strike","Clothesline"],"picked":"Reckless Charge","floor":2},{"not_picked":["Perfected Strike","Seeing Red"],"picked":"Reckless Charge","floor":3},{"not_picked":["Shockwave","Perfected Strike","Combust"],"picked":"SKIP","floor":5},{"not_picked":["Clash","Fiend Fire"],"picked":"Thunderclap","floor":6},{"not_picked":["Infernal Blade","Clash"],"picked":"Warcry","floor":8},{"not_picked":["Havoc","Bloodletting","Infernal Blade"],"picked":"SKIP","floor":10},{"not_picked":["Havoc","Anger","Armaments"],"picked":"SKIP","floor":13},{"not_picked":["Cleave","Reckless Charge","Wild Strike"],"picked":"SKIP","floor":14},{"not_picked":["Clash+1","Shrug It Off"],"picked":"Battle Trance+1","floor":18}],"player_experience":403078,"relics_obtained":[{"floor":6,"key":"War Paint"},{"floor":9,"key":"Shuriken"},{"floor":17,"key":"Red Skull"},{"floor":17,"key":"Sundial"},{"floor":17,"key":"Nunchaku"}],"event_choices":[{"cards_removed":["Strike_R"],"damage_healed":0,"gold_gain":0,"player_choice":"Offered Basic","damage_taken":0,"max_hp_gain":0,"max_hp_loss":0,"event_name":"Bonfire Elementals","floor":4,"gold_loss":0},{"cards_removed":["Doubt"],"damage_healed":0,"gold_gain":0,"player_choice":"Elegance","damage_taken":0,"max_hp_gain":0,"max_hp_loss":0,"event_name":"Back to Basics","floor":19,"gold_loss":0},{"cards_removed":["Injury"],"damage_healed":0,"gold_gain":0,"player_choice":"Gave Gold","damage_taken":0,"max_hp_gain":0,"max_hp_loss":0,"event_name":"Beggar","floor":20,"gold_loss":75}],"is_beta":false,"boss_relics":[{"not_picked":["Orrery","Astrolabe"],"picked":"Calling Bell"}],"items_purged_floors":[],"is_endless":false,"potions_floor_spawned":[1,3,6,8],"killed_by":"Spheric Guardian","ascension_level":18}