{"path_per_floor":["M","M","$","M","M","E","R","E","T","M","M","?","?","E","R","B",null,"M","?","$","M","M","E","M","M","T","R","$","E","?","E","R","B",null,"M","M","?","M","M","E","R","E","T","M","M","R","$","?","R"],"character_chosen":"DEFECT","items_purchased":["Ice Cream","Storm","Oddly Smooth Stone","Capacitor","War Paint","Multi-Cast"],"gold_per_floor":[366,384,7,17,35,68,68,96,122,136,156,184,184,210,210,312,312,331,256,39,38,55,111,130,145,172,172,16,41,41,69,69,169,169,179,190,190,200,211,240,240,269,269,283,294,294,143,143,143,143],"floor_reached":50,"campfire_rested":5,"playtime":5561,"item_purchase_floors":[3,3,20,20,28,47],"current_hp_per_floor":[67,62,62,62,57,31,51,48,48,48,54,52,49,45,66,47,73,68,68,68,73,73,73,73,71,71,71,71,68,68,58,58,47,73,73,73,73,73,67,52,73,25,25,25,22,43,43,43,64,0],"items_purged":[],"gold":143,"score":751,"play_id":"1d415189-a624-4813-a19c-c89bdcff7e96","local_time":"20180618210406","is_prod":false,"is_daily":false,"chose_seed":false,"is_ascension_mode":true,"campfire_upgraded":2,"win_rate":0,"timestamp":1529348646,"campfire_choices":[{"floor":7,"key":"REST"},{"floor":15,"key":"REST"},{"data":"Storm","floor":27,"key":"SMITH"},{"data":"Auto Shields","floor":32,"key":"SMITH"},{"floor":41,"key":"REST"},{"floor":46,"key":"REST"},{"floor":49,"key":"REST"}],"path_taken":["M","M","$","M","M","E","R","E","T","?","M","?","?","E","R","BOSS","M","?","$","M","?","E","M","M","T","R","?","E","?","E","R","BOSS","M","M","?","?","M","E","R","E","T","M","M","R","$","?","R","BOSS"],"build_version":"2018-06-14v2","seed_source_timestamp":438802541738906,"purchased_purges":0,"victory":false,"master_deck":["Strike_B+1","Strike_B+1","Strike_B+1","Defend_B+1","Defend_B+1","Defend_B+1","Defend_B+1","Zap","Dualcast+1","Leap","Chill","Storm+1","Auto Shields+1","Ball Lightning","Self Repair","Electrodynamics","Conserve Battery","FTL","Glacier+1","Conserve Battery","Coolheaded","Electrodynamics","Capacitor","Hologram","Streamline","Stack","Force Field","Machine Learning","Rebound+1","Steam+1","FTL+1","Chaos+1","Cold Snap+1","Redo+1","Leap","Compile Driver+1","Blizzard+1","Steam+1","Stack","Ball Lightning+1","Multi-Cast","FTL+1","Redo+1"],"max_hp_per_floor":[68,68,68,68,68,68,68,68,68,68,68,68,68,73,73,73,73,73,73,73,73,73,73,73,73,73,73,73,73,73,73,73,73,73,73,73,73,73,73,73,73,73,73,73,73,73,73,73,73,73],"relics":["Cracked Core","Ice Cream","Dream Catcher","Lantern","Anchor","Odd Mushroom","DataDisk","Sundial","Busted Crown","Oddly Smooth Stone","Tiny Chest","Art of War","War Paint","Molten Egg 2","Centennial Puzzle","Orrery","Mummified Hand","Pen Nib","Happy Flower"],"card_choices":[{"not_picked":["Streamline","Beam Cell"],"picked":"Leap","floor":1},{"not_picked":["Cold Snap","Beam Cell"],"picked":"Chill","floor":2},{"not_picked":["Cold Snap","Go for the Eyes"],"picked":"Auto Shields","floor":4},{"not_picked":["Auto Shields","Skim","Stack"],"picked":"SKIP","floor":5},{"not_picked":["Stack","Skim"],"picked":"Ball Lightning","floor":6},{"not_picked":["Tempest","Turbo"],"picked":"Self Repair","floor":7},{"not_picked":["Blizzard","Loop"],"picked":"Electrodynamics","floor":8},{"not_picked":["Coolheaded","Compile Driver"],"picked":"Conserve Battery","floor":10},{"not_picked":["Beam Cell","Go for the Eyes"],"picked":"FTL","floor":11},{"not_picked":["Go for the Eyes","Beam Cell"],"picked":"Glacier","floor":12},{"not_picked":["Gash","Rebound"],"picked":"Conserve Battery","floor":14},{"not_picked":["Streamline","Doom and Gloom"],"picked":"Coolheaded","floor":15},{"not_picked":["Creative AI","Machine Learning"],"picked":"Electrodynamics","floor":16},{"not_picked":[],"picked":"Rebound","floor":18},{"not_picked":["Hello World"],"picked":"SKIP","floor":21},{"not_picked":[],"picked":"Hologram","floor":22},{"not_picked":["Rebound"],"picked":"SKIP","floor":23},{"not_picked":[],"picked":"Streamline","floor":24},{"not_picked":[],"picked":"Stack","floor":25},{"not_picked":["Coolheaded"],"picked":"SKIP","floor":29},{"not_picked":[],"picked":"Force Field","floor":31},{"not_picked":[],"picked":"Machine Learning","floor":33},{"not_picked":[],"picked":"Rebound+1","floor":34},{"not_picked":[],"picked":"Steam+1","floor":34},{"not_picked":[],"picked":"FTL+1","floor":34},{"not_picked":[],"picked":"Chaos","floor":35},{"not_picked":[],"picked":"Cold Snap+1","floor":36},{"not_picked":[],"picked":"Redo+1","floor":38},{"not_picked":["Gash+1"],"picked":"SKIP","floor":39},{"not_picked":[],"picked":"Leap","floor":40},{"not_picked":[],"picked":"Compile Driver+1","floor":41},{"not_picked":[],"picked":"Blizzard+1","floor":42},{"not_picked":[],"picked":"Steam+1","floor":44},{"not_picked":[],"picked":"Stack","floor":45},{"not_picked":[],"picked":"Ball Lightning+1","floor":46},{"not_picked":[],"picked":"Redo+1","floor":49}],"player_experience":734198,"potions_floor_usage":[5,8,12,14,23,25,25,29,36,45,45,50],"damage_taken":[{"damage":1,"enemies":"Cultist","floor":1,"turns":3},{"damage":5,"enemies":"2 Louse","floor":2,"turns":3},{"damage":0,"enemies":"Small Slimes","floor":4,"turns":3},{"damage":5,"enemies":"Exordium Wildlife","floor":5,"turns":5},{"damage":26,"enemies":"3 Sentries","floor":6,"turns":10},{"damage":10,"enemies":"Lagavulin","floor":8,"turns":6},{"damage":0,"enemies":"2 Fungi Beasts","floor":10,"turns":2},{"damage":1,"enemies":"Large Slime","floor":11,"turns":3},{"damage":2,"floor":12,"turns":3},{"damage":16,"enemies":"Gremlin Nob","floor":14,"turns":4},{"damage":26,"enemies":"Slime Boss","floor":16,"turns":7},{"damage":5,"enemies":"3 Byrds","floor":18,"turns":3},{"damage":0,"enemies":"2 Thieves","floor":21,"turns":4},{"damage":0,"enemies":"3 Cultists","floor":22,"turns":4},{"damage":7,"enemies":"Book of Stabbing","floor":23,"turns":6},{"damage":0,"enemies":"Snecko","floor":24,"turns":4},{"damage":9,"enemies":"Slaver and Parasite","floor":25,"turns":6},{"damage":10,"enemies":"Slavers","floor":29,"turns":2},{"damage":17,"enemies":"Book of Stabbing","floor":31,"turns":5},{"damage":18,"enemies":"Collector","floor":33,"turns":9},{"damage":0,"enemies":"3 Shapes","floor":35,"turns":5},{"damage":1,"enemies":"Orb Walker","floor":36,"turns":3},{"damage":0,"enemies":"4 Shapes","floor":38,"turns":5},{"damage":13,"enemies":"Maw","floor":39,"turns":7},{"damage":22,"enemies":"2 Orb Walkers","floor":40,"turns":4},{"damage":55,"enemies":"Giant Head","floor":42,"turns":10},{"damage":0,"enemies":"Sphere and 2 Shapes","floor":44,"turns":3},{"damage":3,"enemies":"4 Shapes","floor":45,"turns":4},{"damage":64,"enemies":"Awakened One","floor":50,"turns":6}],"relics_obtained":[{"floor":6,"key":"Dream Catcher"},{"floor":8,"key":"Lantern"},{"floor":9,"key":"Anchor"},{"floor":12,"key":"Odd Mushroom"},{"floor":14,"key":"Sundial"},{"floor":23,"key":"Tiny Chest"},{"floor":26,"key":"Art of War"},{"floor":29,"key":"Molten Egg 2"},{"floor":31,"key":"Centennial Puzzle"},{"floor":40,"key":"Mummified Hand"},{"floor":42,"key":"Pen Nib"},{"floor":43,"key":"Happy Flower"}],"event_choices":[{"event_name":"Mushrooms","player_choice":"Fought Mushrooms","floor":12,"damage_taken":0},{"event_name":"Scrap Ooze","player_choice":"success","floor":13,"damage_taken":3},{"event_name":"Beggar","player_choice":"Gave Gold","floor":19,"damage_taken":0},{"event_name":"Back to Basics","player_choice":"Simplicity","floor":30,"damage_taken":0},{"event_name":"Upgrade Shrine","player_choice":"Upgraded","floor":37,"damage_taken":0},{"event_name":"Transmorgrifier","player_choice":"Transform","floor":48,"damage_taken":0}],"boss_relics":[{"not_picked":["Coffee Dripper","Philosopher\u0027s Stone"],"picked":"Busted Crown"},{"not_picked":["Snecko Eye","Astrolabe"],"picked":"Orrery"}],"items_purged_floors":[],"is_endless":false,"potions_floor_spawned":[4,6,10,12,16,18,21,22,23,33,35,39,40,44],"seed_played":"1496886140194217302","killed_by":"Awakened One","ascension_level":4,"potions_obtained":[{"floor":4,"key":"PowerPotion"},{"floor":6,"key":"PowerPotion"},{"floor":10,"key":"Fire Potion"},{"floor":12,"key":"Fruit Juice"},{"floor":16,"key":"Weak Potion"},{"floor":18,"key":"Energy Potion"},{"floor":21,"key":"FearPotion"},{"floor":23,"key":"Fire Potion"},{"floor":33,"key":"Weak Potion"},{"floor":35,"key":"Ancient Potion"},{"floor":39,"key":"Explosive Potion"},{"floor":40,"key":"Strength Potion"}],"is_trial":false}