{"gold_per_floor":[112,112,127,184,145,145,172,172,195,210,222,141,161,173,173,244,244,244,244,184,184,184,184,35,35,35,35],"floor_reached":27,"playtime":5041,"items_purged":[],"score":396,"play_id":"bb569702-58b8-4d9b-838a-715a1dd5cafd","local_time":"20190206200715","is_ascension_mode":true,"campfire_choices":[{"data":"Carnage","floor":6.0,"key":"SMITH"},{"data":"Flame Barrier","floor":8.0,"key":"SMITH"},{"data":"Armaments","floor":15.0,"key":"SMITH"},{"data":"Uppercut","floor":23,"key":"SMITH"}],"neow_cost":"NONE","seed_source_timestamp":971250483640962,"circlet_count":0,"master_deck":["AscendersBane","Strike_R","Strike_R","Strike_R","Strike_R","Strike_R","Defend_R","Defend_R","Defend_R","Defend_R","Bash+1","Shrug It Off","Shrug It Off","Carnage+1","Flame Barrier+1","Iron Wave","Uppercut+1","Reaper","Armaments+1","Warcry","Reaper","Havoc","Metallicize","Clothesline","Shrug It Off"],"special_seed":0,"relics":["Burning Blood","NeowsBlessing","Happy Flower","Vajra","Ectoplasm","Oddly Smooth Stone","Darkstone Periapt"],"potions_floor_usage":[16,18,20],"damage_taken":[{"damage":0.0,"enemies":"Small Slimes","floor":1.0,"turns":2.0},{"damage":0.0,"enemies":"Jaw Worm","floor":3.0,"turns":1.0},{"damage":0.0,"enemies":"Lagavulin","floor":7.0,"turns":1.0},{"damage":0.0,"enemies":"Cultist","floor":10.0,"turns":3.0},{"damage":8.0,"enemies":"Lots of Slimes","floor":11.0,"turns":4.0},{"damage":0.0,"enemies":"Red Slaver","floor":13.0,"turns":5.0},{"damage":1.0,"enemies":"2 Fungi Beasts","floor":14.0,"turns":3.0},{"damage":48,"enemies":"Slime Boss","floor":16,"turns":10},{"damage":0,"enemies":"Spheric Guardian","floor":18,"turns":3},{"damage":0,"enemies":"2 Thieves","floor":20,"turns":4},{"damage":29,"enemies":"Snake Plant","floor":21,"turns":4},{"damage":16,"enemies":"Centurion and Healer","floor":22,"turns":6},{"damage":0,"enemies":"Chosen and Byrds","floor":27,"turns":4}],"seed_played":"-8073475625890290541","potions_obtained":[{"floor":3.0,"key":"Block Potion"},{"floor":10.0,"key":"Poison Potion"},{"floor":11.0,"key":"Fire Potion"},{"floor":16,"key":"Block Potion"},{"floor":18,"key":"GamblersBrew"},{"floor":21,"key":"GamblersBrew"}],"is_trial":false,"path_per_floor":["M","?","M","?","$","R","E","R","T","M","M","$","M","M","R","B",null,"M","?","M","M","M","R","$","?","T","M"],"character_chosen":"IRONCLAD","items_purchased":["Carnage","Reaper","Oddly Smooth Stone"],"campfire_rested":0,"item_purchase_floors":[5,12,24],"current_hp_per_floor":[78,78,80,80,80,80,80,80,80,80,78,78,80,80,80,38,70,76,76,80,59,54,54,54,46,46,53],"gold":35,"neow_bonus":"THREE_ENEMY_KILL","is_prod":false,"is_daily":false,"chose_seed":false,"campfire_upgraded":4,"win_rate":0,"timestamp":1549480035,"path_taken":["M","?","M","?","$","R","E","R","T","M","M","$","M","M","R","BOSS","M","?","M","M","M","R","$","?","T","?"],"build_version":"2019-01-23","purchased_purges":0,"victory":false,"max_hp_per_floor":[80,80,80,80,80,80,80,80,80,80,80,80,80,80,80,80,80,80,80,80,80,80,80,80,80,80,80],"card_choices":[{"not_picked":["Flex","Feel No Pain"],"picked":"Shrug It Off","floor":1.0},{"not_picked":["Warcry","Flex"],"picked":"Shrug It Off","floor":3.0},{"not_picked":["Corruption","Anger"],"picked":"Flame Barrier","floor":7.0},{"not_picked":["Feel No Pain","Havoc"],"picked":"Iron Wave","floor":10.0},{"not_picked":["Clothesline","Carnage"],"picked":"Uppercut","floor":11.0},{"not_picked":["Second Wind","Warcry"],"picked":"Armaments","floor":13.0},{"not_picked":["True Grit","Sentinel"],"picked":"Warcry","floor":14.0},{"not_picked":["Dark Embrace","Feed"],"picked":"Reaper","floor":16},{"not_picked":["Hemokinesis","Flex"],"picked":"Havoc","floor":18},{"not_picked":["True Grit","Body Slam"],"picked":"Metallicize","floor":20},{"not_picked":["Blood for Blood+1","Body Slam"],"picked":"Clothesline","floor":21},{"not_picked":["Perfected Strike","Searing Blow"],"picked":"Shrug It Off","floor":22}],"player_experience":2222596,"relics_obtained":[{"floor":7.0,"key":"Happy Flower"},{"floor":9.0,"key":"Vajra"},{"floor":26,"key":"Darkstone Periapt"}],"event_choices":[{"damage_healed":0.0,"max_hp_gain":0.0,"max_hp_loss":0.0,"gold_gain":0.0,"event_name":"Living Wall","player_choice":"Grow","floor":2.0,"gold_loss":0.0,"damage_taken":0.0,"cards_upgraded":["Bash"]},{"damage_healed":0.0,"max_hp_gain":0.0,"max_hp_loss":0.0,"gold_gain":57.0,"event_name":"Golden Wing","player_choice":"Gained Gold","floor":4.0,"gold_loss":0.0,"damage_taken":0.0},{"damage_healed":0,"gold_gain":0,"player_choice":"Ignored","damage_taken":0,"max_hp_gain":0,"max_hp_loss":0,"event_name":"Ghosts","floor":19,"gold_loss":0},{"damage_healed":0,"gold_gain":0,"player_choice":"","damage_taken":8,"max_hp_gain":0,"max_hp_loss":0,"event_name":"Knowing Skull","floor":25,"potions_obtained":[],"gold_loss":0,"cards_obtained":[]}],"is_beta":false,"boss_relics":[{"not_picked":["Empty Cage","Philosopher\u0027s Stone"],"picked":"Ectoplasm"}],"items_purged_floors":[],"is_endless":false,"potions_floor_spawned":[3,10,11,13,16,18,21],"killed_by":"Chosen and Byrds","ascension_level":13}