{"gold_per_floor":[109,124,143,159,159,189,189,216,216,216,233,263,283,318,318,395,395,415,439,67,87,104,104,133,133,133,164,164,197,230,241,241,317,317,327,344,344,566,586,586,612,628,682,682],"floor_reached":44,"playtime":1865,"items_purged":[],"score":1156,"play_id":"46921a2a-583c-49e7-8e7e-d44b8a55a0e8","local_time":"20190215201425","is_ascension_mode":true,"campfire_choices":[{"data":"Bash","floor":7.0,"key":"SMITH"},{"floor":10.0,"key":"REST"},{"data":"Corruption","floor":15.0,"key":"SMITH"},{"data":"Shockwave","floor":23.0,"key":"SMITH"},{"data":"Immolate","floor":25.0,"key":"SMITH"},{"data":"Clothesline","floor":28.0,"key":"SMITH"},{"data":"Flame Barrier","floor":32.0,"key":"SMITH"},{"data":"True Grit","floor":40.0,"key":"SMITH"}],"neow_cost":"NONE","seed_source_timestamp":3675540717186,"circlet_count":0,"master_deck":["AscendersBane","Strike_R","Defend_R","Defend_R","Defend_R","Defend_R","Bash+1","Shrug It Off","Cleave","Battle Trance","Thunderclap","Rage","Anger","Headbutt","Flame Barrier+1","Corruption+1","Immolate+1","Clothesline+1","Shockwave+1","Pommel Strike","Iron Wave","Intimidate+1","Carnage+1","Pommel Strike+1","Fiend Fire+1","Limit Break+1","Fire Breathing+1","Intimidate+1","Evolve+1","Warcry+1","True Grit+1","Barricade+1","Sentinel+1"],"special_seed":0,"relics":["Burning Blood","Blue Candle","PreservedInsect","Mercury Hourglass","WingedGreaves","Smiling Mask","Coffee Dripper","Bag of Marbles","Frozen Egg 2","Juzu Bracelet","Bottled Flame","Blood Vial","Peace Pipe","Red Mask","Astrolabe","Paper Frog"],"potions_floor_usage":[44],"damage_taken":[{"damage":5.0,"enemies":"Small Slimes","floor":1.0,"turns":4.0},{"damage":2.0,"enemies":"Cultist","floor":2.0,"turns":4.0},{"damage":6.0,"enemies":"2 Louse","floor":3.0,"turns":2.0},{"damage":1.0,"enemies":"2 Fungi Beasts","floor":4.0,"turns":4.0},{"damage":31.0,"enemies":"Gremlin Nob","floor":6.0,"turns":4.0},{"damage":51.0,"enemies":"Lagavulin","floor":8.0,"turns":8.0},{"damage":17.0,"enemies":"Gremlin Gang","floor":11.0,"turns":3.0},{"damage":2.0,"enemies":"3 Sentries","floor":12.0,"turns":4.0},{"damage":1.0,"enemies":"Exordium Wildlife","floor":13.0,"turns":2.0},{"damage":6.0,"enemies":"Lagavulin","floor":14.0,"turns":7.0},{"damage":37.0,"enemies":"Slime Boss","floor":16.0,"turns":9.0},{"damage":23.0,"enemies":"Spheric Guardian","floor":18.0,"turns":5.0},{"damage":1.0,"enemies":"3 Byrds","floor":21.0,"turns":3.0},{"damage":3.0,"enemies":"Snecko","floor":22.0,"turns":3.0},{"damage":1.0,"enemies":"Book of Stabbing","floor":24.0,"turns":3.0},{"damage":0.0,"enemies":"Slavers","floor":27.0,"turns":1.0},{"damage":0.0,"enemies":"Gremlin Leader","floor":29.0,"turns":4.0},{"damage":0.0,"enemies":"Masked Bandits","floor":30.0,"turns":1.0},{"damage":0.0,"enemies":"Cultist and Chosen","floor":31.0,"turns":3.0},{"damage":64.0,"enemies":"Automaton","floor":33.0,"turns":10.0},{"damage":3.0,"enemies":"3 Darklings","floor":35.0,"turns":2.0},{"damage":12.0,"enemies":"Orb Walker","floor":36.0,"turns":3.0},{"damage":14.0,"enemies":"4 Shapes","floor":39.0,"turns":1.0},{"damage":12.0,"enemies":"Reptomancer","floor":41.0,"turns":5.0},{"damage":25.0,"enemies":"Writhing Mass","floor":42.0,"turns":4.0},{"damage":43,"enemies":"Transient","floor":44,"turns":6}],"seed_played":"-557576877383622785","potions_obtained":[{"floor":0.0,"key":"Swift Potion"},{"floor":0.0,"key":"SkillPotion"},{"floor":1.0,"key":"Regen Potion"},{"floor":2.0,"key":"FearPotion"},{"floor":6.0,"key":"GamblersBrew"},{"floor":12.0,"key":"BloodPotion"},{"floor":16.0,"key":"Energy Potion"},{"floor":18.0,"key":"GamblersBrew"},{"floor":27.0,"key":"Ancient Potion"},{"floor":30.0,"key":"Strength Potion"},{"floor":35.0,"key":"SpeedPotion"},{"floor":39.0,"key":"Dexterity Potion"}],"is_trial":false,"path_per_floor":["M","M","M","M","?","E","R","E","T","R","M","E","M","E","R","B",null,"M","T","$","M","M","R","E","R","T","E","R","E","?","M","R","B",null,"M","M","?","?","M","R","E","M","T","M"],"character_chosen":"IRONCLAD","items_purchased":["Frozen Egg 2","Shockwave"],"campfire_rested":1,"item_purchase_floors":[20,20],"current_hp_per_floor":[69,73,73,75,75,50,50,20,20,42,31,35,47,47,47,16,60,43,43,43,48,51,51,56,56,56,62,62,70,75,75,75,17,61,66,62,62,62,56,56,52,35,35,0],"gold":682,"neow_bonus":"THREE_SMALL_POTIONS","is_prod":false,"is_daily":false,"chose_seed":false,"campfire_upgraded":7,"win_rate":0,"timestamp":1550279665,"path_taken":["M","M","M","M","?","E","R","E","T","R","M","E","M","E","R","BOSS","M","?","$","M","?","R","E","R","T","E","R","E","?","M","R","BOSS","M","M","?","?","M","R","E","M","T","M"],"build_version":"2019-01-23","purchased_purges":0,"victory":false,"max_hp_per_floor":[75,75,75,75,75,75,75,75,75,75,75,75,75,75,75,75,75,75,75,75,75,75,75,75,75,75,75,75,75,75,75,75,75,75,75,75,75,75,75,75,75,75,75,75],"card_choices":[{"not_picked":["Flex","Pummel"],"picked":"Shrug It Off","floor":1.0},{"not_picked":["True Grit","Wild Strike"],"picked":"Cleave","floor":2.0},{"not_picked":["Body Slam","Flex"],"picked":"Battle Trance","floor":3.0},{"not_picked":["Exhume","Body Slam"],"picked":"Thunderclap","floor":4.0},{"not_picked":["Headbutt","Havoc"],"picked":"Rage","floor":6.0},{"not_picked":["Perfected Strike","Entrench"],"picked":"Anger","floor":8.0},{"not_picked":["Sword Boomerang","Perfected Strike"],"picked":"Headbutt","floor":11.0},{"not_picked":["Reckless Charge","Clothesline"],"picked":"Flame Barrier","floor":12.0},{"not_picked":["Sword Boomerang","Impervious"],"picked":"Corruption","floor":13.0},{"not_picked":["Anger","Headbutt","Wild Strike"],"picked":"SKIP","floor":14.0},{"not_picked":["Bludgeon","Juggernaut"],"picked":"Immolate","floor":16.0},{"not_picked":["Perfected Strike+1","Anger"],"picked":"Clothesline","floor":18.0},{"not_picked":["Flex","Clash"],"picked":"Pommel Strike","floor":21.0},{"not_picked":["Pommel Strike","Whirlwind"],"picked":"Iron Wave","floor":22.0},{"not_picked":["Headbutt+1","Clash"],"picked":"Intimidate+1","floor":24.0},{"not_picked":["Warcry","Whirlwind","Cleave+1"],"picked":"SKIP","floor":27.0},{"not_picked":["Searing Blow","Wild Strike+1","Hemokinesis"],"picked":"SKIP","floor":29.0},{"not_picked":["Clothesline","Sword Boomerang"],"picked":"Carnage+1","floor":30.0},{"not_picked":["Seeing Red","Power Through"],"picked":"Pommel Strike+1","floor":31.0},{"not_picked":["Brutality+1","Berserk+1"],"picked":"Fiend Fire","floor":33.0},{"not_picked":["Clothesline+1","Second Wind"],"picked":"Evolve+1","floor":35.0},{"not_picked":["Dropkick+1","Anger+1"],"picked":"Warcry+1","floor":36.0},{"not_picked":["Headbutt+1","Twin Strike"],"picked":"True Grit","floor":39.0},{"not_picked":["Shrug It Off","Rampage"],"picked":"Barricade+1","floor":41.0},{"not_picked":["Headbutt+1","Heavy Blade+1"],"picked":"Sentinel+1","floor":42.0}],"player_experience":1216973,"relics_obtained":[{"floor":6.0,"key":"Blue Candle"},{"floor":8.0,"key":"PreservedInsect"},{"floor":9.0,"key":"Mercury Hourglass"},{"floor":12.0,"key":"WingedGreaves"},{"floor":14.0,"key":"Smiling Mask"},{"floor":19.0,"key":"Bag of Marbles"},{"floor":24.0,"key":"Juzu Bracelet"},{"floor":26.0,"key":"Bottled Flame"},{"floor":27.0,"key":"Blood Vial"},{"floor":29.0,"key":"Peace Pipe"},{"floor":30.0,"key":"Red Mask"},{"floor":41.0,"key":"Paper Frog"}],"event_choices":[{"cards_removed":["Strike_R"],"damage_healed":0.0,"max_hp_gain":0.0,"max_hp_loss":0.0,"gold_gain":0.0,"event_name":"Bonfire Elementals","player_choice":"Offered Basic","floor":5.0,"gold_loss":0.0,"damage_taken":0.0},{"damage_healed":0.0,"max_hp_gain":0.0,"max_hp_loss":0.0,"gold_gain":0.0,"event_name":"Masked Bandits","player_choice":"Fought Bandits","floor":30.0,"gold_loss":0.0,"damage_taken":0.0},{"damage_healed":0.0,"max_hp_gain":0.0,"max_hp_loss":0.0,"gold_gain":0.0,"event_name":"Upgrade Shrine","player_choice":"Upgraded","floor":37.0,"gold_loss":0.0,"damage_taken":0.0,"cards_upgraded":["Fiend Fire"]},{"damage_healed":0.0,"max_hp_gain":0.0,"max_hp_loss":0.0,"gold_gain":222.0,"event_name":"Tomb of Lord Red Mask","player_choice":"Wore Mask","floor":38.0,"gold_loss":0.0,"damage_taken":0.0}],"is_beta":false,"boss_relics":[{"not_picked":["Pandora\u0027s Box","Runic Dome"],"picked":"Coffee Dripper"},{"not_picked":["Philosopher\u0027s Stone","Velvet Choker"],"picked":"Astrolabe"}],"items_purged_floors":[],"is_endless":false,"potions_floor_spawned":[1,2,6,12,16,18,27,29,30,31,35,39],"killed_by":"Transient","ascension_level":20}