{"gold_per_floor":[412,143,93,105,105,105,116,116,116,132,132,32,58,58],"floor_reached":14,"playtime":576,"items_purged":["Defend_R","Strike_R"],"score":128,"play_id":"6729e80c-ffc9-4594-8e44-0ccc7105fb3b","local_time":"20190119101539","is_ascension_mode":true,"campfire_choices":[{"data":"Bash","floor":6,"key":"SMITH"},{"data":"Predator","floor":8,"key":"SMITH"}],"neow_cost":"PERCENT_DAMAGE","seed_source_timestamp":12578781205524394,"circlet_count":0,"master_deck":["Strike_R","Strike_R+1","Strike_R","Defend_R","Defend_R","Bash+1","Predator+1","Dagger Throw"],"relics":["Burning Blood","Old Coin","PrismaticShard","Calipers","Question Card"],"potions_floor_usage":[13],"damage_taken":[{"damage":8,"enemies":"Small Slimes","floor":1,"turns":4},{"damage":6,"enemies":"Cultist","floor":4,"turns":3},{"damage":8,"enemies":"2 Louse","floor":7,"turns":2},{"damage":20,"enemies":"Lots of Slimes","floor":10,"turns":4},{"damage":30,"enemies":"3 Sentries","floor":13,"turns":7},{"damage":16,"enemies":"Blue Slaver","floor":14,"turns":2}],"seed_played":"3786354847885587323","potions_obtained":[{"floor":10,"key":"Swift Potion"}],"is_trial":false,"path_per_floor":["M","$","?","M","?","R","M","R","T","M","?","$","E","M"],"character_chosen":"IRONCLAD","items_purchased":["PrismaticShard"],"campfire_rested":0,"item_purchase_floors":[2],"current_hp_per_floor":[49,49,49,49,49,49,47,47,47,33,33,33,9,0],"gold":58,"neow_bonus":"ONE_RARE_RELIC","is_prod":false,"is_daily":false,"chose_seed":false,"campfire_upgraded":2,"win_rate":0,"timestamp":1547889339,"path_taken":["M","$","?","M","?","R","?","R","T","M","?","?","E","?"],"build_version":"2019-01-17v2","purchased_purges":2,"victory":false,"max_hp_per_floor":[80,80,80,80,80,80,80,80,80,80,80,80,80,80],"card_choices":[{"not_picked":["Heavy Blade","Clash","Havoc"],"picked":"SKIP","floor":1},{"not_picked":["Warcry","Reprogram","Pommel Strike"],"picked":"SKIP","floor":4},{"not_picked":["Eviscerate","Cleave"],"picked":"Predator","floor":7},{"not_picked":["Twin Strike","Sweeping Beam","Sword Boomerang"],"picked":"SKIP","floor":10},{"not_picked":["Capacitor","Prepared"],"picked":"Dagger Throw","floor":13}],"player_experience":269285,"relics_obtained":[{"floor":9,"key":"Calipers"},{"floor":13,"key":"Question Card"}],"event_choices":[{"cards_removed":["Defend_R"],"damage_healed":0,"gold_gain":0,"player_choice":"Card Removal","damage_taken":0,"max_hp_gain":0,"max_hp_loss":0,"event_name":"The Cleric","floor":3,"gold_loss":50},{"damage_healed":0,"gold_gain":0,"player_choice":"Upgraded","damage_taken":0,"max_hp_gain":0,"max_hp_loss":0,"event_name":"Upgrade Shrine","floor":5,"gold_loss":0,"cards_upgraded":["Strike_R"]},{"cards_removed":["Strike_R"],"damage_healed":0,"gold_gain":0,"player_choice":"Offered Basic","damage_taken":0,"max_hp_gain":0,"max_hp_loss":0,"event_name":"Bonfire Elementals","floor":11,"gold_loss":0}],"is_beta":false,"boss_relics":[],"items_purged_floors":[2,12],"is_endless":false,"potions_floor_spawned":[10],"killed_by":"Blue Slaver","ascension_level":9}