{"gold_per_floor":[112,123,123,123,298,298,311,311,338,350,94,94,139,170,170,272,272,289,307,307,232,232,232,243,243,269,286,286,286,321,333,333,333],"floor_reached":33,"playtime":1006,"items_purged":["Doubt"],"score":380,"play_id":"533a0f3e-c84b-455b-8e25-9148e0cc6bd0","local_time":"20180724194743","is_ascension_mode":true,"campfire_choices":[{"data":"Flex","floor":6,"key":"SMITH"},{"data":"Bash","floor":8,"key":"SMITH"},{"data":"Armaments","floor":15,"key":"SMITH"},{"data":"Bite","floor":23,"key":"SMITH"},{"floor":25,"key":"REST"},{"data":"Bite","floor":32,"key":"SMITH"}],"neow_cost":"NONE","seed_source_timestamp":699981634294335,"circlet_count":0,"master_deck":["Defend_R+1","Defend_R+1","Defend_R+1","Defend_R+1","Bash+1","Whirlwind+1","Flex+1","Warcry","Thunderclap","Dual Wield","Armaments+1","Limit Break+1","Cleave","Bite","Bite+1","Bite+1","Bite","Bite","Iron Wave","Bloodletting+1","Warcry+1"],"relics":["Burning Blood","Oddly Smooth Stone","CultistMask","Dream Catcher","Omamori","Happy Flower","Busted Crown","Red Skull","Art of War"],"potions_floor_usage":[14,14,16,18,19,30,30,30],"damage_taken":[{"damage":7,"enemies":"Jaw Worm","floor":1,"turns":4},{"damage":0,"enemies":"Cultist","floor":2,"turns":4},{"damage":3,"enemies":"2 Louse","floor":7,"turns":4},{"damage":4,"enemies":"Exordium Thugs","floor":10,"turns":4},{"damage":7,"enemies":"Gremlin Nob","floor":14,"turns":3},{"damage":52,"enemies":"Hexaghost","floor":16,"turns":9},{"damage":11,"enemies":"2 Thieves","floor":18,"turns":2},{"damage":33,"enemies":"Spheric Guardian","floor":19,"turns":4},{"damage":33,"enemies":"Chosen and Byrds","floor":24,"turns":6},{"damage":32,"enemies":"Snake Plant","floor":27,"turns":4},{"damage":24,"enemies":"Gremlin Leader","floor":30,"turns":5},{"damage":3,"enemies":"3 Cultists","floor":31,"turns":3},{"damage":110,"enemies":"Collector","floor":33,"turns":7}],"seed_played":"-7820989321149627620","potions_obtained":[{"floor":2,"key":"Fire Potion"},{"floor":10,"key":"SpeedPotion"},{"floor":14,"key":"AttackPotion"},{"floor":16,"key":"Fire Potion"},{"floor":18,"key":"BloodPotion"},{"floor":24,"key":"Weak Potion"},{"floor":28,"key":"SkillPotion"},{"floor":28,"key":"Block Potion"}],"is_trial":false,"path_per_floor":["M","M","?","?","?","R","M","R","T","M","$","?","T","E","R","B",null,"M","M","?","?","?","R","M","R","T","M","?","?","E","M","R"],"character_chosen":"IRONCLAD","items_purchased":["Dual Wield","Omamori"],"campfire_rested":1,"item_purchase_floors":[11,11],"current_hp_per_floor":[71,77,77,77,77,77,80,80,80,80,80,80,80,79,79,34,69,66,49,49,49,49,49,41,65,65,50,50,50,47,61,61,0],"gold":333,"neow_bonus":"RANDOM_COMMON_RELIC","is_prod":false,"is_daily":false,"chose_seed":false,"campfire_upgraded":5,"win_rate":0,"timestamp":1532454463,"path_taken":["M","M","?","?","?","R","?","R","T","M","$","?","?","E","R","BOSS","M","M","?","?","?","R","?","R","T","M","?","?","E","M","R","BOSS"],"build_version":"2018-07-19v2","purchased_purges":1,"victory":false,"max_hp_per_floor":[80,80,80,80,80,80,80,80,80,80,80,80,80,80,80,80,80,80,80,80,80,80,80,80,80,80,80,80,80,80,80,80,80],"card_choices":[{"not_picked":["Twin Strike","Iron Wave"],"picked":"Whirlwind","floor":1},{"not_picked":["Cleave","Shockwave"],"picked":"Flex","floor":2},{"not_picked":["Rampage","Anger"],"picked":"Warcry","floor":7},{"not_picked":["Whirlwind","Burning Pact"],"picked":"Thunderclap","floor":10},{"not_picked":["Flex","Clothesline"],"picked":"Armaments","floor":14},{"not_picked":["Reaper","Feed"],"picked":"Limit Break","floor":16},{"not_picked":[],"picked":"Cleave","floor":18},{"not_picked":["True Grit"],"picked":"SKIP","floor":19},{"not_picked":["Feel No Pain"],"picked":"SKIP","floor":24},{"not_picked":[],"picked":"Iron Wave","floor":25},{"not_picked":[],"picked":"Bloodletting+1","floor":27},{"not_picked":["Anger"],"picked":"SKIP","floor":30},{"not_picked":[],"picked":"Warcry+1","floor":31}],"player_experience":833796,"relics_obtained":[{"floor":9,"key":"Dream Catcher"},{"floor":13,"key":"Blood Vial"},{"floor":14,"key":"Happy Flower"},{"floor":26,"key":"Red Skull"},{"floor":30,"key":"Art of War"}],"event_choices":[{"event_name":"Living Wall","player_choice":"Grow","floor":3,"damage_taken":0},{"event_name":"FaceTrader","player_choice":"Trade","floor":4,"damage_taken":0},{"event_name":"Liars Game","player_choice":"agreed","floor":5,"damage_taken":0},{"event_name":"Purifier","player_choice":"One Purge","floor":12,"damage_taken":0},{"event_name":"Upgrade Shrine","player_choice":"Upgraded","floor":20,"damage_taken":0},{"event_name":"Beggar","player_choice":"Gave Gold","floor":21,"damage_taken":0},{"event_name":"Vampires","player_choice":"Became a vampire (Vial)","floor":22,"damage_taken":0},{"event_name":"The Lab","player_choice":"Got Potions","floor":28,"damage_taken":0},{"event_name":"Back to Basics","player_choice":"Simplicity","floor":29,"damage_taken":0}],"is_beta":false,"boss_relics":[{"not_picked":["Coffee Dripper","Velvet Choker"],"picked":"Busted Crown"}],"items_purged_floors":[11],"is_endless":false,"potions_floor_spawned":[2,10,14,16,18,24],"killed_by":"Collector","ascension_level":7}