{"gold_per_floor":[114,389,403,478,110,143,143,156,230,259,259,270,303,363,363,464,464,477,326,326,342,342,367,379,379,379,52,87,87],"floor_reached":29,"playtime":1808,"items_purged":["Regret"],"score":456,"play_id":"7ac1d5f5-0611-4277-87cd-6e9a280f111b","local_time":"20181024194922","is_ascension_mode":true,"campfire_choices":[{"floor":7,"key":"REST"},{"data":"Zap","floor":15,"key":"SMITH"},{"floor":25,"key":"REST"}],"neow_cost":"NONE","seed_source_timestamp":1177730530144292,"circlet_count":0,"master_deck":["Strike_B","Strike_B+1","Strike_B","Strike_B+1","Defend_B","Defend_B","Defend_B","Zap+1","Dualcast","AscendersBane","Steam Power","Conserve Battery","Madness","Rip and Tear","Leap","Seek+1","Echo Form","Coolheaded+1","Seek+1","Sweeping Beam","Reboot+1","Hello World","Tempest+1","Leap+1","Core Surge","Cold Snap","BootSequence+1","Steam+1"],"relics":["FrozenCore","Blood Vial","Strange Spoon","Happy Flower","Toxic Egg 2","Oddly Smooth Stone","Art of War","Strawberry","Omamori","FaceOfCleric","Sundial","Kunai","Whetstone","Bag of Marbles"],"potions_floor_usage":[6,10,13,14,14,14,14,16,21,23],"damage_taken":[{"damage":0,"enemies":"2 Louse","floor":1,"turns":2},{"damage":3,"enemies":"Cultist","floor":3,"turns":3},{"damage":23,"enemies":"Lagavulin","floor":6,"turns":6},{"damage":12,"enemies":"Jaw Worm","floor":8,"turns":3},{"damage":19,"enemies":"Gremlin Nob","floor":10,"turns":5},{"damage":10,"enemies":"Large Slime","floor":12,"turns":5},{"damage":0,"enemies":"Lagavulin","floor":13,"turns":6},{"damage":10,"enemies":"3 Sentries","floor":14,"turns":6},{"damage":8,"enemies":"Hexaghost","floor":16,"turns":10},{"damage":7,"enemies":"Spheric Guardian","floor":18,"turns":6},{"damage":8,"enemies":"Chosen","floor":21,"turns":5},{"damage":12,"enemies":"Book of Stabbing","floor":23,"turns":6},{"damage":22,"enemies":"Shelled Parasite and Fungi","floor":24,"turns":7},{"damage":27,"enemies":"Slavers","floor":28,"turns":7},{"damage":7,"enemies":"3 Cultists","floor":29,"turns":4}],"seed_played":"-6112123482218534974","potions_obtained":[{"floor":3,"key":"FearPotion"},{"floor":6,"key":"Dexterity Potion"},{"floor":10,"key":"FearPotion"},{"floor":13,"key":"EntropicBrew"},{"floor":14,"key":"PowerPotion"},{"floor":16,"key":"Block Potion"},{"floor":21,"key":"Strength Potion"}],"is_trial":false,"path_per_floor":["M","?","M","?","$","E","R","M","T","E","?","M","E","?","R","B",null,"M","$","?","M","?","E","M","R","T","$","E"],"character_chosen":"DEFECT","items_purchased":["Strange Spoon","Madness","Omamori","BootSequence+1","Whetstone","Dexterity Potion","Strength Potion"],"campfire_rested":2,"item_purchase_floors":[5,5,19,27,27,27,27],"current_hp_per_floor":[70,70,69,58,58,37,59,49,49,32,32,24,26,40,40,34,70,65,65,65,59,59,50,31,56,56,56,32,27],"gold":87,"neow_bonus":"RANDOM_COMMON_RELIC","is_prod":false,"is_daily":false,"chose_seed":false,"campfire_upgraded":1,"win_rate":0,"timestamp":1540403362,"path_taken":["M","?","M","?","$","E","R","M","T","E","?","M","E","?","R","BOSS","M","$","?","M","?","E","M","R","T","$","E","M"],"build_version":"2018-10-18","purchased_purges":1,"victory":false,"max_hp_per_floor":[75,75,75,75,75,75,75,75,75,75,75,75,75,82,82,82,82,82,82,82,82,82,83,84,84,84,84,85,85],"card_choices":[{"not_picked":["Compile Driver","Hologram"],"picked":"Steam Power","floor":1},{"not_picked":["Ball Lightning","Cold Snap"],"picked":"Conserve Battery","floor":3},{"not_picked":["Stack","Self Repair"],"picked":"Rip and Tear","floor":6},{"not_picked":["Redo","Rip and Tear"],"picked":"Leap","floor":8},{"not_picked":["Self Repair","Compile Driver"],"picked":"Seek+1","floor":10},{"not_picked":["Scrape","Consume+1"],"picked":"Coolheaded+1","floor":12},{"not_picked":["Steam Power+1","Hologram+1"],"picked":"Seek+1","floor":13},{"not_picked":["Steam+1","Cold Snap"],"picked":"Sweeping Beam","floor":14},{"not_picked":["Hyperbeam","Core Surge"],"picked":"Reboot+1","floor":16},{"not_picked":["Go for the Eyes","Cold Snap"],"picked":"Hello World","floor":18},{"not_picked":["Hologram+1","Self Repair"],"picked":"Leap+1","floor":21},{"not_picked":["Leap+1","Hologram+1"],"picked":"Core Surge","floor":23},{"not_picked":["Hello World","Reinforced Body+1"],"picked":"Cold Snap","floor":24},{"not_picked":["Streamline","Compile Driver+1"],"picked":"Steam+1","floor":28}],"player_experience":1104378,"relics_obtained":[{"floor":6,"key":"Happy Flower"},{"floor":9,"key":"Toxic Egg 2"},{"floor":10,"key":"Oddly Smooth Stone"},{"floor":13,"key":"Art of War"},{"floor":23,"key":"Sundial"},{"floor":26,"key":"Kunai"},{"floor":28,"key":"Bag of Marbles"}],"event_choices":[{"damage_healed":0,"gold_gain":275,"player_choice":"Desecrate","damage_taken":0,"max_hp_gain":0,"max_hp_loss":0,"event_name":"Golden Shrine","floor":2,"gold_loss":0,"cards_obtained":["Regret"]},{"damage_healed":0,"gold_gain":75,"player_choice":"Gather Gold","damage_taken":11,"max_hp_gain":0,"max_hp_loss":0,"event_name":"World of Goop","floor":4,"gold_loss":0},{"damage_healed":0,"gold_gain":0,"cards_transformed":["Defend_B"],"player_choice":"Transformed","damage_taken":0,"max_hp_gain":0,"max_hp_loss":0,"event_name":"Transmorgrifier","floor":11,"gold_loss":0,"cards_obtained":["Echo Form"]},{"damage_healed":0,"gold_gain":0,"player_choice":"Searched \u00272\u0027 times","damage_taken":0,"relics_obtained":["Strawberry"],"max_hp_gain":0,"max_hp_loss":0,"event_name":"Dead Adventurer","floor":14,"gold_loss":0},{"damage_healed":0,"gold_gain":0,"player_choice":"Read","damage_taken":0,"max_hp_gain":0,"max_hp_loss":0,"event_name":"The Library","floor":20,"gold_loss":0,"cards_obtained":["Tempest"]},{"damage_healed":0,"gold_gain":0,"player_choice":"Trade","damage_taken":0,"relics_obtained":["FaceOfCleric"],"max_hp_gain":0,"max_hp_loss":0,"event_name":"FaceTrader","floor":22,"gold_loss":0}],"is_beta":false,"boss_relics":[{"not_picked":["Lizard Tail","Runic Pyramid"],"picked":"FrozenCore"}],"items_purged_floors":[5],"is_endless":false,"potions_floor_spawned":[3,6,10,13,14,16,21],"killed_by":"3 Cultists","ascension_level":10}