{"gold_per_floor":[369,383,383,397,100,141,153,185,275,287,374,386,573,605,617,726,738,770,782,794],"floor_reached":20,"playtime":2451,"items_purged":["Normality"],"score":231,"play_id":"5404183e-79ad-47a5-8a45-7452c0fad37d","local_time":"20180727031212","is_ascension_mode":true,"campfire_choices":[{"data":"Entrench","floor":7.0,"key":"SMITH"},{"data":"Armaments","floor":10.0,"key":"SMITH"},{"floor":12.0,"key":"REST"},{"floor":15.0,"key":"REST"}],"neow_cost":"CURSE","seed_source_timestamp":0,"circlet_count":0,"master_deck":["Bash","Regret","Warcry","Entrench+1","Shrug It Off","Second Wind","Armaments+1","Iron Wave","Doubt","Barricade","Limit Break+1","Fire Breathing","Thunderclap","Anger","Iron Wave","Armaments+1","Perfected Strike","Anger","Anger","Fire Breathing","Ghostly Armor+1"],"special_seed":0,"relics":["Burning Blood","Turnip","MawBank","Vajra","Toxic Egg 2","Pandora\u0027s Box"],"potions_floor_usage":[],"damage_taken":[{"damage":3.0,"enemies":"Cultist","floor":1.0,"turns":3.0},{"damage":12.0,"enemies":"2 Louse","floor":2.0,"turns":4.0},{"damage":7.0,"enemies":"Small Slimes","floor":4.0,"turns":4.0},{"damage":55.0,"enemies":"Gremlin Nob","floor":6.0,"turns":7.0},{"damage":6.0,"enemies":"Looter","floor":8.0,"turns":4.0},{"damage":12.0,"enemies":"Large Slime","floor":14.0,"turns":9.0},{"damage":38.0,"enemies":"Hexaghost","floor":16.0,"turns":19.0},{"damage":36,"enemies":"Spheric Guardian","floor":18,"turns":6},{"damage":58,"floor":20,"turns":4}],"seed_played":"-7725151250543253995","potions_obtained":[{"floor":1.0,"key":"LiquidBronze"},{"floor":4.0,"key":"GamblersBrew"},{"floor":14.0,"key":"Regen Potion"},{"floor":16.0,"key":"GamblersBrew"}],"is_trial":false,"path_per_floor":["M","M","?","M","$","E","R","M","T","R","?","R","?","M","R","B",null,"M","?"],"character_chosen":"IRONCLAD","items_purchased":["Second Wind","MawBank"],"campfire_rested":2,"item_purchase_floors":[5,5],"current_hp_per_floor":[80,74,74,73,73,24,24,24,24,24,13,37,37,31,55,23,80,50,50,0],"gold":794,"neow_bonus":"TWO_FIFTY_GOLD","is_prod":false,"is_daily":false,"chose_seed":false,"campfire_upgraded":2,"win_rate":0,"timestamp":1532628732,"path_taken":["M","M","?","?","$","E","R","M","T","R","?","R","?","M","R","BOSS","M","?","?"],"build_version":"2018-07-19v2","purchased_purges":1,"victory":false,"max_hp_per_floor":[80,80,80,80,80,80,80,80,80,80,80,80,80,80,80,80,80,80,80,80],"card_choices":[{"not_picked":["Sever Soul","Thunderclap"],"picked":"Warcry","floor":1.0},{"not_picked":["Perfected Strike","Anger"],"picked":"Entrench","floor":2.0},{"not_picked":["Bloodletting","Sword Boomerang"],"picked":"Shrug It Off","floor":4.0},{"not_picked":["Ghostly Armor","Reckless Charge"],"picked":"Armaments","floor":6.0},{"not_picked":["Armaments","Intimidate"],"picked":"Iron Wave","floor":8.0},{"not_picked":["Wild Strike","Heavy Blade"],"picked":"Barricade","floor":14.0},{"not_picked":["Barricade","Feed"],"picked":"Limit Break+1","floor":16.0},{"not_picked":["Iron Wave","Twin Strike"],"picked":"Ghostly Armor+1","floor":18}],"player_experience":185677,"relics_obtained":[{"floor":6.0,"key":"Vajra"},{"floor":9.0,"key":"Toxic Egg 2"}],"event_choices":[{"event_name":"Accursed Blacksmith","player_choice":"Rummage","floor":3.0,"damage_taken":0.0},{"event_name":"World of Goop","player_choice":"Gather Gold","floor":11.0,"damage_taken":0.0},{"event_name":"Liars Game","player_choice":"agreed","floor":13.0,"damage_taken":0.0},{"event_name":"Ghosts","player_choice":"Ignored","floor":19,"damage_taken":0},{"event_name":"Masked Bandits","player_choice":"Fought over 794 gold","floor":20,"damage_taken":0}],"is_beta":false,"boss_relics":[{"not_picked":["Snecko Eye","Philosopher\u0027s Stone"],"picked":"Pandora\u0027s Box"}],"items_purged_floors":[5],"is_endless":false,"potions_floor_spawned":[1,4,14,16],"ascension_level":4}