{"path_per_floor":["M","?","M","M","?","E","R","?","T","R","M","M","$","E","R","B",null,"M","M","M","?","M","M","E","R","T","?","M","E","M","M","R","B",null,"M","M","?","M","?","E","R","M","T","$","?","M","E","M","R","B"],"character_chosen":"IRONCLAD","items_purchased":["Bronze Scales","Shrug It Off","Strength Potion","Strength Potion","Dexterity Potion","Ghostly Armor"],"gold_per_floor":[109,109,130,149,149,190,190,190,216,216,235,258,37,76,76,200,200,200,140,140,140,140,140,140,140,140,140,140,140,140,140,140,140,140,140,140,140,140,140,140,140,140,140,0,0,0,0,0,0,0],"floor_reached":51,"campfire_rested":2,"playtime":2832,"current_hp_per_floor":[73,73,74,74,59,63,63,60,60,60,63,63,63,56,56,12,74,72,72,67,67,72,74,68,68,68,68,65,62,62,47,47,16,74,74,74,64,58,49,45,67,69,69,69,69,52,52,45,67,20],"items_purged":[],"gold":0,"score":763,"play_id":"14eddf19-62e6-485b-879c-1d8e72c0eb4a","local_time":"20180427122927","is_prod":false,"is_daily":false,"chose_seed":false,"is_ascension_mode":false,"campfire_upgraded":5,"timestamp":1524824967,"path_taken":["M","?","M","M","?","E","R","?","T","R","?","M","$","E","R","BOSS","M","M","M","?","M","M","E","R","T","?","M","E","M","M","R","BOSS","M","M","?","M","?","E","R","M","T","$","?","M","E","?","R","BOSS"],"build_version":"2018-04-26v2","seed_source_timestamp":412430935184838,"purchased_purges":0,"victory":true,"master_deck":["Strike_R","Strike_R","Strike_R+1","Strike_R","Strike_R","Defend_R","Defend_R","Defend_R","Defend_R","Bash+1","Flex","Seeing Red","Body Slam+1","Rupture+1","Searing Blow+1","Entrench+1","Shrug It Off+1","Flex","Brutality+1","Searing Blow+1","Clothesline+1","Pommel Strike+1","Perfected Strike","Thunderclap+1","Disarm+1","Whirlwind+1","Double Tap","Warcry+1","Enlightenment","Sadistic Nature","Madness","Madness","Madness","Impervious","Ghostly Armor"],"max_hp_per_floor":[80,74,74,74,74,74,74,74,74,74,74,74,74,74,74,74,74,74,74,74,74,74,74,74,74,74,74,74,74,74,74,74,74,74,74,74,74,74,74,74,74,74,74,74,74,74,74,74,74,74],"relics":["Burning Blood","Golden Idol","Bag of Marbles","Anchor","Vajra","Bronze Scales","Bottled Tornado","Ectoplasm","Toolbox","Mercury Hourglass","Orichalcum","Black Star","Ginger","Magic Flower","Gremlin Horn","Champion Belt","Charon\u0027s Ashes"],"card_choices":[{"not_picked":["True Grit","Iron Wave"],"picked":"Flex","floor":1},{"not_picked":["Perfected Strike","Twin Strike"],"picked":"Seeing Red","floor":3},{"not_picked":["Intimidate","Thunderclap"],"picked":"Body Slam","floor":4},{"not_picked":["Headbutt","Fiend Fire"],"picked":"Rupture","floor":6},{"not_picked":["Twin Strike","Fire Breathing"],"picked":"Searing Blow","floor":11},{"not_picked":["Pommel Strike","Warcry"],"picked":"Entrench","floor":12},{"not_picked":["Sword Boomerang","True Grit"],"picked":"Flex","floor":14},{"not_picked":["Berserk","Offering"],"picked":"Brutality","floor":16},{"not_picked":["Body Slam","Anger"],"picked":"Searing Blow","floor":18},{"not_picked":["Thunderclap","Armaments"],"picked":"Clothesline","floor":19},{"not_picked":["Rage","Twin Strike"],"picked":"Pommel Strike","floor":20},{"not_picked":["Flex","Body Slam"],"picked":"Perfected Strike","floor":22},{"not_picked":["Uppercut","Clash"],"picked":"Thunderclap","floor":24},{"not_picked":["Perfected Strike","True Grit"],"picked":"Disarm","floor":28},{"not_picked":["Pommel Strike","Anger"],"picked":"Whirlwind","floor":30},{"not_picked":["Bludgeon","Feed"],"picked":"Double Tap","floor":33},{"not_picked":["Cleave","Metallicize"],"picked":"Warcry","floor":35},{"not_picked":["Panacea","Blind"],"picked":"Enlightenment","floor":37},{"not_picked":["Apotheosis","Finesse"],"picked":"Sadistic Nature","floor":37},{"not_picked":["Blind","Secret Technique"],"picked":"Madness","floor":37},{"not_picked":["Sever Soul","Perfected Strike"],"picked":"Impervious","floor":40}],"player_experience":0,"potions_floor_usage":[6,14,16,29,29,29,33,40,42,48,50,50],"damage_taken":[{"damage":13,"enemies":"Cultist","floor":1,"turns":5},{"damage":0,"enemies":"Small Slimes","floor":3,"turns":3},{"damage":1,"enemies":"Jaw Worm","floor":4,"turns":4},{"damage":2,"enemies":"Gremlin Nob","floor":6,"turns":3},{"damage":3,"enemies":"2 Fungi Beasts","floor":11,"turns":3},{"damage":6,"enemies":"Exordium Wildlife","floor":12,"turns":4},{"damage":13,"enemies":"Lagavulin","floor":14,"turns":3},{"damage":50,"enemies":"The Guardian","floor":16,"turns":15},{"damage":8,"enemies":"Shell Parasite","floor":18,"turns":4},{"damage":6,"enemies":"2 Thieves","floor":19,"turns":4},{"damage":11,"enemies":"Centurion and Healer","floor":20,"turns":5},{"damage":1,"enemies":"Snecko","floor":22,"turns":3},{"damage":0,"enemies":"Cultist and Chosen","floor":23,"turns":3},{"damage":12,"enemies":"Book of Stabbing","floor":24,"turns":4},{"damage":9,"enemies":"Slaver and Parasite","floor":28,"turns":4},{"damage":9,"enemies":"Slavers","floor":29,"turns":4},{"damage":6,"enemies":"Chosen and Byrds","floor":30,"turns":3},{"damage":21,"enemies":"Sentry and Sphere","floor":31,"turns":4},{"damage":37,"enemies":"Champ","floor":33,"turns":9},{"damage":1,"enemies":"3 Darklings","floor":35,"turns":2},{"damage":1,"enemies":"Flame Bruiser 1 Orb","floor":36,"turns":2},{"damage":12,"enemies":"Sphere and 2 Shapes","floor":38,"turns":3},{"damage":10,"enemies":"Nemesis","floor":40,"turns":5},{"damage":7,"enemies":"Flame Bruiser 2 Orb","floor":42,"turns":3},{"damage":26,"enemies":"4 Shapes","floor":46,"turns":3},{"damage":9,"enemies":"2 Orb Walkers","floor":47,"turns":3},{"damage":16,"enemies":"Maw","floor":48,"turns":5},{"damage":56,"enemies":"Awakened One","floor":50,"turns":11}],"event_choices":[{"event_name":"Golden Idol","player_choice":"Lose Max HP","floor":2,"damage_taken":0},{"event_name":"Shining Light","player_choice":"Entered Light","floor":5,"damage_taken":0},{"event_name":"Scrap Ooze","player_choice":"success","floor":8,"damage_taken":3},{"event_name":"Vampires","player_choice":"Ignored","floor":21,"damage_taken":0},{"event_name":"Ghosts","player_choice":"Ignored","floor":27,"damage_taken":0},{"event_name":"SensoryStone","player_choice":"Memory 3","floor":37,"damage_taken":0},{"event_name":"Winding Halls","player_choice":"Embrace Madness","floor":39,"damage_taken":0},{"event_name":"Upgrade Shrine","player_choice":"Upgraded","floor":45,"damage_taken":0}],"boss_relics":[{"not_picked":["Sozu","Astrolabe"],"picked":"Ectoplasm"},{"not_picked":["Eternal Feather","Velvet Choker"],"picked":"Black Star"}],"potions_floor_spawned":[3,6,11,22,24,28,31,36,38,47],"seed_played":"6762268756003533221","ascension_level":0,"is_trial":false}