{"gold_per_floor":[118,128,128,139,52,52,79,79,79,96,124,139,169,181,181,260,260,278,32,32,32,52,52,67,67,67,101,116,128,128,139,139,211,211,224,1223,1235,1235,742,754,754,445,445,445,479,329,363,381,381,381,381,381,381,25,50,50],"floor_reached":57,"playtime":3161,"items_purged":["Normality","Normality","Strike_B"],"score":2879,"play_id":"9bd039fd-ea3e-4f20-a3db-0ac07b9488e0","local_time":"20190103001331","is_ascension_mode":true,"campfire_choices":[{"data":"Double Energy","floor":6.0,"key":"SMITH"},{"floor":15.0,"key":"REST"},{"floor":23.0,"key":"RECALL"},{"floor":25.0,"key":"REST"},{"floor":30.0,"key":"REST"},{"floor":32.0,"key":"REST"},{"floor":41,"key":"REST"},{"floor":44,"key":"REST"},{"floor":49,"key":"REST"},{"floor":53,"key":"REST"}],"neow_cost":"NONE","seed_source_timestamp":149038373172613,"circlet_count":0,"master_deck":["AscendersBane","Strike_B","Strike_B","Strike_B","Defend_B","Defend_B","Defend_B","Defend_B","Zap","Dualcast","Sweeping Beam","Capacitor","Echo Form","Cold Snap","Zap","Tempest","Double Energy+1","Darkness","Rainbow","Recycle+1","Conserve Battery+1","Biased Cognition","Fusion+1","Coolheaded+1","Electrodynamics","Turbo+1","Leap+1","White Noise+1","Force Field+1","Hologram+1","Leap+1","Creative AI","Reinforced Body+1","Sunder","Coolheaded+1","Coolheaded+1","Glacier+1"],"special_seed":0,"relics":["Cracked Core","DataDisk","Ornamental Fan","Toxic Egg 2","Cables","Art of War","Fusion Hammer","Runic Capacitor","FaceOfCleric","Singing Bowl","Bottled Lightning","Snecko Eye","Turnip","Centennial Puzzle","Letter Opener","Mummified Hand","Happy Flower"],"potions_floor_usage":[40,45,45,51,56,56],"damage_taken":[{"damage":7.0,"enemies":"Small Slimes","floor":1.0,"turns":3.0},{"damage":1.0,"enemies":"Cultist","floor":2.0,"turns":3.0},{"damage":0.0,"enemies":"2 Louse","floor":4.0,"turns":1.0},{"damage":9.0,"enemies":"3 Sentries","floor":7.0,"turns":4.0},{"damage":10.0,"enemies":"Blue Slaver","floor":10.0,"turns":3.0},{"damage":13.0,"enemies":"Gremlin Nob","floor":11.0,"turns":3.0},{"damage":3.0,"enemies":"Exordium Wildlife","floor":12.0,"turns":5.0},{"damage":14.0,"enemies":"3 Sentries","floor":13.0,"turns":4.0},{"damage":1.0,"enemies":"Looter","floor":14.0,"turns":2.0},{"damage":0.0,"enemies":"Slime Boss","floor":16.0,"turns":4.0},{"damage":1.0,"enemies":"Shell Parasite","floor":18.0,"turns":5.0},{"damage":17.0,"enemies":"3 Byrds","floor":22.0,"turns":3.0},{"damage":19.0,"enemies":"Snake Plant","floor":24.0,"turns":3.0},{"damage":25.0,"enemies":"Book of Stabbing","floor":27.0,"turns":5.0},{"damage":15.0,"enemies":"Snecko","floor":28.0,"turns":4.0},{"damage":6.0,"enemies":"Sentry and Sphere","floor":29.0,"turns":4.0},{"damage":0.0,"enemies":"Chosen and Byrds","floor":31.0,"turns":3.0},{"damage":24.0,"enemies":"Automaton","floor":33.0,"turns":7.0},{"damage":2.0,"enemies":"Orb Walker","floor":35.0,"turns":4.0},{"damage":16.0,"enemies":"3 Darklings","floor":37.0,"turns":4.0},{"damage":14,"enemies":"Transient","floor":40,"turns":6},{"damage":22,"enemies":"Giant Head","floor":45,"turns":7},{"damage":16,"enemies":"Reptomancer","floor":47,"turns":4},{"damage":0,"enemies":"Sphere and 2 Shapes","floor":48,"turns":4},{"damage":9,"enemies":"Donu and Deca","floor":50,"turns":6},{"damage":84,"enemies":"Time Eater","floor":51,"turns":16},{"damage":0,"enemies":"Shield and Spear","floor":55,"turns":6},{"damage":83,"enemies":"The Heart","floor":56,"turns":8}],"seed_played":"-4716923407963915398","potions_obtained":[{"floor":2.0,"key":"AttackPotion"},{"floor":7.0,"key":"SpeedPotion"},{"floor":11.0,"key":"Weak Potion"},{"floor":16.0,"key":"SteroidPotion"},{"floor":22.0,"key":"Ancient Potion"},{"floor":29.0,"key":"Energy Potion"},{"floor":33.0,"key":"PowerPotion"},{"floor":40,"key":"Ancient Potion"},{"floor":55,"key":"Regen Potion"}],"is_trial":false,"path_per_floor":["M","M","?","M","$","R","E","$","T","M","E","M","E","M","R","B",null,"M","$","?","?","M","R","M","R","T","E","M","M","R","M","R","B",null,"M","?","M","?","$","M","R","$","T","R","E","$","E","M","R","B","B",null,"R","$","E","B",null],"character_chosen":"DEFECT","items_purchased":["Darkness","Runic Capacitor","Leap+1","Turnip","FocusPotion","Sunder","Coolheaded+1","EntropicBrew","Coolheaded+1","Mummified Hand","Ancient Potion"],"campfire_rested":8,"item_purchase_floors":[5,19,19,39,39,42,42,42,46,54,54],"current_hp_per_floor":[57,56,56,56,56,56,47,47,47,37,24,21,7,6,27,27,60,59,59,59,59,43,43,25,46,46,24,10,7,31,32,56,33,70,71,71,56,52,52,41,69,69,69,95,76,76,61,64,94,86,3,79,104,104,107,40],"gold":50,"neow_bonus":"RANDOM_COMMON_RELIC","is_prod":false,"is_daily":false,"chose_seed":false,"campfire_upgraded":1,"win_rate":0,"timestamp":1546445611,"path_taken":["M","M","?","M","$","R","E","?","T","M","E","M","E","M","R","BOSS","M","$","?","?","?","R","M","R","T","E","M","M","R","M","R","BOSS","M","?","M","?","$","M","R","$","T","R","E","$","E","M","R","BOSS","BOSS","R","$","E","BOSS"],"build_version":"2019-01-01","purchased_purges":3,"victory":true,"max_hp_per_floor":[71,71,71,71,71,71,71,71,71,71,71,71,71,71,71,71,71,71,71,71,71,72,72,73,73,73,76,77,80,80,81,81,82,82,85,85,86,92,92,95,95,95,95,95,98,98,99,102,102,103,104,104,104,104,107,108],"card_choices":[{"not_picked":["Reinforced Body","Steam"],"picked":"Sweeping Beam","floor":1.0},{"not_picked":["Undo","Self Repair"],"picked":"Capacitor","floor":2.0},{"not_picked":["Hologram","Leap"],"picked":"Double Energy","floor":4.0},{"not_picked":["Turbo","Gash"],"picked":"Rainbow","floor":7.0},{"not_picked":["Turbo+1","Conserve Battery+1"],"picked":"Recycle+1","floor":10.0},{"not_picked":["Streamline","Sweeping Beam"],"picked":"Conserve Battery+1","floor":11.0},{"not_picked":["FTL","Static Discharge"],"picked":"Biased Cognition","floor":12.0},{"not_picked":["Coolheaded+1","Turbo+1"],"picked":"Fusion+1","floor":13.0},{"not_picked":["Leap+1","Steam+1"],"picked":"Coolheaded+1","floor":14.0},{"not_picked":["Creative AI","Amplify+1"],"picked":"Electrodynamics","floor":16.0},{"not_picked":["Skim+1","Cold Snap"],"picked":"Turbo+1","floor":18.0},{"not_picked":["Steam+1","Ball Lightning"],"picked":"White Noise+1","floor":22.0},{"not_picked":["Leap+1","Capacitor"],"picked":"Force Field+1","floor":24.0},{"not_picked":["Aggregate+1","Blizzard","Gash"],"picked":"Singing Bowl","floor":27.0},{"not_picked":["Static Discharge+1","Gash"],"picked":"Hologram+1","floor":28.0},{"not_picked":["FTL","Barrage","Go for the Eyes"],"picked":"Singing Bowl","floor":29.0},{"not_picked":["All For One","White Noise+1"],"picked":"Leap+1","floor":31.0},{"not_picked":["Machine Learning","Hyperbeam"],"picked":"Creative AI","floor":33.0},{"not_picked":["Chaos+1","Leap+1","Storm"],"picked":"Singing Bowl","floor":35.0},{"not_picked":["Beam Cell","Melter"],"picked":"Reinforced Body+1","floor":37.0},{"not_picked":["Mind Blast","Dark Shackles+1","Trip+1"],"picked":"Singing Bowl","floor":38.0},{"not_picked":["Secret Weapon+1","Chrysalis+1","Sadistic Nature"],"picked":"Singing Bowl","floor":38.0},{"not_picked":["Secret Weapon+1","Good Instincts+1","Master of Strategy+1"],"picked":"Singing Bowl","floor":38.0},{"not_picked":["Rebound","Go for the Eyes","Beam Cell"],"picked":"Singing Bowl","floor":40},{"not_picked":["Blizzard","Stack+1","Thunder Strike"],"picked":"Singing Bowl","floor":45},{"not_picked":["Rip and Tear","Auto Shields+1"],"picked":"Glacier+1","floor":47},{"not_picked":["Turbo+1","FTL+1","Barrage"],"picked":"Singing Bowl","floor":48},{"not_picked":["Loop","Melter+1","Stack+1"],"picked":"Singing Bowl","floor":55}],"player_experience":1297879,"relics_obtained":[{"floor":7.0,"key":"Ornamental Fan"},{"floor":9.0,"key":"Toxic Egg 2"},{"floor":11.0,"key":"Cables"},{"floor":13.0,"key":"Art of War"},{"floor":26.0,"key":"Singing Bowl"},{"floor":27.0,"key":"Bottled Lightning"},{"floor":45,"key":"Centennial Puzzle"},{"floor":47,"key":"Letter Opener"},{"floor":55,"key":"Happy Flower"}],"event_choices":[{"damage_healed":0.0,"max_hp_gain":0.0,"max_hp_loss":0.0,"gold_gain":0.0,"event_name":"Match and Keep!","player_choice":"4 cards matched","floor":3.0,"gold_loss":0.0,"damage_taken":0.0,"cards_obtained":["Echo Form","Cold Snap","Zap","Tempest"]},{"damage_healed":0.0,"max_hp_gain":0.0,"max_hp_loss":0.0,"gold_gain":0.0,"event_name":"Vampires","player_choice":"Ignored","floor":20.0,"gold_loss":0.0,"damage_taken":0.0},{"damage_healed":0.0,"max_hp_gain":0.0,"max_hp_loss":0.0,"gold_gain":0.0,"event_name":"FaceTrader","player_choice":"Trade","floor":21.0,"gold_loss":0.0,"damage_taken":0.0,"relics_obtained":["FaceOfCleric"]},{"damage_healed":0.0,"max_hp_gain":0.0,"max_hp_loss":0.0,"gold_gain":999.0,"event_name":"MindBloom","player_choice":"Gold","floor":36.0,"gold_loss":0.0,"damage_taken":0.0,"cards_obtained":["Normality","Normality"]},{"damage_healed":0.0,"max_hp_gain":0.0,"max_hp_loss":0.0,"gold_gain":0.0,"event_name":"SensoryStone","player_choice":"Memory 3","floor":38.0,"gold_loss":0.0,"damage_taken":10.0}],"is_beta":true,"boss_relics":[{"not_picked":["Ectoplasm","Sozu"],"picked":"Fusion Hammer"},{"not_picked":["Calling Bell","Runic Dome"],"picked":"Snecko Eye"}],"items_purged_floors":[39,42,46],"is_endless":false,"potions_floor_spawned":[2,7,11,16,18,22,28,29,33,40,47,55],"ascension_level":20}