{"gold_per_floor":[111,128,203,378,394,394,421,421,721,760,773,773,794,812,812,933,933,951,951,951,367,466,493,493,521,545,565,565,575,592,620,620,620],"floor_reached":33,"playtime":1453,"items_purged":["Doubt"],"score":535,"play_id":"02d5e924-877f-4ae9-bbd0-49828344a975","local_time":"20181106192219","is_ascension_mode":true,"campfire_choices":[{"data":"Loop","floor":6,"key":"SMITH"},{"floor":15,"key":"REST"},{"floor":24,"key":"REST"},{"floor":32,"key":"REST"}],"neow_cost":"NONE","seed_source_timestamp":1019794166446402,"circlet_count":0,"master_deck":["AscendersBane","Strike_B","Strike_B","Strike_B","Strike_B","Defend_B","Defend_B","Defend_B","Defend_B","Zap+1","Dualcast","Cold Snap","Loop+1","Conserve Battery","Leap","Chill","Ball Lightning","Rainbow","Sweeping Beam","Multi-Cast","FTL","Reboot+1","White Noise+1","Necronomicurse","Redo+1","Double Energy+1","Steam Power+1","Rainbow+1"],"relics":["Cracked Core","Thread and Needle","Bloody Idol","Old Coin","Potion Belt","Regal Pillow","Nuclear Battery","Oddly Smooth Stone","Toolbox","Toxic Egg 2","Dream Catcher","Boot","Necronomicon","Smiling Mask"],"potions_floor_usage":[7,13,20,20,23,27,29,30,30,31,31],"damage_taken":[{"damage":2,"enemies":"Jaw Worm","floor":1,"turns":4},{"damage":3,"enemies":"Small Slimes","floor":2,"turns":3},{"damage":0,"enemies":"2 Louse","floor":5,"turns":3},{"damage":29,"enemies":"3 Sentries","floor":7,"turns":8},{"damage":0,"enemies":"Lagavulin","floor":10,"turns":9},{"damage":9,"enemies":"Large Slime","floor":11,"turns":6},{"damage":0,"enemies":"Exordium Thugs","floor":13,"turns":4},{"damage":0,"enemies":"2 Fungi Beasts","floor":14,"turns":3},{"damage":2,"enemies":"The Guardian","floor":16,"turns":12},{"damage":6,"enemies":"Chosen","floor":18,"turns":4},{"damage":7,"enemies":"Colosseum Slavers","floor":20,"turns":5},{"damage":18,"enemies":"Slavers","floor":23,"turns":8},{"damage":31,"enemies":"Book of Stabbing","floor":25,"turns":7},{"damage":0,"enemies":"3 Byrds","floor":27,"turns":4},{"damage":8,"enemies":"Shelled Parasite and Fungi","floor":29,"turns":4},{"damage":9,"enemies":"Snake Plant","floor":30,"turns":4},{"damage":34,"enemies":"Gremlin Leader","floor":31,"turns":7},{"damage":31,"enemies":"Collector","floor":33,"turns":4}],"seed_played":"-9105968409561398184","potions_obtained":[{"floor":1,"key":"SkillPotion"},{"floor":10,"key":"PowerPotion"},{"floor":11,"key":"Fire Potion"},{"floor":13,"key":"Weak Potion"},{"floor":25,"key":"EntropicBrew"},{"floor":30,"key":"Energy Potion"}],"is_trial":false,"path_per_floor":["M","M","?","?","M","R","E","?","T","E","M","?","M","M","R","B",null,"M","?","?","$","?","E","R","E","T","M","?","M","M","E","R","B"],"character_chosen":"DEFECT","items_purchased":["Oddly Smooth Stone","Toolbox","FTL","EssenceOfSteel"],"campfire_rested":3,"item_purchase_floors":[21,21,21,21],"current_hp_per_floor":[66,63,52,52,52,52,23,23,23,23,14,14,14,14,49,47,64,58,58,51,51,56,43,69,43,48,53,37,34,39,10,45,14],"gold":620,"neow_bonus":"UPGRADE_CARD","is_prod":false,"is_daily":false,"chose_seed":false,"campfire_upgraded":1,"win_rate":0,"timestamp":1541528539,"path_taken":["M","M","?","?","M","R","E","?","T","E","M","?","M","M","R","BOSS","M","?","?","$","?","E","R","E","T","M","?","M","M","E","R","BOSS"],"build_version":"2018-11-01","purchased_purges":1,"victory":false,"max_hp_per_floor":[75,75,75,75,75,75,75,69,69,69,69,69,69,69,69,69,69,69,69,69,69,69,69,69,69,69,69,69,69,69,69,69,69],"card_choices":[{"not_picked":["Darkness","Go for the Eyes"],"picked":"Cold Snap","floor":1},{"not_picked":["Doom and Gloom","Aggregate"],"picked":"Loop","floor":2},{"not_picked":["Beam Cell","Hyperbeam"],"picked":"Conserve Battery","floor":5},{"not_picked":["Redo","Turbo"],"picked":"Leap","floor":7},{"not_picked":["Turbo","Tempest"],"picked":"Chill","floor":10},{"not_picked":["Rebound","Melter"],"picked":"Ball Lightning","floor":11},{"not_picked":["Lockon","BootSequence"],"picked":"Rainbow","floor":13},{"not_picked":["Gash","Conserve Battery"],"picked":"Sweeping Beam","floor":14},{"not_picked":["Hyperbeam","All For One"],"picked":"Multi-Cast","floor":16},{"not_picked":["Consume+1","Beam Cell","Skim"],"picked":"SKIP","floor":18},{"not_picked":["Hologram","Beam Cell"],"picked":"Reboot","floor":23},{"not_picked":["Redo+1","Steam Power+1"],"picked":"White Noise+1","floor":25},{"not_picked":["Consume+1","Go for the Eyes+1","Cold Snap"],"picked":"SKIP","floor":27},{"not_picked":["Beam Cell","Barrage"],"picked":"Redo+1","floor":29},{"not_picked":["Compile Driver","Cold Snap"],"picked":"Double Energy+1","floor":30},{"not_picked":["Turbo+1","Compile Driver"],"picked":"Steam Power+1","floor":31},{"not_picked":["Steam+1","Hologram+1"],"picked":"Rainbow+1","floor":32}],"player_experience":1141669,"relics_obtained":[{"floor":7,"key":"Thread and Needle"},{"floor":9,"key":"Old Coin"},{"floor":10,"key":"Potion Belt"},{"floor":23,"key":"Toxic Egg 2"},{"floor":25,"key":"Dream Catcher"},{"floor":26,"key":"Boot"},{"floor":28,"key":"Necronomicon"},{"floor":31,"key":"Smiling Mask"}],"event_choices":[{"damage_healed":0,"gold_gain":75,"player_choice":"Gather Gold","damage_taken":11,"max_hp_gain":0,"max_hp_loss":0,"event_name":"World of Goop","floor":3,"gold_loss":0},{"damage_healed":0,"gold_gain":175,"player_choice":"AGREE","damage_taken":0,"max_hp_gain":0,"max_hp_loss":0,"event_name":"Liars Game","floor":4,"gold_loss":0,"cards_obtained":["Doubt"]},{"damage_healed":0,"gold_gain":0,"player_choice":"Lose Max HP","damage_taken":0,"relics_obtained":["Golden Idol"],"max_hp_gain":0,"max_hp_loss":6,"event_name":"Golden Idol","floor":8,"gold_loss":0},{"damage_healed":0,"gold_gain":0,"player_choice":"Searched \u00272\u0027 times","damage_taken":0,"relics_obtained":["Regal Pillow"],"max_hp_gain":0,"max_hp_loss":0,"event_name":"Dead Adventurer","floor":12,"gold_loss":0},{"damage_healed":0,"gold_gain":0,"player_choice":"Gave Idol","damage_taken":0,"relics_obtained":["Bloody Idol"],"max_hp_gain":0,"max_hp_loss":0,"event_name":"Forgotten Altar","floor":19,"relics_lost":["Golden Idol"],"gold_loss":0},{"damage_healed":0,"gold_gain":0,"player_choice":"Fight","damage_taken":0,"max_hp_gain":0,"max_hp_loss":0,"event_name":"Colosseum","floor":20,"gold_loss":0},{"damage_healed":0,"gold_gain":0,"player_choice":"Fled From Nobs","damage_taken":0,"max_hp_gain":0,"max_hp_loss":0,"event_name":"Colosseum","floor":20,"gold_loss":0},{"damage_healed":0,"gold_gain":99,"player_choice":"Stole From Cult","damage_taken":0,"max_hp_gain":0,"max_hp_loss":0,"event_name":"Nest","floor":22,"gold_loss":0},{"damage_healed":0,"gold_gain":0,"player_choice":"Obtained Book","damage_taken":16,"max_hp_gain":0,"max_hp_loss":0,"event_name":"Cursed Tome","floor":28,"gold_loss":0}],"is_beta":false,"boss_relics":[{"not_picked":["Black Star","Lizard Tail"],"picked":"Nuclear Battery"}],"items_purged_floors":[21],"is_endless":false,"potions_floor_spawned":[1,10,11,13,20,25,30],"killed_by":"Collector","ascension_level":10}