{"gold_per_floor":[118,118,138,41,53,85,85,116,116,5,25,35,110,12,12,12],"floor_reached":16,"playtime":1146,"items_purged":["Strike_R"],"score":182,"play_id":"1aa60ba8-1599-429a-8e51-bf0074d6e563","local_time":"20190220204728","is_ascension_mode":true,"campfire_choices":[{"data":"Anger","floor":7,"key":"SMITH"},{"data":"True Grit","floor":15,"key":"SMITH"}],"neow_cost":"NONE","seed_source_timestamp":671192476017955,"circlet_count":0,"master_deck":["AscendersBane","Strike_R+1","Strike_R","Strike_R","Defend_R","Defend_R","Defend_R","Defend_R","Bash+1","Feel No Pain","Body Slam","Anger+1","Barricade","Inflame","Whirlwind","Feel No Pain","Immolate","Warcry","True Grit+1","Corruption"],"relics":["Burning Blood","Whetstone","Ice Cream","Blue Candle","Self Forming Clay"],"potions_floor_usage":[6,8,16,16,16],"damage_taken":[{"damage":9,"enemies":"Jaw Worm","floor":1,"turns":5},{"damage":1,"enemies":"Cultist","floor":3,"turns":3},{"damage":7,"enemies":"Small Slimes","floor":5,"turns":4},{"damage":23,"enemies":"3 Sentries","floor":6,"turns":11},{"damage":21,"enemies":"Gremlin Nob","floor":8,"turns":4},{"damage":0,"enemies":"2 Fungi Beasts","floor":11,"turns":2},{"damage":8,"enemies":"Gremlin Gang","floor":12,"turns":3},{"damage":37,"enemies":"Hexaghost","floor":16,"turns":9}],"seed_played":"-5932900098422893032","potions_obtained":[{"floor":1,"key":"Weak Potion"},{"floor":3,"key":"Dexterity Potion"},{"floor":12,"key":"EntropicBrew"}],"is_trial":false,"path_per_floor":["M","?","M","$","M","E","R","E","T","$","M","M","?","$","R","B"],"character_chosen":"IRONCLAD","items_purchased":["Body Slam","Whirlwind","Feel No Pain","True Grit","Corruption"],"campfire_rested":0,"item_purchase_floors":[4,10,10,14,14],"current_hp_per_floor":[69,69,74,74,73,56,56,41,41,41,47,45,37,37,37,0],"gold":12,"neow_bonus":"RANDOM_COMMON_RELIC","is_prod":false,"is_daily":false,"chose_seed":false,"campfire_upgraded":2,"win_rate":0,"timestamp":1550724448,"path_taken":["M","?","M","$","M","E","R","E","T","$","?","M","?","?","R","BOSS"],"build_version":"2019-01-23","purchased_purges":1,"victory":false,"max_hp_per_floor":[80,80,80,80,80,80,80,80,80,80,80,80,80,80,80,80],"card_choices":[{"not_picked":["Thunderclap","Rage"],"picked":"Feel No Pain","floor":1},{"not_picked":["Twin Strike","Perfected Strike","Blood for Blood"],"picked":"SKIP","floor":3},{"not_picked":["Metallicize","Spot Weakness"],"picked":"Anger","floor":5},{"not_picked":["Iron Wave","Spot Weakness"],"picked":"Barricade","floor":6},{"not_picked":["Body Slam","Dropkick"],"picked":"Inflame","floor":8},{"not_picked":["Infernal Blade","Havoc"],"picked":"Immolate","floor":11},{"not_picked":["Bloodletting","Hemokinesis"],"picked":"Warcry","floor":12}],"player_experience":648193,"relics_obtained":[{"floor":6,"key":"Ice Cream"},{"floor":8,"key":"Blue Candle"},{"floor":9,"key":"Self Forming Clay"}],"event_choices":[{"cards_removed":["Strike_R"],"damage_healed":0,"gold_gain":0,"player_choice":"Offered Basic","damage_taken":0,"max_hp_gain":0,"max_hp_loss":0,"event_name":"Bonfire Elementals","floor":2,"gold_loss":0},{"damage_healed":0,"gold_gain":75,"player_choice":"Touch","damage_taken":8,"max_hp_gain":0,"max_hp_loss":0,"event_name":"FaceTrader","floor":13,"gold_loss":0}],"is_beta":false,"boss_relics":[],"items_purged_floors":[4],"is_endless":false,"potions_floor_spawned":[1,3,5,12],"killed_by":"Hexaghost","ascension_level":13}