{"gold_per_floor":[116,139,159,334,2,28,28,46,46,46,60,73,108,126,126,224,224,237,217,217,217,237,257,257,283,309,338,338,338,338,86,86,189,189,209,209,225,238,256,256,256],"floor_reached":41,"playtime":4726,"items_purged":["Doubt","Writhe"],"score":799,"play_id":"337920d9-1902-458b-bd98-ebbe03e610b7","local_time":"20190123112803","is_ascension_mode":true,"campfire_choices":[{"data":"Doom and Gloom","floor":7,"key":"SMITH"},{"data":"Consume","floor":15,"key":"SMITH"},{"floor":24,"key":"REST"},{"data":"Turbo","floor":32,"key":"SMITH"},{"floor":40,"key":"REST"}],"neow_cost":"NONE","seed_source_timestamp":1152330332431904,"circlet_count":0,"master_deck":["AscendersBane","Strike_B","Strike_B+1","Defend_B","Defend_B","Defend_B","Zap","Dualcast","Coolheaded","Beam Cell","Doom and Gloom+1","Cold Snap","Consume+1","BootSequence","Auto Shields","Turbo+1","Electrodynamics+1","Tempest","Leap","Reinforced Body","FTL","Ball Lightning+1","Rainbow","Redo","Seek","Force Field+1","Conserve Battery+1","Ball Lightning+1","Coolheaded","Stack+1","Undo"],"relics":["Cracked Core","NeowsBlessing","Smiling Mask","Meat on the Bone","Strawberry","Dodecahedron","FaceOfCleric","Oddly Smooth Stone","Orrery","Whetstone","Blood Vial","FossilizedHelix","Cables","Letter Opener","Nilry\u0027s Codex","Lee\u0027s Waffle","Astrolabe"],"potions_floor_usage":[13,13,27,33,38,39,41],"damage_taken":[{"damage":0,"enemies":"Cultist","floor":1,"turns":1},{"damage":0,"enemies":"Small Slimes","floor":3,"turns":1},{"damage":0,"enemies":"Lagavulin","floor":6,"turns":1},{"damage":0,"enemies":"Jaw Worm","floor":8,"turns":3},{"damage":7,"enemies":"Red Slaver","floor":11,"turns":4},{"damage":8,"enemies":"Exordium Wildlife","floor":12,"turns":4},{"damage":19,"enemies":"Gremlin Nob","floor":13,"turns":4},{"damage":0,"enemies":"Lots of Slimes","floor":14,"turns":4},{"damage":36,"enemies":"Hexaghost","floor":16,"turns":14},{"damage":13,"enemies":"Chosen","floor":18,"turns":5},{"damage":13,"enemies":"2 Thieves","floor":19,"turns":4},{"damage":22,"enemies":"Colosseum Slavers","floor":20,"turns":4},{"damage":9,"enemies":"Snake Plant","floor":22,"turns":5},{"damage":7,"enemies":"Centurion and Healer","floor":23,"turns":8},{"damage":42,"enemies":"Book of Stabbing","floor":25,"turns":6},{"damage":25,"enemies":"Gremlin Leader","floor":27,"turns":6},{"damage":44,"enemies":"Automaton","floor":33,"turns":11},{"damage":0,"enemies":"3 Shapes","floor":35,"turns":2},{"damage":0,"enemies":"Orb Walker","floor":37,"turns":3},{"damage":18,"enemies":"Maw","floor":38,"turns":8},{"damage":34,"enemies":"Jaw Worm Horde","floor":39,"turns":4},{"damage":56,"enemies":"Nemesis","floor":41,"turns":8}],"seed_played":"-9074259475523390964","potions_obtained":[{"floor":3,"key":"FearPotion"},{"floor":6,"key":"Block Potion"},{"floor":25,"key":"Regen Potion"},{"floor":27,"key":"Explosive Potion"},{"floor":33,"key":"AttackPotion"},{"floor":35,"key":"Regen Potion"},{"floor":38,"key":"SneckoOil"},{"floor":39,"key":"SpeedPotion"}],"is_trial":false,"path_per_floor":["M","T","M","?","$","E","R","M","T","?","M","M","E","M","R","B",null,"M","M","?","?","M","M","R","E","T","E","?","T","?","$","R","B",null,"M","?","M","M","M","R","E"],"character_chosen":"DEFECT","items_purchased":["Doom and Gloom","Meat on the Bone","Lee\u0027s Waffle"],"campfire_rested":2,"item_purchase_floors":[5,5,31],"current_hp_per_floor":[68,68,68,68,68,75,75,75,75,75,69,62,44,45,45,22,71,59,47,38,43,47,53,80,51,51,56,56,56,40,101,101,58,91,94,94,97,82,63,94,40],"gold":256,"neow_bonus":"THREE_ENEMY_KILL","is_prod":false,"is_daily":false,"chose_seed":false,"campfire_upgraded":3,"win_rate":0,"timestamp":1548239283,"path_taken":["M","?","M","?","?","E","R","?","T","?","?","M","E","M","R","BOSS","M","M","?","?","?","M","R","E","T","E","?","?","?","$","R","BOSS","M","?","M","?","M","R","E"],"build_version":"2019-01-17v2","purchased_purges":2,"victory":false,"max_hp_per_floor":[75,75,75,75,75,82,82,82,82,82,83,84,85,86,86,87,87,88,89,90,90,91,92,92,93,93,94,94,94,94,101,101,102,102,103,103,104,105,106,106,106],"card_choices":[{"not_picked":["Gash","Chill"],"picked":"Coolheaded","floor":1},{"not_picked":["Go for the Eyes","Stack"],"picked":"Beam Cell","floor":3},{"not_picked":["Stack","Redo"],"picked":"Cold Snap","floor":6},{"not_picked":["Turbo","Steam"],"picked":"Consume","floor":8},{"not_picked":["Sweeping Beam","Compile Driver"],"picked":"BootSequence","floor":11},{"not_picked":["Beam Cell","Fission","Streamline"],"picked":"SKIP","floor":12},{"not_picked":["Heatsinks","Reprogram"],"picked":"Auto Shields","floor":13},{"not_picked":["Consume","Beam Cell"],"picked":"Turbo","floor":14},{"not_picked":["Buffer","Core Surge"],"picked":"Electrodynamics","floor":16},{"not_picked":["Hello World","Gash"],"picked":"Coolheaded","floor":17},{"not_picked":["Steam Power","Coolheaded"],"picked":"Tempest","floor":17},{"not_picked":["Heatsinks","Beam Cell"],"picked":"Leap","floor":18},{"not_picked":["Auto Shields","Darkness"],"picked":"Reinforced Body","floor":19},{"not_picked":["Recycle","Steam"],"picked":"FTL","floor":22},{"not_picked":["Turbo","Streamline+1"],"picked":"Ball Lightning","floor":23},{"not_picked":["Coolheaded","Turbo"],"picked":"Rainbow","floor":25},{"not_picked":["Beam Cell","Sweeping Beam"],"picked":"Redo","floor":27},{"not_picked":["Creative AI","Buffer"],"picked":"Seek","floor":33},{"not_picked":["Go for the Eyes","Gash","Streamline"],"picked":"SKIP","floor":35},{"not_picked":["Stack","Cold Snap"],"picked":"Coolheaded","floor":37},{"not_picked":["Tempest","Ball Lightning"],"picked":"Stack+1","floor":38},{"not_picked":["Cold Snap","Reprogram"],"picked":"Undo","floor":39}],"player_experience":2013264,"relics_obtained":[{"floor":2,"key":"Smiling Mask"},{"floor":6,"key":"Strawberry"},{"floor":9,"key":"Dodecahedron"},{"floor":13,"key":"Oddly Smooth Stone"},{"floor":25,"key":"Whetstone"},{"floor":26,"key":"Blood Vial"},{"floor":27,"key":"FossilizedHelix"},{"floor":29,"key":"Letter Opener"},{"floor":30,"key":"Nilry\u0027s Codex"}],"event_choices":[{"damage_healed":0,"gold_gain":175,"player_choice":"AGREE","damage_taken":0,"max_hp_gain":0,"max_hp_loss":0,"event_name":"Liars Game","floor":4,"gold_loss":0,"cards_obtained":["Doubt"]},{"damage_healed":0,"gold_gain":0,"player_choice":"Trade","damage_taken":0,"relics_obtained":["FaceOfCleric"],"max_hp_gain":0,"max_hp_loss":0,"event_name":"FaceTrader","floor":10,"gold_loss":0},{"damage_healed":0,"gold_gain":0,"player_choice":"Fight","damage_taken":0,"max_hp_gain":0,"max_hp_loss":0,"event_name":"Colosseum","floor":20,"gold_loss":0},{"damage_healed":0,"gold_gain":0,"player_choice":"Fled From Nobs","damage_taken":0,"max_hp_gain":0,"max_hp_loss":0,"event_name":"Colosseum","floor":20,"gold_loss":0},{"cards_removed":["Coolheaded"],"damage_healed":5,"gold_gain":0,"player_choice":"Offered Common","damage_taken":0,"max_hp_gain":0,"max_hp_loss":0,"event_name":"Bonfire Elementals","floor":21,"gold_loss":0},{"cards_removed":["Coolheaded"],"damage_healed":5,"gold_gain":0,"player_choice":"Offered Special","damage_taken":0,"max_hp_gain":0,"max_hp_loss":0,"event_name":"Bonfire Elementals","floor":21,"gold_loss":0},{"damage_healed":0,"gold_gain":0,"player_choice":"Opened","damage_taken":0,"relics_obtained":["Cables"],"max_hp_gain":0,"max_hp_loss":0,"event_name":"The Mausoleum","floor":28,"gold_loss":0,"cards_obtained":["Writhe"]},{"damage_healed":0,"gold_gain":0,"player_choice":"Obtained Book","damage_taken":16,"max_hp_gain":0,"max_hp_loss":0,"event_name":"Cursed Tome","floor":30,"gold_loss":0},{"damage_healed":0,"gold_gain":0,"player_choice":"Upgraded","damage_taken":0,"max_hp_gain":0,"max_hp_loss":0,"event_name":"Upgrade Shrine","floor":36,"gold_loss":0,"cards_upgraded":["Electrodynamics"]}],"is_beta":false,"boss_relics":[{"not_picked":["Pandora\u0027s Box","Nuclear Battery"],"picked":"Orrery"},{"not_picked":["Runic Pyramid","Empty Cage"],"picked":"Astrolabe"}],"items_purged_floors":[5,31],"is_endless":false,"potions_floor_spawned":[3,6,8,12,25,27,33,35,38,39],"killed_by":"Nemesis","ascension_level":12}