{"gold_per_floor":[144,155,168,168,138,138,172,187,260,260,275,301,313,325],"floor_reached":14,"playtime":439,"items_purged":[],"score":200,"play_id":"577fd4e1-a9f5-4f28-8932-3b17e1af8f0b","local_time":"20190220231333","is_ascension_mode":true,"campfire_choices":[{"data":"Zap","floor":6,"key":"SMITH"},{"floor":10,"key":"REST"},{"floor":13,"key":"REST"}],"neow_cost":"NONE","seed_source_timestamp":109674099398146,"circlet_count":0,"master_deck":["AscendersBane","Strike_B","Strike_B","Strike_B","Strike_B","Defend_B","Defend_B","Defend_B","Defend_B","Zap+1","Dualcast","Darkness","Recycle","Gash","Defragment","Echo Form","Gash+1","Sweeping Beam+1"],"relics":["Cracked Core","Tiny Chest","FossilizedHelix","Boot","Molten Egg 2","MawBank"],"potions_floor_usage":[11],"damage_taken":[{"damage":2,"enemies":"Cultist","floor":1,"turns":4},{"damage":12,"enemies":"2 Louse","floor":2,"turns":3},{"damage":15,"enemies":"Small Slimes","floor":3,"turns":4},{"damage":10,"enemies":"Lagavulin","floor":7,"turns":6},{"damage":8,"enemies":"Blue Slaver","floor":8,"turns":4},{"damage":8,"enemies":"Lots of Slimes","floor":11,"turns":4},{"damage":25,"enemies":"3 Sentries","floor":12,"turns":7},{"damage":36,"enemies":"Exordium Thugs","floor":14,"turns":4}],"seed_played":"2000857880774842623","potions_obtained":[{"floor":2,"key":"SpeedPotion"},{"floor":5,"key":"Energy Potion"},{"floor":5,"key":"AttackPotion"},{"floor":8,"key":"FearPotion"}],"is_trial":false,"path_per_floor":["M","M","M","T","?","R","E","M","T","R","M","E","R","M"],"character_chosen":"DEFECT","items_purchased":[],"campfire_rested":2,"item_purchase_floors":[],"current_hp_per_floor":[62,50,35,35,35,35,25,17,17,38,30,5,26,0],"gold":325,"neow_bonus":"RANDOM_COMMON_RELIC","is_prod":false,"is_daily":false,"chose_seed":false,"campfire_upgraded":1,"win_rate":0,"timestamp":1550722413,"path_taken":["M","M","M","?","?","R","E","M","T","R","M","E","R","M"],"build_version":"2019-01-23","purchased_purges":0,"victory":false,"max_hp_per_floor":[71,71,71,71,71,71,71,71,71,71,71,71,71,71],"card_choices":[{"not_picked":["Barrage","Leap"],"picked":"Darkness","floor":1},{"not_picked":["Force Field","Barrage"],"picked":"Recycle","floor":2},{"not_picked":["Barrage","Coolheaded"],"picked":"Gash","floor":3},{"not_picked":["Streamline","Darkness"],"picked":"Defragment","floor":7},{"not_picked":["Barrage","Leap"],"picked":"Echo Form","floor":8},{"not_picked":["Barrage+1","Fusion"],"picked":"Gash+1","floor":11},{"not_picked":["Hello World","Double Energy"],"picked":"Sweeping Beam+1","floor":12}],"player_experience":1241206,"relics_obtained":[{"floor":4,"key":"FossilizedHelix"},{"floor":7,"key":"Boot"},{"floor":9,"key":"Molten Egg 2"},{"floor":12,"key":"MawBank"}],"event_choices":[{"damage_healed":0,"gold_gain":0,"player_choice":"Bought 2 Potions","damage_taken":0,"max_hp_gain":0,"max_hp_loss":0,"event_name":"The Woman in Blue","floor":5,"gold_loss":0}],"is_beta":false,"boss_relics":[],"items_purged_floors":[],"is_endless":false,"potions_floor_spawned":[2,8],"killed_by":"Exordium Thugs","ascension_level":20}