{"gold_per_floor":[109,121,41,41,41,79,153,153,153,192,217,236,236,186,186,312,312,326,425,393,409,63,63],"floor_reached":23,"playtime":2703,"items_purged":[],"score":289,"play_id":"26681209-9a7c-4920-bdda-4a1c209e3005","local_time":"20190221002500","is_ascension_mode":true,"campfire_choices":[{"data":"Noxious Fumes","floor":8,"key":"SMITH"},{"floor":13,"key":"REST"},{"data":"Neutralize","floor":15,"key":"SMITH"}],"neow_cost":"NONE","seed_source_timestamp":500176110198000,"circlet_count":0,"master_deck":["Defend_G","Defend_G","Defend_G","Defend_G","Defend_G+1","Strike_G","Strike_G","Strike_G","Strike_G","Strike_G","Survivor","Neutralize+1","Backflip+1","Backstab","Noxious Fumes+1","Malaise","Dodge and Roll","Dash","Terror","Burst","Crippling Poison","Slice+1","Expertise"],"relics":["Ring of the Snake","NeowsBlessing","Golden Idol","Strawberry","Pen Nib","Pear","Centennial Puzzle","Omamori","Eternal Feather","TwistedFunnel","Anchor"],"potions_floor_usage":[10,16,16],"damage_taken":[{"damage":0,"enemies":"Jaw Worm","floor":1,"turns":1},{"damage":0,"enemies":"2 Louse","floor":2,"turns":1},{"damage":0,"enemies":"Lagavulin","floor":6,"turns":1},{"damage":17,"enemies":"3 Sentries","floor":7,"turns":8},{"damage":17,"enemies":"3 Sentries","floor":10,"turns":8},{"damage":0,"enemies":"Small Slimes","floor":12,"turns":2},{"damage":9,"enemies":"Hexaghost","floor":16,"turns":11},{"damage":10,"enemies":"Shell Parasite","floor":18,"turns":10},{"damage":20,"enemies":"2 Thieves","floor":20,"turns":5},{"damage":12,"enemies":"Chosen and Byrds","floor":21,"turns":8},{"damage":31,"enemies":"Gremlin Leader","floor":23,"turns":8}],"seed_played":"-1249186481043262635","potions_obtained":[{"floor":1,"key":"Energy Potion"},{"floor":6,"key":"Poison Potion"},{"floor":7,"key":"SkillPotion"},{"floor":21,"key":"Ancient Potion"}],"is_trial":false,"path_per_floor":["M","M","$","?","?","E","?","R","T","E","T","M","R","$","R","B",null,"M","?","M","M","$","E"],"character_chosen":"THE_SILENT","items_purchased":["Noxious Fumes","FearPotion","TwistedFunnel","Anchor"],"campfire_rested":1,"item_purchase_floors":[3,14,22,22],"current_hp_per_floor":[63,63,63,63,50,57,40,40,50,33,33,33,57,57,57,48,74,64,64,44,32,32,1],"gold":63,"neow_bonus":"THREE_ENEMY_KILL","is_prod":false,"is_daily":false,"chose_seed":false,"campfire_upgraded":2,"win_rate":0,"timestamp":1550726700,"path_taken":["M","M","$","?","?","E","?","R","T","E","?","M","R","$","R","BOSS","M","?","M","M","$","E"],"build_version":"2019-01-23","purchased_purges":0,"victory":false,"max_hp_per_floor":[70,70,70,65,65,72,72,72,82,82,82,82,82,82,82,82,82,82,82,82,82,82,82],"card_choices":[{"not_picked":["Escape Plan","Quick Slash"],"picked":"Backflip","floor":1},{"not_picked":["Deadly Poison","Poisoned Stab"],"picked":"Backstab","floor":2},{"not_picked":["Catalyst","Skewer"],"picked":"Malaise","floor":6},{"not_picked":["Deadly Poison","Dagger Spray"],"picked":"Dodge and Roll","floor":7},{"not_picked":["Deadly Poison","Dagger Spray"],"picked":"Dash","floor":10},{"not_picked":["Poisoned Stab","Dagger Throw"],"picked":"Terror","floor":12},{"not_picked":["Grand Finale","Venomology"],"picked":"Burst","floor":16},{"not_picked":["Bane","Eviscerate"],"picked":"Crippling Poison","floor":18},{"not_picked":["Sucker Punch","Deadly Poison"],"picked":"Slice+1","floor":20},{"not_picked":["Distraction","Poisoned Stab+1"],"picked":"Expertise","floor":21}],"player_experience":290907,"relics_obtained":[{"floor":6,"key":"Strawberry"},{"floor":7,"key":"Pen Nib"},{"floor":9,"key":"Pear"},{"floor":10,"key":"Centennial Puzzle"},{"floor":11,"key":"Omamori"}],"event_choices":[{"damage_healed":0,"gold_gain":0,"player_choice":"Lose Max HP","damage_taken":0,"relics_obtained":["Golden Idol"],"max_hp_gain":0,"max_hp_loss":5,"event_name":"Golden Idol","floor":4,"gold_loss":0},{"damage_healed":0,"gold_gain":0,"player_choice":"Entered Light","damage_taken":13,"max_hp_gain":0,"max_hp_loss":0,"event_name":"Shining Light","floor":5,"gold_loss":0,"cards_upgraded":["Defend_G","Backflip"]},{"damage_healed":0,"gold_gain":0,"player_choice":"Searched \u00271\u0027 times","damage_taken":0,"max_hp_gain":0,"max_hp_loss":0,"event_name":"Dead Adventurer","floor":7,"gold_loss":0},{"damage_healed":0,"gold_gain":99,"player_choice":"Stole From Cult","damage_taken":0,"max_hp_gain":0,"max_hp_loss":0,"event_name":"Nest","floor":19,"gold_loss":0}],"is_beta":false,"boss_relics":[{"not_picked":["Empty Cage","Runic Dome"],"picked":"Eternal Feather"}],"items_purged_floors":[],"is_endless":false,"potions_floor_spawned":[1,6,7,21],"killed_by":"Gremlin Leader","ascension_level":6}