{"path_per_floor":["M","M","M","M","M","E","?","?","T","R","M","M","?","?","R","B",null,"M","M","M","M","M","E","?","M","T"],"character_chosen":"DEFECT","items_purchased":[],"gold_per_floor":[18,30,43,61,74,106,106,175,175,175,194,214,289,289,289,410,410,410,410,410,410,410,410,410,410,410,410],"floor_reached":27,"campfire_rested":2,"playtime":1776,"item_purchase_floors":[],"current_hp_per_floor":[77,77,75,75,65,33,33,6,6,30,30,35,24,24,50,49,78,78,63,52,52,28,3,3,8,8,0],"items_purged":[],"gold":410,"score":301,"play_id":"bf2eeef9-4cdf-4838-b7e8-c878951b9c79","local_time":"20180620154853","is_prod":false,"is_daily":false,"chose_seed":false,"is_ascension_mode":true,"campfire_upgraded":0,"win_rate":0,"timestamp":1529502533,"campfire_choices":[{"floor":10,"key":"REST"},{"floor":15,"key":"REST"}],"path_taken":["M","M","M","M","M","E","?","?","T","R","M","M","?","?","R","BOSS","M","M","?","M","M","E","?","M","T","M"],"build_version":"2018-06-14v2","seed_source_timestamp":0,"purchased_purges":0,"victory":false,"master_deck":["Strike_B","Strike_B","Strike_B","Strike_B","Defend_B","Defend_B","Defend_B","Defend_B","Zap","Dualcast","Glacier","Redo","FTL","Streamline+1","Go for the Eyes","Glacier","Gash","Gash","Steam","Machine Learning","Beam Cell+1","Doom and Gloom+1","Redo","Steam+1","Sweeping Beam","Defragment"],"max_hp_per_floor":[89,89,89,89,89,89,82,82,82,82,82,87,87,87,87,87,87,87,87,87,87,87,87,87,87,87,87],"special_seed":0,"relics":["Cracked Core","Symbiotic Virus","Golden Idol","Potion Belt","Pen Nib","Ectoplasm","Ornamental Fan","Mummified Hand"],"card_choices":[{"not_picked":["Cold Snap","Stack"],"picked":"Glacier","floor":1},{"not_picked":["Heatsinks","Rebound"],"picked":"Redo","floor":2},{"not_picked":["Thunder Strike","Capacitor"],"picked":"FTL","floor":3},{"not_picked":["Blizzard","BootSequence"],"picked":"Streamline","floor":4},{"not_picked":["Stack","Barrage"],"picked":"Go for the Eyes","floor":5},{"not_picked":["Rebound","Ball Lightning"],"picked":"Glacier","floor":6},{"not_picked":["Redo","Compile Driver"],"picked":"Gash","floor":8},{"not_picked":["Ball Lightning","Cold Snap"],"picked":"Gash","floor":11},{"not_picked":["Buffer","Ball Lightning"],"picked":"Steam","floor":12},{"not_picked":["Biased Cognition","Electrodynamics"],"picked":"Machine Learning","floor":16},{"not_picked":["Turbo","Cold Snap"],"picked":"Beam Cell+1","floor":18},{"not_picked":["Fusion","Skim+1"],"picked":"Doom and Gloom+1","floor":19},{"not_picked":["Glacier","White Noise"],"picked":"Redo","floor":20},{"not_picked":["Stack","Glacier"],"picked":"Steam+1","floor":22},{"not_picked":["Stack","Go for the Eyes"],"picked":"Sweeping Beam","floor":23},{"not_picked":["Heatsinks","Redo"],"picked":"Defragment","floor":25}],"player_experience":757695,"potions_floor_usage":[6,12,16,16,16,21,27],"damage_taken":[{"damage":12.0,"enemies":"Small Slimes","floor":1.0,"turns":3.0},{"damage":0,"enemies":"Jaw Worm","floor":2,"turns":4},{"damage":2,"enemies":"2 Louse","floor":3,"turns":2},{"damage":0,"enemies":"Blue Slaver","floor":4,"turns":4},{"damage":10,"enemies":"2 Fungi Beasts","floor":5,"turns":3},{"damage":32,"enemies":"Gremlin Nob","floor":6,"turns":4},{"damage":27,"enemies":"Lagavulin Event","floor":8,"turns":9},{"damage":0,"enemies":"Looter","floor":11,"turns":3},{"damage":0,"enemies":"Large Slime","floor":12,"turns":5},{"damage":1,"enemies":"Hexaghost","floor":16,"turns":8},{"damage":0,"enemies":"Chosen","floor":18,"turns":5},{"damage":15,"enemies":"3 Byrds","floor":19,"turns":6},{"damage":11,"enemies":"Snake Plant","floor":20,"turns":3},{"damage":0,"enemies":"Centurion and Healer","floor":21,"turns":1},{"damage":24,"enemies":"Chosen and Byrds","floor":22,"turns":4},{"damage":25,"enemies":"Book of Stabbing","floor":23,"turns":6},{"damage":4,"enemies":"Cultist and Chosen","floor":25,"turns":5},{"damage":16,"enemies":"Sentry and Sphere","floor":27,"turns":3}],"relics_obtained":[{"floor":6,"key":"Symbiotic Virus"},{"floor":8,"key":"Potion Belt"},{"floor":9,"key":"Pen Nib"},{"floor":23,"key":"Ornamental Fan"},{"floor":26,"key":"Mummified Hand"}],"event_choices":[{"event_name":"Golden Idol","player_choice":"Lose Max HP","floor":7,"damage_taken":0},{"event_name":"Dead Adventurer","player_choice":"Searched \u00272\u0027 times","floor":8,"damage_taken":0},{"event_name":"World of Goop","player_choice":"Gather Gold","floor":13,"damage_taken":0},{"event_name":"Upgrade Shrine","player_choice":"Upgraded","floor":14,"damage_taken":0},{"event_name":"Golden Shrine","player_choice":"Pray","floor":24,"damage_taken":0}],"boss_relics":[{"not_picked":["Empty Cage","Sozu"],"picked":"Ectoplasm"}],"items_purged_floors":[],"is_endless":false,"potions_floor_spawned":[1,6,8,11,12,18,23,25],"seed_played":"-3185687650627627310","killed_by":"Sentry and Sphere","ascension_level":5,"potions_obtained":[{"floor":1,"key":"PowerPotion"},{"floor":6,"key":"Swift Potion"},{"floor":8,"key":"Ancient Potion"},{"floor":11,"key":"Fruit Juice"},{"floor":12,"key":"Energy Potion"},{"floor":18,"key":"SmokeBomb"},{"floor":23,"key":"FairyPotion"},{"floor":25,"key":"FocusPotion"}],"is_trial":false}