{"gold_per_floor":[119,135,135,146,162,189,189,201,201,201,59,78,78,78,78,173,173,189,189,200,200,212,237,237,250,304,335,352,384,384,404,404,500,500,510,522,622,622,641,671,671,683,683,683,713,713,713,744,744,744],"floor_reached":51,"playtime":6568,"items_purged":["Defend_B"],"score":941,"play_id":"fe95120d-65e0-4b27-9422-f0d894349e2f","local_time":"20180720210407","is_ascension_mode":true,"campfire_choices":[{"data":"Buffer","floor":7.0,"key":"SMITH"},{"data":"Sunder","floor":10.0,"key":"SMITH"},{"data":"Capacitor","floor":13.0,"key":"SMITH"},{"data":"Zap","floor":15.0,"key":"SMITH"},{"data":"Consume","floor":24.0,"key":"SMITH"},{"data":"Glacier","floor":32.0,"key":"SMITH"},{"data":"Buffer","floor":41,"key":"SMITH"},{"data":"Loop","floor":44,"key":"SMITH"},{"data":"Capacitor","floor":49,"key":"SMITH"}],"neow_cost":"NONE","seed_source_timestamp":0,"circlet_count":0,"master_deck":["Strike_B+1","Strike_B+1","Defend_B+1","Defend_B+1","Zap+1","Dualcast+1","Auto Shields","Glacier+1","Consume+1","Electrodynamics","Capacitor+1","Buffer+1","Sunder+1","Double Energy+1","Steam+1","Seek+1","Self Repair+1","FTL+1","White Noise+1","Self Repair+1","Storm+1","Coolheaded+1","Scrape+1","Double Energy+1","Skim+1","Buffer+1","Redo+1","White Noise+1","Steam Power+1","Steam Power+1","Heatsinks","Glacier+1","Chill+1","Loop+1","Redo+1","Fusion+1","Capacitor+1"],"special_seed":0,"relics":["Cracked Core","Toxic Egg 2","Ancient Tea Set","Bottled Lightning","Sozu","Smiling Mask","Pen Nib","Prayer Wheel","Bottled Flame","Black Star","Lantern","Whetstone","Juzu Bracelet","Happy Flower","Oddly Smooth Stone","Boot","Blood Vial","War Paint"],"potions_floor_usage":[50,50],"damage_taken":[{"damage":0.0,"enemies":"Cultist","floor":1.0,"turns":3.0},{"damage":0.0,"enemies":"Small Slimes","floor":2.0,"turns":5.0},{"damage":0.0,"enemies":"Jaw Worm","floor":4.0,"turns":5.0},{"damage":7.0,"enemies":"2 Fungi Beasts","floor":5.0,"turns":2.0},{"damage":8.0,"enemies":"3 Sentries","floor":6.0,"turns":4.0},{"damage":0.0,"enemies":"3 Louse","floor":8.0,"turns":2.0},{"damage":0.0,"enemies":"Large Slime","floor":12.0,"turns":5.0},{"damage":0.0,"enemies":"Slime Boss","floor":16.0,"turns":7.0},{"damage":0.0,"enemies":"2 Thieves","floor":18.0,"turns":3.0},{"damage":0.0,"enemies":"Chosen","floor":20.0,"turns":5.0},{"damage":4.0,"enemies":"Snake Plant","floor":22.0,"turns":4.0},{"damage":16.0,"enemies":"Book of Stabbing","floor":23.0,"turns":7.0},{"damage":6.0,"enemies":"Centurion and Healer","floor":25.0,"turns":5.0},{"damage":13.0,"enemies":"Slavers","floor":27.0,"turns":6.0},{"damage":0.0,"enemies":"3 Cultists","floor":28.0,"turns":3.0},{"damage":6.0,"enemies":"Book of Stabbing","floor":29.0,"turns":5.0},{"damage":10.0,"enemies":"Chosen and Byrds","floor":31.0,"turns":6.0},{"damage":29.0,"enemies":"Collector","floor":33.0,"turns":7.0},{"damage":0,"enemies":"Flame Bruiser 1 Orb","floor":35,"turns":3},{"damage":0,"enemies":"3 Shapes","floor":36,"turns":4},{"damage":31,"enemies":"Flame Bruiser 2 Orb","floor":39,"turns":4},{"damage":0,"enemies":"Giant Head","floor":40,"turns":8},{"damage":0,"enemies":"Maw","floor":42,"turns":5},{"damage":0,"enemies":"2 Orb Walkers","floor":45,"turns":2},{"damage":0,"enemies":"Nemesis","floor":48,"turns":6},{"damage":26,"enemies":"Time Eater","floor":50,"turns":9}],"seed_played":"8587034101570274684","potions_obtained":[{"floor":1.0,"key":"SteroidPotion"},{"floor":5.0,"key":"LiquidBronze"},{"floor":8.0,"key":"Dexterity Potion"},{"floor":16.0,"key":"Weak Potion"}],"is_trial":false,"path_per_floor":["M","M","?","M","M","E","R","M","T","R","$","M","R","?","R","B",null,"M","?","M","?","M","E","R","M","T","E","M","E","?","M","R","B",null,"M","M","?","?","M","E","R","M","T","R","E","?","T","E","R","B"],"character_chosen":"DEFECT","items_purchased":["Double Energy+1"],"campfire_rested":0,"item_purchase_floors":[11],"current_hp_per_floor":[75,75,68,68,61,53,53,53,53,53,53,53,53,38,38,38,75,75,59,59,52,58,52,52,56,56,63,63,75,75,75,75,66,75,75,75,75,75,64,75,75,75,75,75,75,75,75,75,75,69],"gold":744,"neow_bonus":"TRANSFORM_CARD","is_prod":false,"is_daily":false,"chose_seed":false,"campfire_upgraded":9,"win_rate":0,"timestamp":1532088247,"path_taken":["M","?","?","M","M","E","R","M","T","R","?","M","R","?","R","BOSS","M","?","M","?","M","E","R","M","T","E","M","E","?","M","R","BOSS","M","M","?","?","M","E","R","M","T","R","E","?","?","E","R","BOSS"],"build_version":"2018-07-19v2","purchased_purges":1,"victory":true,"max_hp_per_floor":[75,75,75,75,75,75,75,75,75,75,75,75,75,75,75,75,75,75,75,75,75,75,75,75,75,75,75,75,75,75,75,75,75,75,75,75,75,75,75,75,75,75,75,75,75,75,75,75,75,75],"card_choices":[{"not_picked":["Cold Snap","Conserve Battery"],"picked":"Glacier","floor":1.0},{"not_picked":["Leap","Conserve Battery"],"picked":"Consume","floor":2.0},{"not_picked":["Rip and Tear","Sweeping Beam"],"picked":"Electrodynamics","floor":4.0},{"not_picked":["Gash","Sweeping Beam"],"picked":"Capacitor","floor":5.0},{"not_picked":["Go for the Eyes","Auto Shields+1"],"picked":"Buffer","floor":6.0},{"not_picked":["Melter","Redo+1"],"picked":"Sunder","floor":8.0},{"not_picked":["Cold Snap","Go for the Eyes"],"picked":"Steam+1","floor":12.0},{"not_picked":["Electrodynamics","Thunder Strike"],"picked":"Seek+1","floor":16.0},{"not_picked":["Gash","Hologram+1","Barrage"],"picked":"SKIP","floor":18.0},{"not_picked":["Lockon","Leap+1"],"picked":"Self Repair+1","floor":20.0},{"not_picked":["Rebound","Leap+1"],"picked":"FTL","floor":22.0},{"not_picked":["Sunder","Steam+1"],"picked":"White Noise+1","floor":23.0},{"not_picked":["Heatsinks","Biased Cognition"],"picked":"Self Repair+1","floor":25.0},{"not_picked":["Steam+1","Streamline+1"],"picked":"Storm","floor":27.0},{"not_picked":["Go for the Eyes","Turbo+1"],"picked":"Coolheaded+1","floor":28.0},{"not_picked":["Compile Driver+1","Leap+1"],"picked":"Scrape+1","floor":28.0},{"not_picked":["Steam+1","Compile Driver","Reprogram+1"],"picked":"SKIP","floor":29.0},{"not_picked":["Creative AI","Leap+1"],"picked":"Double Energy+1","floor":31.0},{"not_picked":["Steam+1","Go for the Eyes"],"picked":"Skim+1","floor":31.0},{"not_picked":["Amplify+1","Reboot+1"],"picked":"Buffer","floor":33.0},{"not_picked":["Chill+1","Turbo+1"],"picked":"Redo+1","floor":35},{"not_picked":["Rebound+1","Redo+1"],"picked":"White Noise+1","floor":35},{"not_picked":["Sunder","Streamline"],"picked":"Steam Power+1","floor":36},{"not_picked":["Sunder","Streamline"],"picked":"Steam Power+1","floor":36},{"not_picked":["Steam+1","Go for the Eyes+1"],"picked":"Glacier+1","floor":39},{"not_picked":["Sweeping Beam+1","Steam+1"],"picked":"Chill+1","floor":39},{"not_picked":["Go for the Eyes+1","Gash","Melter+1"],"picked":"SKIP","floor":40},{"not_picked":["Genetic Algorithm+1","Doom and Gloom"],"picked":"Loop","floor":42},{"not_picked":["Genetic Algorithm+1","Streamline+1"],"picked":"Redo+1","floor":42},{"not_picked":["Blizzard+1","Double Energy+1"],"picked":"Fusion+1","floor":45},{"not_picked":["Steam+1","Steam Power+1"],"picked":"Capacitor","floor":48}],"player_experience":126236,"relics_obtained":[{"floor":6.0,"key":"Ancient Tea Set"},{"floor":9.0,"key":"Bottled Lightning"},{"floor":23.0,"key":"Smiling Mask"},{"floor":26.0,"key":"Pen Nib"},{"floor":27.0,"key":"Prayer Wheel"},{"floor":29.0,"key":"Bottled Flame"},{"floor":40,"key":"Lantern"},{"floor":40,"key":"Whetstone"},{"floor":43,"key":"Juzu Bracelet"},{"floor":45,"key":"Happy Flower"},{"floor":45,"key":"Oddly Smooth Stone"},{"floor":47,"key":"Boot"},{"floor":48,"key":"Blood Vial"},{"floor":48,"key":"War Paint"}],"event_choices":[{"event_name":"Scrap Ooze","player_choice":"success","floor":3.0,"damage_taken":7.0},{"event_name":"Shining Light","player_choice":"Entered Light","floor":14.0,"damage_taken":0.0},{"event_name":"Cursed Tome","player_choice":"Obtained Book","floor":19.0,"damage_taken":0.0},{"event_name":"Knowing Skull","player_choice":"","floor":21.0,"damage_taken":0.0},{"event_name":"Upgrade Shrine","player_choice":"Upgraded","floor":30.0,"damage_taken":0.0},{"event_name":"Golden Shrine","player_choice":"Pray","floor":37,"damage_taken":0},{"event_name":"Transmorgrifier","player_choice":"Transform","floor":38,"damage_taken":0},{"event_name":"Purifier","player_choice":"One Purge","floor":46,"damage_taken":0}],"is_beta":false,"boss_relics":[{"not_picked":["FrozenCore","Fusion Hammer"],"picked":"Sozu"},{"not_picked":["Snecko Eye","Astrolabe"],"picked":"Black Star"}],"items_purged_floors":[11],"is_endless":false,"potions_floor_spawned":[1,5,8,16,18,23,28,31,33,39,45,48],"ascension_level":1}