{"gold_per_floor":[113,188,203,170,185,185,217,217,264,316,328,328,37,48,48,148,148,163,190,204,277,294,319,319,346,399,414,414,329,348,358,358,463,463,475,697,697,191,191,191,207,232,282,282,31,63,63,81,81,81],"floor_reached":51,"playtime":1658,"items_purged":[],"score":973,"play_id":"31f9366f-0164-4eb2-b9eb-17c3af985b90","local_time":"20180706115227","is_ascension_mode":true,"campfire_choices":[{"data":"Chaos","floor":6.0,"key":"SMITH"},{"data":"Zap","floor":8.0,"key":"SMITH"},{"data":"Dualcast","floor":12.0,"key":"SMITH"},{"data":"Ball Lightning","floor":15.0,"key":"SMITH"},{"floor":24,"key":"REST"},{"floor":28,"key":"REST"},{"floor":32,"key":"REST"},{"data":"Apotheosis","floor":40,"key":"SMITH"},{"data":"Tempest","floor":44,"key":"SMITH"},{"floor":47,"key":"REST"},{"data":"Defragment","floor":49,"key":"SMITH"}],"neow_cost":"","seed_source_timestamp":0,"circlet_count":0,"master_deck":["Strike_B","Strike_B","Strike_B","Strike_B","Defend_B","Defend_B","Defend_B+1","Defend_B","Zap+1","Dualcast+1","Cold Snap","Leap","Chaos+1","Loop","Tempest+1","Thunder Strike","Ball Lightning+1","Electrodynamics","Sweeping Beam","Steam+1","Hologram+1","Leap","Ball Lightning+1","Defragment+1","Streamline","Melter+1","Undo","Electrodynamics","Hello World+1","Apotheosis+1","Leap+1","Chaos+1","Fusion+1","Chaos+1"],"special_seed":0,"relics":["Velvet Choker","Happy Flower","Bag of Preparation","Anchor","Torii","Runic Dome","Red Mask","Cables","Lantern","Matryoshka","Boot","Bronze Scales","Bird Faced Urn","Busted Crown","Potion Belt","Unceasing Top","Pen Nib","Symbiotic Virus","War Paint","Oddly Smooth Stone","Vajra"],"potions_floor_usage":[31,33,33,42,50,50],"damage_taken":[{"damage":12.0,"enemies":"Small Slimes","floor":1.0,"turns":4.0},{"damage":7.0,"enemies":"Jaw Worm","floor":3.0,"turns":4.0},{"damage":0.0,"enemies":"Cultist","floor":5.0,"turns":4.0},{"damage":0.0,"enemies":"Lagavulin","floor":7.0,"turns":7.0},{"damage":6.0,"enemies":"Exordium Thugs","floor":11.0,"turns":4.0},{"damage":0.0,"enemies":"Blue Slaver","floor":14.0,"turns":2.0},{"damage":9.0,"enemies":"The Guardian","floor":16.0,"turns":9.0},{"damage":0.0,"enemies":"Spheric Guardian","floor":18.0,"turns":3.0},{"damage":18.0,"floor":19.0,"turns":3.0},{"damage":12.0,"enemies":"Shell Parasite","floor":20.0,"turns":3.0},{"damage":0,"enemies":"Centurion and Healer","floor":22,"turns":4},{"damage":20,"enemies":"Book of Stabbing","floor":23,"turns":5},{"damage":20,"enemies":"Gremlin Leader","floor":25,"turns":5},{"damage":15,"enemies":"Snake Plant","floor":27,"turns":3},{"damage":0,"enemies":"Cultist and Chosen","floor":30,"turns":4},{"damage":8,"enemies":"Snecko","floor":31,"turns":3},{"damage":9,"enemies":"Automaton","floor":33,"turns":6},{"damage":1,"enemies":"Orb Walker","floor":35,"turns":3},{"damage":0,"enemies":"3 Shapes","floor":41,"turns":2},{"damage":1,"enemies":"Giant Head","floor":42,"turns":5},{"damage":19,"enemies":"Nemesis","floor":46,"turns":7},{"damage":0,"enemies":"Sphere and 2 Shapes","floor":48,"turns":3},{"damage":14,"enemies":"Donu and Deca","floor":50,"turns":6}],"seed_played":"5000877715767241927","potions_obtained":[{"floor":1.0,"key":"PowerPotion"},{"floor":5.0,"key":"Fruit Juice"},{"floor":20.0,"key":"Dexterity Potion"},{"floor":25,"key":"Dexterity Potion"},{"floor":27,"key":"FearPotion"},{"floor":31,"key":"SkillPotion"},{"floor":33,"key":"Weak Potion"}],"is_trial":false,"path_per_floor":["M","?","M","$","M","R","E","R","T","T","M","R","$","M","R","B",null,"M","?","M","T","M","E","R","E","T","M","R","?","M","M","R","B",null,"M","?","T","$","?","R","M","E","T","R","$","E","R","M","R","B"],"character_chosen":"DEFECT","items_purchased":["Chaos","Torii","Apotheosis","Pen Nib","Leap","SpeedPotion","Fire Potion","SteroidPotion","Oddly Smooth Stone","FairyPotion"],"campfire_rested":4,"item_purchase_floors":[],"current_hp_per_floor":[63,52,45,45,45,45,50,50,50,50,44,44,44,44,44,35,69,69,51,39,39,39,19,43,23,23,8,32,32,36,32,56,53,73,78,78,78,78,78,78,80,80,80,80,80,64,80,80,80,70],"gold":81,"neow_bonus":"","is_prod":false,"is_daily":false,"chose_seed":false,"campfire_upgraded":7,"win_rate":0,"timestamp":1530870747,"path_taken":["M","?","M","?","M","R","E","R","T","?","?","R","?","M","R","BOSS","M","?","M","?","?","E","R","E","T","M","R","?","M","M","R","BOSS","M","?","?","$","?","R","M","E","T","R","?","E","R","M","R","BOSS"],"build_version":"2018-07-05","purchased_purges":0,"victory":true,"max_hp_per_floor":[75,75,75,75,75,75,80,80,80,80,80,80,80,80,80,80,80,80,80,80,80,80,80,80,80,80,80,80,80,80,80,80,80,80,80,80,80,80,80,80,80,80,80,80,80,80,80,80,80,80],"card_choices":[{"not_picked":["Storm","Rebound"],"picked":"Cold Snap","floor":1.0},{"not_picked":["Sweeping Beam","Redo"],"picked":"Leap","floor":3.0},{"not_picked":["Hologram","Leap"],"picked":"Loop","floor":5.0},{"not_picked":["Barrage","Loop"],"picked":"Tempest","floor":7.0},{"not_picked":["Beam Cell","Steam"],"picked":"Thunder Strike","floor":11.0},{"not_picked":["Force Field","Gash"],"picked":"Ball Lightning","floor":14.0},{"not_picked":["Thunder Strike","Reboot"],"picked":"Electrodynamics","floor":16.0},{"not_picked":["Compile Driver","Rip and Tear"],"picked":"Sweeping Beam","floor":18.0},{"not_picked":["Beam Cell","Coolheaded"],"picked":"Steam+1","floor":19.0},{"not_picked":["Ball Lightning","Go for the Eyes"],"picked":"Hologram+1","floor":20.0},{"not_picked":["Turbo","Coolheaded"],"picked":"Leap","floor":22},{"not_picked":["Reboot","Steam+1"],"picked":"Ball Lightning+1","floor":23},{"not_picked":["Sweeping Beam","Thunder Strike"],"picked":"Defragment","floor":25},{"not_picked":["Steam","Tempest"],"picked":"Streamline","floor":27},{"not_picked":["Redo","Stack"],"picked":"Melter+1","floor":30},{"not_picked":["Barrage","Stack"],"picked":"Undo","floor":31},{"not_picked":["Creative AI","Amplify"],"picked":"Electrodynamics","floor":33},{"not_picked":[],"picked":"Hello World+1","floor":35},{"not_picked":[],"picked":"Fusion+1","floor":41},{"not_picked":[],"picked":"Chaos+1","floor":42},{"not_picked":["Gash+1"],"picked":"SKIP","floor":46},{"not_picked":["Coolheaded"],"picked":"SKIP","floor":48}],"player_experience":815633,"relics_obtained":[{"floor":7.0,"key":"Happy Flower"},{"floor":9.0,"key":"Bag of Preparation"},{"floor":10.0,"key":"Anchor"},{"floor":19.0,"key":"Red Mask"},{"floor":21,"key":"Cables"},{"floor":23,"key":"Lantern"},{"floor":25,"key":"Matryoshka"},{"floor":26,"key":"Boot"},{"floor":26,"key":"Bronze Scales"},{"floor":37,"key":"Potion Belt"},{"floor":37,"key":"Unceasing Top"},{"floor":42,"key":"Symbiotic Virus"},{"floor":43,"key":"War Paint"},{"floor":46,"key":"Vajra"}],"event_choices":[{"event_name":"World of Goop","player_choice":"Gather Gold","floor":2.0,"damage_taken":0.0},{"event_name":"Masked Bandits","player_choice":"Fought over 163 gold","floor":19.0,"damage_taken":0.0},{"event_name":"Addict","player_choice":"Obtained Relic","floor":29,"damage_taken":0},{"event_name":"Tomb of Lord Red Mask","player_choice":"Wore Mask","floor":36,"damage_taken":0},{"event_name":"Duplicator","player_choice":"One dupe","floor":39,"damage_taken":0}],"boss_relics":[{"not_picked":["Tiny House","Lizard Tail"],"picked":"Runic Dome"},{"not_picked":["Coffee Dripper","Fusion Hammer"],"picked":"Busted Crown"}],"items_purged_floors":[],"is_endless":false,"potions_floor_spawned":[1,5,20,25,27,31,33,41,46,48],"ascension_level":5}