{"gold_per_floor":[367,7,18,18,37,66,66,84,109,184,184,184,209,221,221,221],"floor_reached":16,"playtime":599,"items_purged":[],"score":110,"play_id":"0e05fcba-b82d-4f78-b79f-41a0598f665d","local_time":"20190805093510","is_ascension_mode":false,"campfire_choices":[{"data":"Ghostly Armor","floor":7,"key":"SMITH"},{"floor":11,"key":"REST"},{"data":"Ghostly Armor","floor":15,"key":"SMITH"}],"neow_cost":"TEN_PERCENT_HP_LOSS","seed_source_timestamp":1126150483623989,"circlet_count":0,"master_deck":["Strike_R","Strike_R","Strike_R","Strike_R","Strike_R","Defend_R","Defend_R","Defend_R","Defend_R","Bash","Headbutt","Dramatic Entrance","Carnage","Ghostly Armor+1","Wild Strike","Perfected Strike+1","Ghostly Armor+1"],"relics":["Burning Blood","HandDrill","Centennial Puzzle","Strawberry","Vajra"],"potions_floor_usage":[6,13,16],"damage_taken":[{"damage":2,"enemies":"2 Louse","floor":1,"turns":5},{"damage":8,"enemies":"Jaw Worm","floor":3,"turns":4},{"damage":10,"enemies":"Small Slimes","floor":5,"turns":2},{"damage":22,"enemies":"3 Sentries","floor":6,"turns":10},{"damage":16,"enemies":"Exordium Wildlife","floor":8,"turns":4},{"damage":13,"enemies":"Lagavulin","floor":13,"turns":4},{"damage":0,"enemies":"Large Slime","floor":14,"turns":4},{"damage":88,"enemies":"The Guardian","floor":16,"turns":12}],"seed_played":"9206748303503329976","potions_obtained":[{"floor":3,"key":"Regen Potion"},{"floor":6,"key":"LiquidBronze"},{"floor":13,"key":"Ancient Potion"}],"is_trial":false,"path_per_floor":["M","$","M","?","M","E","R","M","T","?","R","?","E","M","R","B"],"character_chosen":"IRONCLAD","items_purchased":["HandDrill","Dramatic Entrance","Carnage"],"campfire_rested":1,"item_purchase_floors":[2,2,2],"current_hp_per_floor":[72,72,70,75,71,67,67,57,64,53,78,78,71,77,77,0],"gold":221,"neow_bonus":"TWO_FIFTY_GOLD","is_prod":false,"is_daily":false,"chose_seed":false,"campfire_upgraded":2,"win_rate":0,"timestamp":1565012110,"path_taken":["M","$","M","?","M","E","R","M","T","?","R","?","E","M","R","BOSS"],"build_version":"2019-06-28","purchased_purges":0,"victory":false,"max_hp_per_floor":[72,72,72,77,77,77,77,77,84,84,84,84,84,84,84,84],"card_choices":[{"not_picked":["Wild Strike","Disarm"],"picked":"Headbutt","floor":1},{"not_picked":["Searing Blow","Flex"],"picked":"Ghostly Armor","floor":3},{"not_picked":["Fire Breathing","Iron Wave"],"picked":"Wild Strike","floor":5},{"not_picked":["Body Slam","Metallicize","Sword Boomerang"],"picked":"SKIP","floor":6},{"not_picked":["Corruption","Warcry"],"picked":"Perfected Strike","floor":8},{"not_picked":["Wild Strike","Clash"],"picked":"Ghostly Armor","floor":13},{"not_picked":["Thunderclap","Clash","Warcry"],"picked":"SKIP","floor":14}],"player_experience":20101,"relics_obtained":[{"floor":6,"key":"Centennial Puzzle"},{"floor":9,"key":"Strawberry"},{"floor":13,"key":"Vajra"}],"event_choices":[{"damage_healed":0,"gold_gain":0,"player_choice":"Donut","damage_taken":0,"max_hp_gain":5,"max_hp_loss":0,"event_name":"Big Fish","floor":4,"gold_loss":0},{"damage_healed":0,"gold_gain":75,"player_choice":"Gather Gold","damage_taken":11,"max_hp_gain":0,"max_hp_loss":0,"event_name":"World of Goop","floor":10,"gold_loss":0},{"damage_healed":0,"gold_gain":0,"player_choice":"Grow","damage_taken":0,"max_hp_gain":0,"max_hp_loss":0,"event_name":"Living Wall","floor":12,"gold_loss":0,"cards_upgraded":["Perfected Strike"]}],"is_beta":true,"boss_relics":[],"items_purged_floors":[],"is_endless":false,"potions_floor_spawned":[3,6,13],"killed_by":"The Guardian","ascension_level":0}