{"gold_per_floor":[116,116,72,84,159,184,184,194,194,211,211,136,162,175,175,246,246,264,38,38,58,75,93,93,127,127,127,27,46,46,64,64,137,137,149,149,167,77,77,77,90,90,116,147,247,0,18,18,18,18],"floor_reached":51,"playtime":2622,"items_purged":["Strike_G","Decay"],"score":1426,"play_id":"2fd1f911-1104-4d56-9e0e-176bfef1129e","local_time":"20181111134807","is_ascension_mode":true,"campfire_choices":[{"data":"Dagger Spray","floor":7.0,"key":"SMITH"},{"data":"Predator","floor":15.0,"key":"SMITH"},{"floor":30.0,"key":"REST"},{"data":"Well Laid Plans","floor":32.0,"key":"SMITH"},{"data":"Tactician","floor":40.0,"key":"SMITH"},{"data":"Footwork","floor":42.0,"key":"SMITH"},{"floor":49.0,"key":"REST"}],"neow_cost":"NONE","seed_source_timestamp":16491846219688,"circlet_count":0,"master_deck":["AscendersBane","Survivor","Neutralize+1","Well Laid Plans+1","Dagger Spray+1","Terror","Footwork+1","Predator+1","PiercingWail","Corpse Explosion","Escape Plan","Slice","Flechettes","Outmaneuver","Masterful Stab","Backflip","Dagger Spray","Dagger Throw","Backflip","Tools of the Trade","Quick Slash+1","Dodge and Roll+1","Blur+1","PiercingWail+1","Tactician+1","Pain","Clumsy"],"special_seed":0,"relics":["Ring of the Snake","NeowsBlessing","Mummified Hand","Turnip","Dead Branch","Pandora\u0027s Box","Mango","Ornamental Fan","Cursed Key","WarpedTongs","Gambling Chip","Unceasing Top","Red Mask"],"potions_floor_usage":[50],"damage_taken":[{"damage":0.0,"enemies":"2 Louse","floor":1.0,"turns":1.0},{"damage":0.0,"enemies":"Small Slimes","floor":4.0,"turns":1.0},{"damage":0.0,"enemies":"Gremlin Nob","floor":6.0,"turns":1.0},{"damage":2.0,"enemies":"Jaw Worm","floor":8.0,"turns":4.0},{"damage":0.0,"enemies":"Looter","floor":10.0,"turns":4.0},{"damage":0.0,"enemies":"Lagavulin","floor":13.0,"turns":8.0},{"damage":0.0,"enemies":"2 Fungi Beasts","floor":14.0,"turns":3.0},{"damage":16.0,"enemies":"Slime Boss","floor":16.0,"turns":11.0},{"damage":0.0,"enemies":"Spheric Guardian","floor":18.0,"turns":3.0},{"damage":1.0,"enemies":"3 Byrds","floor":21.0,"turns":3.0},{"damage":13.0,"enemies":"Centurion and Healer","floor":22.0,"turns":3.0},{"damage":0.0,"enemies":"3 Cultists","floor":23.0,"turns":2.0},{"damage":17.0,"enemies":"Slavers","floor":25.0,"turns":2.0},{"damage":8.0,"enemies":"Colosseum Slavers","floor":27.0,"turns":5.0},{"damage":5.0,"enemies":"Shelled Parasite and Fungi","floor":29.0,"turns":4.0},{"damage":1.0,"enemies":"Chosen and Byrds","floor":31.0,"turns":3.0},{"damage":39.0,"enemies":"Automaton","floor":33.0,"turns":13.0},{"damage":3.0,"enemies":"Orb Walker","floor":35.0,"turns":3.0},{"damage":4.0,"enemies":"3 Shapes","floor":37.0,"turns":4.0},{"damage":1.0,"enemies":"Maw","floor":41.0,"turns":7.0},{"damage":13.0,"enemies":"Nemesis","floor":44.0,"turns":8.0},{"damage":0.0,"enemies":"Mind Bloom Boss Battle","floor":45.0,"turns":5.0},{"damage":8.0,"enemies":"Spire Growth","floor":47.0,"turns":5.0},{"damage":16,"enemies":"Time Eater","floor":50,"turns":16}],"seed_played":"-2665880028692783056","potions_obtained":[{"floor":6.0,"key":"Energy Potion"},{"floor":14.0,"key":"SkillPotion"},{"floor":21.0,"key":"Fruit Juice"},{"floor":22.0,"key":"Swift Potion"},{"floor":23.0,"key":"AttackPotion"},{"floor":31.0,"key":"SpeedPotion"},{"floor":33.0,"key":"PowerPotion"},{"floor":35.0,"key":"Swift Potion"},{"floor":45.0,"key":"GamblersBrew"}],"is_trial":false,"path_per_floor":["M","?","$","M","?","E","E","R","M","T","M","T","$","E","M","R","B",null,"M","$","?","M","M","M","?","E","T","?","$","M","R","M","R","B",null,"M","?","M","$","?","R","M","R","T","E","?","?","M","?","R","B",null],"character_chosen":"THE_SILENT","items_purchased":["Well Laid Plans","Tools of the Trade","Dexterity Potion","Tactician"],"campfire_rested":2,"item_purchase_floors":[3,19,19,38],"current_hp_per_floor":[59,39,39,39,28,28,28,26,26,26,26,26,26,26,26,10,52,52,52,52,56,43,43,43,40,40,32,32,27,52,51,51,12,67,64,64,60,60,60,60,59,59,59,46,46,46,38,38,63,47],"gold":18,"neow_bonus":"THREE_ENEMY_KILL","is_prod":false,"is_daily":false,"chose_seed":false,"campfire_upgraded":5,"win_rate":0,"timestamp":1541915287,"path_taken":["M","?","$","M","?","E","R","M","T","M","?","$","E","M","R","BOSS","M","$","?","M","M","M","?","E","T","?","$","M","R","M","R","BOSS","M","?","M","$","?","R","?","R","T","E","?","?","M","?","R","BOSS"],"build_version":"2018-11-08","purchased_purges":2,"victory":true,"max_hp_per_floor":[66,66,66,66,66,66,66,66,66,66,66,66,66,66,66,66,66,66,66,66,71,71,71,71,85,85,85,85,85,85,85,85,85,85,85,85,85,85,85,85,85,85,85,85,85,85,85,85,85,85],"card_choices":[{"not_picked":["PiercingWail","Quick Slash","Outmaneuver"],"picked":"SKIP","floor":1.0},{"not_picked":["Quick Slash","Escape Plan"],"picked":"Dagger Spray","floor":4.0},{"not_picked":["Accuracy","Slice","Wraith Form v2"],"picked":"SKIP","floor":6.0},{"not_picked":["Slice","Cloak And Dagger"],"picked":"Terror","floor":8.0},{"not_picked":["Blade Dance","Slice"],"picked":"Footwork","floor":10.0},{"not_picked":["Slice","Night Terror"],"picked":"Predator","floor":13.0},{"not_picked":["Bane","Dagger Throw"],"picked":"PiercingWail","floor":14.0},{"not_picked":["Glass Knife","Envenom"],"picked":"Corpse Explosion","floor":16.0},{"not_picked":["Poisoned Stab","Deflect","Bane"],"picked":"SKIP","floor":18.0},{"not_picked":["Predator","Eviscerate"],"picked":"Quick Slash+1","floor":21.0},{"not_picked":["Deflect","Predator+1","Dagger Throw"],"picked":"SKIP","floor":22.0},{"not_picked":["Masterful Stab","Leg Sweep"],"picked":"Dodge and Roll+1","floor":23.0},{"not_picked":["Acrobatics","Deadly Poison","Wraith Form v2"],"picked":"SKIP","floor":25.0},{"not_picked":["Slice","Dagger Throw","Flying Knee"],"picked":"SKIP","floor":29.0},{"not_picked":["Dagger Throw+1","Outmaneuver"],"picked":"Blur+1","floor":31.0},{"not_picked":["Deadly Poison+1","Acrobatics","Well Laid Plans"],"picked":"SKIP","floor":35.0},{"not_picked":["Poisoned Stab","Masterful Stab"],"picked":"PiercingWail+1","floor":37.0},{"not_picked":["Outmaneuver","Quick Slash+1","Flying Knee"],"picked":"SKIP","floor":41.0},{"not_picked":["Backflip","Blur","Dagger Throw"],"picked":"SKIP","floor":44.0},{"not_picked":["Dagger Spray+1","Blade Dance","Underhanded Strike"],"picked":"SKIP","floor":47.0}],"player_experience":529467,"relics_obtained":[{"floor":9.0,"key":"Mummified Hand"},{"floor":11.0,"key":"Turnip"},{"floor":13.0,"key":"Dead Branch"},{"floor":25.0,"key":"Mango"},{"floor":26.0,"key":"Ornamental Fan"},{"floor":44.0,"key":"Gambling Chip"},{"floor":45.0,"key":"Unceasing Top"}],"event_choices":[{"damage_healed":0.0,"max_hp_gain":0.0,"max_hp_loss":0.0,"gold_gain":0.0,"event_name":"Shining Light","player_choice":"Entered Light","floor":2.0,"gold_loss":0.0,"damage_taken":20.0,"cards_upgraded":["Neutralize","Defend_G"]},{"damage_healed":0.0,"max_hp_gain":0.0,"max_hp_loss":0.0,"gold_gain":75.0,"event_name":"World of Goop","player_choice":"Gather Gold","floor":5.0,"gold_loss":0.0,"damage_taken":11.0},{"damage_healed":0.0,"max_hp_gain":0.0,"max_hp_loss":0.0,"gold_gain":0.0,"event_name":"Forgotten Altar","player_choice":"Smashed Altar","floor":24.0,"gold_loss":0.0,"damage_taken":0.0,"cards_obtained":["Decay"]},{"damage_healed":0.0,"max_hp_gain":0.0,"max_hp_loss":0.0,"gold_gain":0.0,"event_name":"Colosseum","player_choice":"Fight","floor":27.0,"gold_loss":0.0,"damage_taken":0.0},{"damage_healed":0.0,"max_hp_gain":0.0,"max_hp_loss":0.0,"gold_gain":0.0,"event_name":"Colosseum","player_choice":"Fled From Nobs","floor":27.0,"gold_loss":0.0,"damage_taken":0.0},{"damage_healed":0.0,"max_hp_gain":0.0,"max_hp_loss":0.0,"gold_gain":0.0,"event_name":"SensoryStone","player_choice":"Memory 1","floor":36.0,"gold_loss":0.0,"damage_taken":0.0},{"damage_healed":0.0,"max_hp_gain":0.0,"max_hp_loss":0.0,"gold_gain":0.0,"event_name":"Accursed Blacksmith","player_choice":"Rummage","floor":39.0,"gold_loss":0.0,"damage_taken":0.0,"relics_obtained":["WarpedTongs"],"cards_obtained":["Pain"]},{"damage_healed":0.0,"max_hp_gain":0.0,"max_hp_loss":0.0,"gold_gain":0.0,"event_name":"MindBloom","player_choice":"Fight","floor":45.0,"gold_loss":0.0,"damage_taken":0.0},{"damage_healed":0.0,"max_hp_gain":0.0,"max_hp_loss":0.0,"gold_gain":0.0,"event_name":"Tomb of Lord Red Mask","player_choice":"Paid","floor":46.0,"gold_loss":247.0,"damage_taken":0.0,"relics_obtained":["Red Mask"]},{"damage_healed":0.0,"max_hp_gain":0.0,"max_hp_loss":0.0,"gold_gain":0.0,"event_name":"Mysterious Sphere","player_choice":"Ignored","floor":48.0,"gold_loss":0.0,"damage_taken":0.0}],"is_beta":true,"boss_relics":[{"not_picked":["Velvet Choker","HoveringKite"],"picked":"Pandora\u0027s Box"},{"not_picked":["Sozu","White Beast Statue"],"picked":"Cursed Key"}],"items_purged_floors":[12,28],"is_endless":false,"potions_floor_spawned":[6,14,21,22,23,27,31,33,35,45],"ascension_level":17}