{"gold_per_floor":[115,115,115,127,145,171,171,171,171,171,184,109,122,156,156,257,257,268,282,302,402,402],"floor_reached":22,"playtime":1350,"items_purged":["Strike_R"],"score":196,"play_id":"18073763-220d-4311-b445-2f2fac4f9dc0","local_time":"20190806213344","is_ascension_mode":false,"campfire_choices":[{"floor":7,"key":"RECALL"},{"floor":10,"key":"REST"},{"floor":15,"key":"REST"}],"neow_cost":"NONE","seed_source_timestamp":73674160404581,"circlet_count":0,"master_deck":["Strike_R","Strike_R","Strike_R","Strike_R","Defend_R","Defend_R","Defend_R","Inflame","Carnage","Immolate","Armaments","Rampage","Armaments","Feed","Iron Wave+1"],"relics":["Philosopher\u0027s Stone","Question Card","Juzu Bracelet"],"potions_floor_usage":[14,16,19,20],"damage_taken":[{"damage":0,"enemies":"Small Slimes","floor":1,"turns":3},{"damage":2,"enemies":"Cultist","floor":4,"turns":4},{"damage":1,"enemies":"2 Louse","floor":5,"turns":2},{"damage":42,"enemies":"Gremlin Nob","floor":6,"turns":5},{"damage":9,"enemies":"Red Slaver","floor":11,"turns":2},{"damage":0,"enemies":"2 Fungi Beasts","floor":13,"turns":1},{"damage":25,"enemies":"Lagavulin","floor":14,"turns":5},{"damage":50,"enemies":"Slime Boss","floor":16,"turns":9},{"damage":18,"enemies":"Shell Parasite","floor":18,"turns":5},{"damage":6,"enemies":"Spheric Guardian","floor":19,"turns":3},{"damage":25,"enemies":"Snake Plant","floor":20,"turns":4},{"damage":36,"enemies":"Shelled Parasite and Fungi","floor":22,"turns":5}],"seed_played":"7798887880010472836","potions_obtained":[{"floor":1,"key":"PowerPotion"},{"floor":4,"key":"BloodPotion"},{"floor":11,"key":"Block Potion"},{"floor":13,"key":"Explosive Potion"},{"floor":14,"key":"LiquidBronze"},{"floor":18,"key":"LiquidBronze"}],"is_trial":false,"path_per_floor":["M","?","?","M","M","E","R","?","T","R","M","$","M","E","R","B",null,"M","M","M","?","M"],"character_chosen":"IRONCLAD","items_purchased":[],"campfire_rested":2,"item_purchase_floors":[],"current_hp_per_floor":[80,80,80,78,77,35,35,35,35,59,50,50,50,45,69,19,80,62,56,31,31,0],"gold":402,"neow_bonus":"BOSS_RELIC","is_prod":false,"is_daily":false,"chose_seed":false,"campfire_upgraded":0,"win_rate":0,"timestamp":1565141624,"path_taken":["M","?","?","?","M","E","R","?","T","R","?","$","M","E","R","BOSS","M","M","M","?","M"],"build_version":"2019-07-17","purchased_purges":1,"victory":false,"max_hp_per_floor":[80,80,80,80,80,80,80,80,80,80,80,80,80,80,80,80,80,80,80,80,80,83],"card_choices":[{"not_picked":["Dual Wield","Thunderclap","Dropkick"],"picked":"SKIP","floor":1},{"not_picked":["Armaments","Warcry"],"picked":"Inflame","floor":4},{"not_picked":["True Grit","Reckless Charge"],"picked":"Carnage","floor":5},{"not_picked":["Second Wind","Clothesline"],"picked":"Immolate","floor":6},{"not_picked":["Infernal Blade","Iron Wave","Anger"],"picked":"Armaments","floor":11},{"not_picked":["Perfected Strike","Clash","Flex"],"picked":"Rampage","floor":13},{"not_picked":["Heavy Blade","Warcry","Wild Strike"],"picked":"Armaments","floor":14},{"not_picked":["Demon Form","Double Tap","Limit Break"],"picked":"Feed","floor":16},{"not_picked":["Thunderclap","Pummel","Twin Strike","Armaments"],"picked":"SKIP","floor":18},{"not_picked":["Flex","Iron Wave","Metallicize","Disarm"],"picked":"SKIP","floor":19},{"not_picked":["Thunderclap+1","Searing Blow","Flex"],"picked":"Iron Wave+1","floor":20}],"player_experience":31570,"relics_obtained":[{"floor":6,"key":"Question Card"},{"floor":14,"key":"Juzu Bracelet"}],"event_choices":[{"damage_healed":0,"gold_gain":0,"player_choice":"Ignored","damage_taken":0,"max_hp_gain":0,"max_hp_loss":0,"event_name":"Liars Game","floor":2,"gold_loss":0},{"cards_removed":["Bash"],"damage_healed":0,"gold_gain":0,"player_choice":"Offered Basic","damage_taken":0,"max_hp_gain":0,"max_hp_loss":0,"event_name":"Bonfire Elementals","floor":3,"gold_loss":0},{"cards_removed":["Defend_R"],"damage_healed":0,"gold_gain":0,"player_choice":"Card Removal","damage_taken":0,"max_hp_gain":0,"max_hp_loss":0,"event_name":"Wheel of Change","floor":8,"gold_loss":0},{"damage_healed":0,"gold_gain":100,"player_choice":"Pray","damage_taken":0,"max_hp_gain":0,"max_hp_loss":0,"event_name":"Golden Shrine","floor":21,"gold_loss":0}],"is_beta":false,"boss_relics":[{"not_picked":["Cursed Key","Velvet Choker","Runic Pyramid"]}],"items_purged_floors":[12],"is_endless":false,"potions_floor_spawned":[1,4,11,13,14,18],"killed_by":"Shelled Parasite and Fungi","ascension_level":0}