{"gold_per_floor":[115,115,115,130,50,50,125,125,177,192,217,217,231,243,243,320,320,332,342,355,375,375,375,2,37,37,37,37,37,72,89,89,89],"floor_reached":33,"playtime":1570,"items_purged":["Strike_G"],"score":551,"play_id":"26599ba2-7e58-489f-ac33-cc1cfa873eef","local_time":"20190309223800","is_ascension_mode":true,"campfire_choices":[{"data":"Predator","floor":6.0,"key":"SMITH"},{"data":"Neutralize","floor":8.0,"key":"SMITH"},{"data":"Masterful Stab","floor":12.0,"key":"SMITH"},{"data":"Leg Sweep","floor":15.0,"key":"SMITH"},{"floor":23.0,"key":"REST"},{"data":"Noxious Fumes","floor":28,"key":"SMITH"},{"floor":32,"key":"REST"}],"neow_cost":"NONE","seed_source_timestamp":1222556962339,"circlet_count":0,"master_deck":["AscendersBane","Defend_G","Defend_G","Defend_G","Defend_G","Defend_G","Strike_G","Strike_G","Survivor","Neutralize+1","Masterful Stab+1","Leg Sweep+1","Backflip","Predator+1","Heel Hook","Deadly Poison+1","Bouncing Flask+1","Acrobatics+1","PiercingWail+1","Dodge and Roll+1","Terror+1","Noxious Fumes+1","Grand Finale+1"],"special_seed":0,"relics":["Ring of the Snake","Pen Nib","Toxic Egg 2","Philosopher\u0027s Stone","MutagenicStrength","Bag of Marbles","Red Mask","Molten Egg 2","Happy Flower"],"potions_floor_usage":[25,33],"damage_taken":[{"damage":0.0,"enemies":"2 Louse","floor":1.0,"turns":3.0},{"damage":6.0,"enemies":"Small Slimes","floor":4.0,"turns":4.0},{"damage":0.0,"enemies":"Jaw Worm","floor":10.0,"turns":4.0},{"damage":7.0,"enemies":"3 Sentries","floor":11.0,"turns":6.0},{"damage":0.0,"enemies":"Exordium Thugs","floor":13.0,"turns":3.0},{"damage":4.0,"enemies":"Large Slime","floor":14.0,"turns":4.0},{"damage":0.0,"enemies":"Slime Boss","floor":16.0,"turns":6.0},{"damage":11.0,"enemies":"Spheric Guardian","floor":18.0,"turns":4.0},{"damage":0.0,"enemies":"Shell Parasite","floor":19.0,"turns":4.0},{"damage":15.0,"enemies":"Shelled Parasite and Fungi","floor":20.0,"turns":7.0},{"damage":0.0,"enemies":"Chosen and Byrds","floor":21.0,"turns":5.0},{"damage":17,"enemies":"Masked Bandits","floor":25,"turns":5},{"damage":20,"enemies":"Book of Stabbing","floor":30,"turns":6},{"damage":0,"enemies":"Snecko","floor":31,"turns":2},{"damage":34,"enemies":"Champ","floor":33,"turns":10}],"seed_played":"-6446183584570835697","potions_obtained":[{"floor":10.0,"key":"SkillPotion"},{"floor":13.0,"key":"GhostInAJar"},{"floor":20.0,"key":"Block Potion"},{"floor":30,"key":"Strength Potion"}],"is_trial":false,"path_per_floor":["M","?","?","M","$","R","?","R","T","M","E","R","M","M","R","B",null,"M","M","M","M","?","R","$","?","T","$","R","?","E","M","R","B"],"character_chosen":"THE_SILENT","items_purchased":["Predator","Bag of Marbles","Terror+1","Noxious Fumes"],"campfire_rested":2,"item_purchase_floors":[5,24,24,24],"current_hp_per_floor":[59,59,59,53,53,53,42,42,42,42,35,35,35,31,31,31,57,46,46,31,31,31,50,50,33,33,33,33,33,13,13,32,0],"gold":89,"neow_bonus":"REMOVE_CARD","is_prod":false,"is_daily":false,"chose_seed":false,"campfire_upgraded":5,"win_rate":0,"timestamp":1552142280,"path_taken":["M","?","?","M","$","R","?","R","T","?","E","R","M","M","R","BOSS","M","M","M","M","?","R","$","?","T","?","R","?","E","M","R","BOSS"],"build_version":"2019-02-06","purchased_purges":1,"victory":false,"max_hp_per_floor":[66,66,66,66,66,66,66,66,66,66,66,66,66,66,66,66,66,66,66,66,66,66,66,66,66,66,66,66,66,66,66,66,66],"card_choices":[{"not_picked":["Sucker Punch","PiercingWail"],"picked":"Masterful Stab","floor":1.0},{"not_picked":["Crippling Poison","Underhanded Strike"],"picked":"Backflip","floor":4.0},{"not_picked":["PiercingWail","Heel Hook","Phantasmal Killer"],"picked":"SKIP","floor":10.0},{"not_picked":["PiercingWail","Phantasmal Killer"],"picked":"Heel Hook","floor":10.0},{"not_picked":["Underhanded Strike","Distraction"],"picked":"Deadly Poison","floor":11.0},{"not_picked":["Masterful Stab","Backflip+1","Dash"],"picked":"SKIP","floor":13.0},{"not_picked":["Tactician+1","Infinite Blades"],"picked":"Bouncing Flask+1","floor":14.0},{"not_picked":["Tactician+1","Skewer"],"picked":"Acrobatics+1","floor":18.0},{"not_picked":["Deflect+1","Dodge and Roll+1"],"picked":"PiercingWail+1","floor":19.0},{"not_picked":["Leg Sweep+1","Setup+1"],"picked":"Dodge and Roll+1","floor":20.0},{"not_picked":["Poisoned Stab","Dodge and Roll+1","Distraction+1"],"picked":"SKIP","floor":21.0},{"not_picked":["Sucker Punch+1","Poisoned Stab+1","Acrobatics+1"],"picked":"SKIP","floor":30},{"not_picked":["Footwork","Underhanded Strike+1"],"picked":"Grand Finale+1","floor":31}],"player_experience":844754,"relics_obtained":[{"floor":9.0,"key":"Pen Nib"},{"floor":11.0,"key":"Toxic Egg 2"},{"floor":25,"key":"Red Mask"},{"floor":26,"key":"Molten Egg 2"},{"floor":30,"key":"Happy Flower"}],"event_choices":[{"damage_healed":0.0,"max_hp_gain":0.0,"max_hp_loss":0.0,"gold_gain":0.0,"event_name":"The Cleric","player_choice":"Leave","floor":2.0,"gold_loss":0.0,"damage_taken":0.0},{"damage_healed":0.0,"max_hp_gain":0.0,"max_hp_loss":0.0,"gold_gain":0.0,"cards_transformed":["Strike_G"],"event_name":"Living Wall","player_choice":"Change","floor":3.0,"gold_loss":0.0,"damage_taken":0.0,"cards_obtained":["Leg Sweep"]},{"damage_healed":0.0,"max_hp_gain":0.0,"max_hp_loss":0.0,"gold_gain":75.0,"event_name":"World of Goop","player_choice":"Gather Gold","floor":7.0,"gold_loss":0.0,"damage_taken":11.0},{"damage_healed":0.0,"max_hp_gain":0.0,"max_hp_loss":0.0,"gold_gain":0.0,"event_name":"Drug Dealer","player_choice":"Inject Mutagens","floor":22.0,"gold_loss":0.0,"damage_taken":0.0,"relics_obtained":["MutagenicStrength"]},{"damage_healed":0,"gold_gain":0,"player_choice":"Fought Bandits","damage_taken":0,"max_hp_gain":0,"max_hp_loss":0,"event_name":"Masked Bandits","floor":25,"gold_loss":0},{"damage_healed":0,"gold_gain":0,"player_choice":"Ignored","damage_taken":0,"max_hp_gain":0,"max_hp_loss":0,"event_name":"Beggar","floor":29,"gold_loss":0}],"is_beta":true,"boss_relics":[{"not_picked":["Fusion Hammer","Tiny House"],"picked":"Philosopher\u0027s Stone"}],"items_purged_floors":[24],"is_endless":false,"potions_floor_spawned":[10,13,18,20,21,30],"killed_by":"Champ","ascension_level":15}