{"gold_per_floor":[109,109,126,138,151,151,179,198,221,221,232,25,25,60,60,131,131,141,141,175,175,193,193,221,221,221,136,136,156,156,176,176,247,247,264,142,192,212,162,162,180,180,229,229,142,156,173,183,183,183],"floor_reached":50,"playtime":1731,"items_purged":["Strike_B","Strike_B+1","Defend_B"],"score":870,"play_id":"a63df1dd-0596-4554-8745-8155781a76ea","local_time":"20190413193115","is_ascension_mode":true,"campfire_choices":[{"data":"Doom and Gloom","floor":6,"key":"SMITH"},{"floor":10,"key":"REST"},{"data":"Defragment","floor":13,"key":"SMITH"},{"data":"Hologram","floor":15,"key":"SMITH"},{"data":"Sunder","floor":23,"key":"SMITH"},{"data":"Beam Cell","floor":25,"key":"SMITH"},{"data":"Deep Breath","floor":28,"key":"SMITH"},{"floor":30,"key":"REST"},{"floor":32,"key":"REST"},{"data":"Defragment","floor":40,"key":"SMITH"},{"data":"Creative AI","floor":42,"key":"SMITH"},{"floor":44,"key":"RECALL"},{"data":"Redo","floor":49,"key":"SMITH"}],"neow_cost":"NONE","seed_source_timestamp":0,"circlet_count":0,"master_deck":["AscendersBane","Defend_B","Defend_B","Defend_B","Zap","Dualcast+1","Deep Breath+1","Beam Cell+1","Undo","Doom and Gloom+1","Defragment+1","Hologram+1","Chill","Core Surge","Recycle+1","Sunder+1","Machine Learning","White Noise","Self Repair","Creative AI+1","Defragment+1","Defragment","Chaos+1","Redo+1"],"relics":["FrozenCore","Cables","Anchor","Runic Capacitor","Blood Vial","Sozu","Red Mask","Smiling Mask","Emotion Chip","Dodecahedron"],"potions_floor_usage":[7,20,33],"damage_taken":[{"damage":0,"enemies":"2 Louse","floor":1,"turns":2},{"damage":4,"enemies":"Small Slimes","floor":3,"turns":3},{"damage":7,"enemies":"Jaw Worm","floor":4,"turns":2},{"damage":0,"enemies":"3 Louse","floor":5,"turns":4},{"damage":16,"enemies":"Gremlin Nob","floor":7,"turns":4},{"damage":15,"enemies":"Large Slime","floor":8,"turns":4},{"damage":0,"enemies":"Blue Slaver","floor":11,"turns":2},{"damage":4,"enemies":"3 Sentries","floor":14,"turns":5},{"damage":11,"enemies":"The Guardian","floor":16,"turns":7},{"damage":0,"enemies":"Spheric Guardian","floor":18,"turns":4},{"damage":4,"enemies":"Masked Bandits","floor":20,"turns":4},{"damage":0,"enemies":"Chosen","floor":22,"turns":3},{"damage":31,"enemies":"Book of Stabbing","floor":24,"turns":4},{"damage":19,"enemies":"Snake Plant","floor":29,"turns":4},{"damage":0,"enemies":"Sentry and Sphere","floor":31,"turns":3},{"damage":3,"enemies":"Champ","floor":33,"turns":15},{"damage":0,"enemies":"3 Darklings","floor":35,"turns":4},{"damage":1,"enemies":"Orb Walker","floor":38,"turns":4},{"damage":35,"enemies":"Transient","floor":41,"turns":5},{"damage":0,"enemies":"4 Shapes","floor":46,"turns":9},{"damage":2,"enemies":"Jaw Worm Horde","floor":47,"turns":5},{"damage":0,"enemies":"Maw","floor":48,"turns":9},{"damage":63,"enemies":"Awakened One","floor":50,"turns":3}],"seed_played":"466201259892860800","potions_obtained":[{"floor":1,"key":"EssenceOfSteel"},{"floor":8,"key":"Dexterity Potion"},{"floor":14,"key":"Strength Potion"},{"floor":16,"key":"Explosive Potion"}],"is_trial":false,"path_per_floor":["M","?","M","M","M","R","E","M","T","R","M","$","R","E","R","B",null,"M","?","?","?","M","R","E","R","T","?","R","M","R","M","R","B",null,"M","$","?","M","$","R","M","R","T","R","$","M","M","M","R","B"],"character_chosen":"DEFECT","items_purchased":["Runic Capacitor","Defragment","Defragment"],"campfire_rested":3,"item_purchase_floors":[12,36,45],"current_hp_per_floor":[64,43,39,32,32,32,16,1,1,22,22,22,22,18,18,9,56,58,58,56,56,58,58,29,29,29,29,29,12,33,35,56,62,69,71,71,71,71,71,71,43,43,43,43,43,52,52,61,61,0],"gold":183,"neow_bonus":"RANDOM_COLORLESS","is_prod":false,"is_daily":false,"chose_seed":true,"campfire_upgraded":9,"win_rate":0,"timestamp":1555155075,"path_taken":["M","?","M","M","M","R","E","M","T","R","M","$","R","E","R","BOSS","M","?","?","?","M","R","E","R","T","?","R","M","R","?","R","BOSS","M","$","?","?","$","R","M","R","T","R","?","M","M","M","R","BOSS"],"build_version":"2019-01-23","purchased_purges":3,"victory":false,"max_hp_per_floor":[71,71,71,71,71,71,71,71,71,71,71,71,71,71,71,71,71,71,71,71,71,71,71,71,71,71,71,71,71,71,71,71,71,71,71,71,71,71,71,71,71,71,71,71,71,71,71,71,71,71],"card_choices":[{"not_picked":["Gash","Hologram"],"picked":"Beam Cell","floor":1},{"not_picked":["Rebound","Auto Shields","Leap"],"picked":"SKIP","floor":3},{"not_picked":["Gash","Rebound"],"picked":"Undo","floor":4},{"not_picked":["Consume","Turbo"],"picked":"Doom and Gloom","floor":5},{"not_picked":["Go for the Eyes","Meteor Strike"],"picked":"Defragment","floor":7},{"not_picked":["Doom and Gloom","Beam Cell"],"picked":"Hologram","floor":8},{"not_picked":["Gash","Aggregate"],"picked":"Chill","floor":11},{"not_picked":["Chaos","Genetic Algorithm","Leap"],"picked":"SKIP","floor":14},{"not_picked":["Meteor Strike","Amplify"],"picked":"Core Surge","floor":16},{"not_picked":["Steam","Doom and Gloom"],"picked":"Recycle+1","floor":18},{"not_picked":["Leap","Recycle+1"],"picked":"White Noise","floor":22},{"not_picked":["Scrape+1","Compile Driver","Hello World"],"picked":"SKIP","floor":24},{"not_picked":["Auto Shields","Hologram","Rebound+1"],"picked":"SKIP","floor":29},{"not_picked":["Gash+1","Leap"],"picked":"Self Repair","floor":31},{"not_picked":["Fission","Reboot"],"picked":"Creative AI","floor":33},{"not_picked":["Self Repair","Hologram","Force Field"],"picked":"SKIP","floor":35},{"not_picked":["Rebound","Streamline","Auto Shields"],"picked":"SKIP","floor":38},{"not_picked":["Force Field","Lockon","Thunder Strike"],"picked":"SKIP","floor":41},{"not_picked":["Reprogram+1","Leap","Redo"],"picked":"SKIP","floor":46},{"not_picked":["Go for the Eyes","Ball Lightning"],"picked":"Chaos+1","floor":47},{"not_picked":["Reprogram","Streamline"],"picked":"Redo","floor":48}],"player_experience":938748,"relics_obtained":[{"floor":7,"key":"Cables"},{"floor":9,"key":"Anchor"},{"floor":14,"key":"Blood Vial"},{"floor":20,"key":"Red Mask"},{"floor":24,"key":"Smiling Mask"},{"floor":26,"key":"Emotion Chip"}],"event_choices":[{"damage_healed":0,"gold_gain":0,"player_choice":"Entered Light","damage_taken":21,"max_hp_gain":0,"max_hp_loss":0,"event_name":"Shining Light","floor":2,"gold_loss":0,"cards_upgraded":["Dualcast","Strike_B"]},{"damage_healed":0,"gold_gain":0,"cards_transformed":["Strike_B","Strike_B"],"player_choice":"Became Test Subject","damage_taken":0,"max_hp_gain":0,"max_hp_loss":0,"event_name":"Drug Dealer","floor":19,"gold_loss":0,"cards_obtained":["Sunder","Machine Learning"]},{"damage_healed":0,"gold_gain":0,"player_choice":"Fought Bandits","damage_taken":0,"max_hp_gain":0,"max_hp_loss":0,"event_name":"Masked Bandits","floor":20,"gold_loss":0},{"damage_healed":0,"gold_gain":0,"player_choice":"Ignored","damage_taken":0,"max_hp_gain":0,"max_hp_loss":0,"event_name":"The Mausoleum","floor":21,"gold_loss":0},{"damage_healed":0,"gold_gain":0,"player_choice":"Obtained Relic","damage_taken":0,"relics_obtained":["Dodecahedron"],"max_hp_gain":0,"max_hp_loss":0,"event_name":"Addict","floor":27,"gold_loss":85},{"damage_healed":0,"gold_gain":50,"player_choice":"Pray","damage_taken":0,"max_hp_gain":0,"max_hp_loss":0,"event_name":"Golden Shrine","floor":37,"gold_loss":0}],"is_beta":false,"boss_relics":[{"not_picked":["Ectoplasm","Tiny House"],"picked":"Sozu"},{"not_picked":["White Beast Statue","Velvet Choker"],"picked":"FrozenCore"}],"items_purged_floors":[36,39,45],"is_endless":false,"potions_floor_spawned":[1,8,14,16,18,29,38,41],"killed_by":"Awakened One","ascension_level":15}