{"gold_per_floor":[118,393,393,393,413,413,448,468,468,494,510,510,521,538,538,611,611,622,451,387,399,202,202,217,217,217,217,32,32,32,32,32,104,104,116,116,116,171,189,520,520,554,554,568,578,613,623,623,623,623],"floor_reached":51,"playtime":2137,"items_purged":["Regret"],"score":1494,"play_id":"05337a16-7770-4e00-af3d-962f60d153d4","local_time":"20181028131126","is_ascension_mode":true,"campfire_choices":[{"data":"Deadly Poison","floor":6.0,"key":"SMITH"},{"data":"Bouncing Flask","floor":12.0,"key":"SMITH"},{"data":"Catalyst","floor":15.0,"key":"SMITH"},{"data":"Well Laid Plans","floor":23.0,"key":"SMITH"},{"data":"Survivor","floor":25.0,"key":"SMITH"},{"data":"Catalyst","floor":32.0,"key":"SMITH"},{"data":"Bouncing Flask","floor":41.0,"key":"SMITH"},{"floor":49.0,"key":"REST"}],"neow_cost":"NONE","seed_source_timestamp":1958174438076,"circlet_count":0,"master_deck":["Survivor+1","Neutralize+1","AscendersBane","Quick Slash","Deadly Poison+1","Dash","Bouncing Flask+1","Catalyst+1","Corpse Explosion","Well Laid Plans+1","Catalyst+1","Catalyst+1","Malaise","Escape Plan","Blur","Deflect","Backflip","PiercingWail","Prepared","Slice","Bouncing Flask+1","Bouncing Flask+1","Bane+1","Bouncing Flask","Leg Sweep"],"special_seed":0,"relics":["Ring of the Snake","NeowsBlessing","Sundial","Meat on the Bone","Anchor","Snecko Eye","Juzu Bracelet","DollysMirror","Bottled Tornado","Snake Skull","Pandora\u0027s Box","Tingsha","Old Coin","Dodecahedron","Turnip","Nunchaku"],"potions_floor_usage":[50,50],"damage_taken":[{"damage":0.0,"enemies":"2 Louse","floor":1.0,"turns":1.0},{"damage":0.0,"enemies":"Cultist","floor":5.0,"turns":1.0},{"damage":0.0,"enemies":"Lagavulin","floor":7.0,"turns":1.0},{"damage":0.0,"enemies":"Small Slimes","floor":8.0,"turns":3.0},{"damage":31.0,"enemies":"3 Sentries","floor":10.0,"turns":11.0},{"damage":2.0,"enemies":"Exordium Thugs","floor":11.0,"turns":5.0},{"damage":12.0,"enemies":"Blue Slaver","floor":13.0,"turns":3.0},{"damage":22.0,"enemies":"3 Louse","floor":14.0,"turns":6.0},{"damage":23.0,"enemies":"Hexaghost","floor":16.0,"turns":6.0},{"damage":35.0,"enemies":"Spheric Guardian","floor":18.0,"turns":4.0},{"damage":5.0,"enemies":"Shell Parasite","floor":21.0,"turns":3.0},{"damage":0.0,"enemies":"Snecko","floor":24.0,"turns":3.0},{"damage":0.0,"enemies":"3 Cultists","floor":31.0,"turns":1.0},{"damage":0.0,"enemies":"Automaton","floor":33.0,"turns":4.0},{"damage":0.0,"enemies":"3 Shapes","floor":35.0,"turns":4.0},{"damage":32.0,"enemies":"2 Orb Walkers","floor":38.0,"turns":4.0},{"damage":10.0,"enemies":"3 Darklings","floor":39.0,"turns":3.0},{"damage":0.0,"enemies":"Nemesis","floor":40.0,"turns":3.0},{"damage":8.0,"enemies":"Giant Head","floor":42.0,"turns":5.0},{"damage":10.0,"enemies":"Spire Growth","floor":44.0,"turns":3.0},{"damage":17.0,"enemies":"Jaw Worm Horde","floor":45.0,"turns":3.0},{"damage":30.0,"enemies":"Reptomancer","floor":46.0,"turns":5.0},{"damage":0.0,"enemies":"Maw","floor":47.0,"turns":2.0},{"damage":41,"enemies":"Awakened One","floor":50,"turns":11}],"seed_played":"-3013530895580667120","potions_obtained":[{"floor":1.0,"key":"GamblersBrew"},{"floor":11.0,"key":"Ancient Potion"},{"floor":14.0,"key":"EssenceOfSteel"},{"floor":27.0,"key":"Fruit Juice"},{"floor":27.0,"key":"Weak Potion"},{"floor":33.0,"key":"Swift Potion"},{"floor":35.0,"key":"GhostInAJar"},{"floor":42.0,"key":"Fire Potion"},{"floor":45.0,"key":"PowerPotion"},{"floor":46.0,"key":"Regen Potion"},{"floor":47.0,"key":"PowerPotion"}],"is_trial":false,"path_per_floor":["M","?","?","?","M","R","E","M","T","E","M","R","M","M","R","B",null,"M","$","?","M","$","R","M","R","T","?","$","?","?","M","R","B",null,"M","?","?","?","M","E","R","E","T","M","M","E","M","?","R","B"],"character_chosen":"THE_SILENT","items_purchased":["SmokeBomb","DollysMirror","Snake Skull","Catalyst"],"campfire_rested":1,"item_purchase_floors":[19,22,28,28],"current_hp_per_floor":[59,59,59,59,59,59,59,59,59,40,38,38,38,28,28,17,54,31,31,31,38,38,38,38,38,38,43,43,30,30,42,42,42,68,68,68,68,48,50,50,50,42,42,44,39,21,33,33,55,41],"gold":623,"neow_bonus":"THREE_ENEMY_KILL","is_prod":false,"is_daily":false,"chose_seed":false,"campfire_upgraded":7,"win_rate":0,"timestamp":1540703486,"path_taken":["M","?","?","?","M","R","E","M","T","E","M","R","?","M","R","BOSS","M","$","?","M","$","R","M","R","T","?","?","?","?","M","R","BOSS","M","?","?","?","M","E","R","E","T","M","M","E","M","?","R","BOSS"],"build_version":"2018-10-25v2","purchased_purges":1,"victory":true,"max_hp_per_floor":[66,66,66,66,66,66,66,66,66,66,66,66,66,66,66,66,66,66,66,66,66,66,66,66,66,66,71,71,76,76,76,76,76,76,76,76,76,76,76,76,76,76,76,76,76,76,76,76,76,76],"card_choices":[{"not_picked":["Eviscerate","Quick Slash","Deflect"],"picked":"SKIP","floor":1.0},{"not_picked":["Sucker Punch","Acrobatics"],"picked":"Deadly Poison","floor":5.0},{"not_picked":["PiercingWail","Deadly Poison"],"picked":"Dash","floor":7.0},{"not_picked":["Blade Dance","Night Terror","Dagger Throw"],"picked":"SKIP","floor":8.0},{"not_picked":["Dodge and Roll","Flying Knee"],"picked":"Bouncing Flask","floor":10.0},{"not_picked":["Expertise","Prepared","Dagger Spray"],"picked":"SKIP","floor":11.0},{"not_picked":["Caltrops","Poisoned Stab"],"picked":"Catalyst","floor":13.0},{"not_picked":["Quick Slash","Poisoned Stab"],"picked":"Flechettes","floor":14.0},{"not_picked":["Unload","Burst"],"picked":"Corpse Explosion","floor":16.0},{"not_picked":["PiercingWail","Sucker Punch+1"],"picked":"Well Laid Plans","floor":18.0},{"not_picked":["Outmaneuver","Prepared","Blade Dance"],"picked":"SKIP","floor":21.0},{"not_picked":["Unload","Dagger Throw","Deflect"],"picked":"SKIP","floor":24.0},{"not_picked":["Grand Finale","Adrenaline"],"picked":"Malaise","floor":33.0},{"not_picked":["Acrobatics+1","Riddle With Holes+1","Blade Dance+1"],"picked":"SKIP","floor":35.0},{"not_picked":["Blade Dance","Blur"],"picked":"Bouncing Flask+1","floor":39.0},{"not_picked":["Endless Agony","Bouncing Flask","Backflip"],"picked":"SKIP","floor":40.0},{"not_picked":["Endless Agony","Backflip"],"picked":"Bouncing Flask","floor":40.0},{"not_picked":["Terror","Deadly Poison"],"picked":"Bane+1","floor":42.0},{"not_picked":["Caltrops","Dodge and Roll"],"picked":"Bouncing Flask","floor":44.0},{"not_picked":["Terror","Heel Hook","Reflex"],"picked":"SKIP","floor":45.0},{"not_picked":["Backflip","Prepared"],"picked":"Leg Sweep","floor":46.0},{"not_picked":["Dagger Throw+1","Slice","Flying Knee+1"],"picked":"SKIP","floor":47.0}],"player_experience":475245,"relics_obtained":[{"floor":7.0,"key":"Sundial"},{"floor":9.0,"key":"Meat on the Bone"},{"floor":10.0,"key":"Anchor"},{"floor":26.0,"key":"Bottled Tornado"},{"floor":38.0,"key":"Tingsha"},{"floor":40.0,"key":"Old Coin"},{"floor":42.0,"key":"Dodecahedron"},{"floor":43.0,"key":"Turnip"},{"floor":46.0,"key":"Nunchaku"}],"event_choices":[{"damage_healed":0.0,"max_hp_gain":0.0,"max_hp_loss":0.0,"gold_gain":275.0,"event_name":"Golden Shrine","player_choice":"Desecrate","floor":2.0,"gold_loss":0.0,"damage_taken":0.0,"cards_obtained":["Regret"]},{"damage_healed":0.0,"max_hp_gain":0.0,"max_hp_loss":0.0,"gold_gain":0.0,"event_name":"Upgrade Shrine","player_choice":"Upgraded","floor":3.0,"gold_loss":0.0,"damage_taken":0.0,"cards_upgraded":["Neutralize"]},{"damage_healed":0.0,"max_hp_gain":0.0,"max_hp_loss":0.0,"gold_gain":0.0,"cards_transformed":["Strike_G"],"event_name":"Living Wall","player_choice":"Change","floor":4.0,"gold_loss":0.0,"damage_taken":0.0,"cards_obtained":["Quick Slash"]},{"damage_healed":0.0,"max_hp_gain":0.0,"max_hp_loss":0.0,"gold_gain":0.0,"event_name":"WeMeetAgain","player_choice":"Paid Gold","floor":20.0,"gold_loss":64.0,"damage_taken":0.0,"relics_obtained":["Juzu Bracelet"]},{"damage_healed":0.0,"max_hp_gain":0.0,"max_hp_loss":0.0,"gold_gain":0.0,"event_name":"The Lab","player_choice":"Got Potions","floor":27.0,"gold_loss":0.0,"damage_taken":0.0},{"damage_healed":0.0,"max_hp_gain":5.0,"max_hp_loss":0.0,"gold_gain":0.0,"event_name":"Forgotten Altar","player_choice":"Shed Blood","floor":29.0,"gold_loss":0.0,"damage_taken":18.0},{"cards_removed":["Flechettes"],"damage_healed":0.0,"max_hp_gain":0.0,"max_hp_loss":0.0,"gold_gain":0.0,"event_name":"Purifier","player_choice":"Purged","floor":30.0,"gold_loss":0.0,"damage_taken":0.0},{"cards_removed":["Endless Agony"],"damage_healed":0.0,"max_hp_gain":0.0,"max_hp_loss":0.0,"gold_gain":0.0,"event_name":"Purifier","player_choice":"Purged","floor":36.0,"gold_loss":0.0,"damage_taken":0.0},{"damage_healed":0.0,"max_hp_gain":0.0,"max_hp_loss":0.0,"gold_gain":0.0,"event_name":"SensoryStone","player_choice":"Memory 1","floor":37.0,"gold_loss":0.0,"damage_taken":0.0},{"damage_healed":0.0,"max_hp_gain":0.0,"max_hp_loss":0.0,"gold_gain":0.0,"event_name":"Mysterious Sphere","player_choice":"Fight","floor":38.0,"gold_loss":0.0,"damage_taken":0.0},{"cards_removed":["Sucker Punch"],"damage_healed":0.0,"max_hp_gain":0.0,"max_hp_loss":0.0,"gold_gain":0.0,"event_name":"Falling","player_choice":"Removed Attack","floor":48.0,"gold_loss":0.0,"damage_taken":0.0}],"is_beta":true,"boss_relics":[{"not_picked":["Empty Cage","Philosopher\u0027s Stone"],"picked":"Snecko Eye"},{"not_picked":["WristBlade","Eternal Feather"],"picked":"Pandora\u0027s Box"}],"items_purged_floors":[19],"is_endless":false,"potions_floor_spawned":[1,11,14,31,33,35,42,45,46,47],"ascension_level":14}