{"gold_per_floor":[111,128,128,128,146,146,172,172,198,226,176,206,206,216,216,314,314,328,346,346,346,445,445,463,479,479,499,217,235,235,5,5,109,109,127,22,0,0,20,20,38,38,38,38,48,98,118,118,118,118,118,118,45,73,73],"floor_reached":55,"playtime":10301,"items_purged":["Scrape","Defend_B"],"score":780,"play_id":"a09c6c18-59cc-4ece-b319-a5482a165f20","local_time":"20190809195947","is_ascension_mode":true,"campfire_choices":[{"data":"Zap","floor":6,"key":"SMITH"},{"floor":8,"key":"REST"},{"data":"Coolheaded","floor":13,"key":"SMITH"},{"data":"Chill","floor":15,"key":"SMITH"},{"data":"Defragment","floor":23,"key":"SMITH"},{"data":"Darkness","floor":30,"key":"SMITH"},{"data":"Hologram","floor":32,"key":"SMITH"},{"data":"Seek","floor":40,"key":"SMITH"},{"floor":42,"key":"RECALL"},{"floor":49,"key":"REST"},{"data":"Capacitor","floor":52,"key":"SMITH"}],"neow_cost":"NONE","seed_source_timestamp":407268291528,"circlet_count":0,"master_deck":["Strike_B","Strike_B","Defend_B","Defend_B","Defend_B","Zap+1","Chill+1","Cold Snap","FTL","Ball Lightning","Coolheaded+1","Streamline","Seek+1","Defragment","Recycle","Defragment+1","Melter","Coolheaded","Sunder","Defragment","Ball Lightning","PanicButton","Darkness+1","Hologram+1","Defragment","Core Surge","Cold Snap+1","Capacitor+1","Redo","Hologram+1","Redo+1","Normality","Recycle+1","Coolheaded+1","Go for the Eyes+1","Defragment"],"relics":["White Beast Statue","Dream Catcher","Lantern","Regal Pillow","Oddly Smooth Stone","Cursed Key","Enchiridion","Empty Cage","Red Mask","Dead Branch","Orichalcum"],"potions_floor_usage":[7,7,7,7,12,16,16,24,25,33,33,45,46,47,50,50],"damage_taken":[{"damage":1,"enemies":"Cultist","floor":1,"turns":4},{"damage":0,"enemies":"Small Slimes","floor":2,"turns":3},{"damage":2,"enemies":"Jaw Worm","floor":5,"turns":5},{"damage":26,"enemies":"Lagavulin","floor":7,"turns":8},{"damage":10,"enemies":"3 Sentries","floor":10,"turns":8},{"damage":20,"enemies":"Gremlin Nob","floor":12,"turns":4},{"damage":0,"enemies":"Blue Slaver","floor":14,"turns":3},{"damage":13,"enemies":"Hexaghost","floor":16,"turns":11},{"damage":8,"enemies":"2 Thieves","floor":18,"turns":3},{"damage":6,"enemies":"Shell Parasite","floor":19,"turns":4},{"damage":3,"enemies":"Centurion and Healer","floor":24,"turns":4},{"damage":17,"enemies":"Snake Plant","floor":25,"turns":5},{"damage":0,"enemies":"3 Cultists","floor":27,"turns":4},{"damage":0,"enemies":"Sentry and Sphere","floor":29,"turns":2},{"damage":19,"enemies":"Automaton","floor":33,"turns":10},{"damage":6,"enemies":"3 Shapes","floor":35,"turns":3},{"damage":3,"enemies":"Orb Walker","floor":39,"turns":3},{"damage":6,"enemies":"Sphere and 2 Shapes","floor":41,"turns":3},{"damage":2,"enemies":"Transient","floor":45,"turns":5},{"damage":51,"enemies":"2 Orb Walkers","floor":46,"turns":9},{"damage":0,"enemies":"Spire Growth","floor":47,"turns":6},{"damage":24,"enemies":"Donu and Deca","floor":50,"turns":14},{"damage":49,"enemies":"Shield and Spear","floor":54,"turns":6},{"damage":47,"enemies":"The Heart","floor":55,"turns":3}],"seed_played":"2472118054253010058","potions_obtained":[{"floor":1,"key":"SteroidPotion"},{"floor":2,"key":"SteroidPotion"},{"floor":5,"key":"Swift Potion"},{"floor":7,"key":"Fruit Juice"},{"floor":10,"key":"SpeedPotion"},{"floor":12,"key":"Dexterity Potion"},{"floor":14,"key":"Swift Potion"},{"floor":16,"key":"EssenceOfSteel"},{"floor":18,"key":"Regen Potion"},{"floor":19,"key":"Ancient Potion"},{"floor":24,"key":"SkillPotion"},{"floor":25,"key":"Energy Potion"},{"floor":27,"key":"Poison Potion"},{"floor":29,"key":"AttackPotion"},{"floor":33,"key":"Ancient Potion"},{"floor":35,"key":"SmokeBomb"},{"floor":39,"key":"Dexterity Potion"},{"floor":41,"key":"Block Potion"},{"floor":45,"key":"Weak Potion"},{"floor":46,"key":"SteroidPotion"},{"floor":47,"key":"Dexterity Potion"},{"floor":54,"key":"Fire Potion"}],"is_trial":false,"path_per_floor":["M","M","?","?","M","R","E","R","T","E","?","E","R","M","R","B",null,"M","M","?","?","?","R","M","M","T","M","$","M","R","$","R","B",null,"M","$","?","$","M","R","M","R","T","?","M","?","M","$","R","B",null,"R","$","E","B"],"character_chosen":"DEFECT","items_purchased":["Defragment","Ball Lightning","PanicButton","Hologram","Defragment","Capacitor","Redo","Defragment"],"campfire_rested":2,"item_purchase_floors":[28,28,28,31,31,36,36,53],"current_hp_per_floor":[74,74,79,72,70,70,49,74,74,64,64,44,44,44,44,31,85,77,71,71,55,55,55,64,47,47,47,47,47,47,47,47,28,85,79,79,79,79,76,76,70,70,70,70,68,17,17,17,56,32,81,81,81,32,0],"gold":73,"neow_bonus":"BOSS_RELIC","is_prod":false,"is_daily":false,"chose_seed":false,"campfire_upgraded":8,"win_rate":0,"timestamp":1565369987,"path_taken":["M","M","?","?","M","R","E","R","T","E","?","E","R","?","R","BOSS","M","M","?","?","?","R","M","M","T","M","$","M","R","$","R","BOSS","M","$","?","?","M","R","M","R","T","?","?","?","M","$","R","BOSS","R","$","E","BOSS"],"build_version":"2019-07-17","purchased_purges":2,"victory":false,"max_hp_per_floor":[75,75,80,80,80,80,85,85,85,85,85,85,85,85,85,85,85,85,85,85,85,85,85,85,85,85,85,85,85,85,85,85,85,85,85,85,85,85,85,85,85,85,85,81,81,81,81,81,81,81,81,81,81,81,81],"card_choices":[{"not_picked":["Stack","Gash"],"picked":"Chill","floor":1},{"not_picked":["Stack","Conserve Battery"],"picked":"Cold Snap","floor":2},{"not_picked":["Go for the Eyes","Rebound"],"picked":"FTL","floor":5},{"not_picked":["Rebound","Consume"],"picked":"Scrape","floor":7},{"not_picked":["Lockon","Chaos"],"picked":"Double Energy","floor":8},{"not_picked":["Redo","Turbo"],"picked":"Ball Lightning","floor":10},{"not_picked":["Chaos","Thunder Strike"],"picked":"Coolheaded","floor":12},{"not_picked":["Rebound","Turbo"],"picked":"Streamline","floor":14},{"not_picked":["Rainbow","Fission"],"picked":"Seek","floor":16},{"not_picked":["Force Field","Capacitor"],"picked":"Defragment","floor":18},{"not_picked":["Stack","Barrage+1"],"picked":"Recycle","floor":19},{"not_picked":["Recycle","Heatsinks"],"picked":"Melter","floor":24},{"not_picked":["Reprogram","Barrage"],"picked":"Coolheaded","floor":25},{"not_picked":["Barrage","Scrape"],"picked":"Sunder","floor":27},{"not_picked":["Gash+1","Stack"],"picked":"Darkness","floor":29},{"not_picked":["Rainbow","Fission"],"picked":"Core Surge","floor":33},{"not_picked":["Beam Cell","Streamline"],"picked":"Cold Snap+1","floor":35},{"not_picked":["Rebound+1","Static Discharge"],"picked":"Hologram+1","floor":39},{"not_picked":["Darkness+1","Steam Power"],"picked":"Redo+1","floor":41},{"not_picked":["Barrage","Stack+1","Scrape+1"],"picked":"SKIP","floor":45},{"not_picked":["Coolheaded+1","Redo"],"picked":"Recycle+1","floor":46},{"not_picked":["Electrodynamics","Ball Lightning"],"picked":"Coolheaded+1","floor":47},{"not_picked":["Melter","Double Energy"],"picked":"Go for the Eyes+1","floor":49},{"not_picked":["Auto Shields","Rebound+1","Melter+1"],"picked":"SKIP","floor":54}],"player_experience":139385,"relics_obtained":[{"floor":7,"key":"Dream Catcher"},{"floor":9,"key":"Lantern"},{"floor":10,"key":"Regal Pillow"},{"floor":12,"key":"Oddly Smooth Stone"},{"floor":21,"key":"Enchiridion"},{"floor":46,"key":"Dead Branch"},{"floor":54,"key":"Orichalcum"}],"event_choices":[{"damage_healed":0,"gold_gain":0,"player_choice":"Donut","damage_taken":0,"max_hp_gain":5,"max_hp_loss":0,"event_name":"Big Fish","floor":3,"gold_loss":0},{"cards_removed":["Dualcast"],"damage_healed":0,"gold_gain":0,"player_choice":"Card Removal","damage_taken":7,"max_hp_gain":0,"max_hp_loss":0,"event_name":"Golden Wing","floor":4,"gold_loss":0},{"cards_removed":["Double Energy"],"damage_healed":0,"gold_gain":0,"player_choice":"Card Removal","damage_taken":0,"max_hp_gain":0,"max_hp_loss":0,"event_name":"The Cleric","floor":11,"gold_loss":50},{"damage_healed":0,"gold_gain":0,"player_choice":"Read","damage_taken":0,"max_hp_gain":0,"max_hp_loss":0,"event_name":"The Library","floor":20,"gold_loss":0,"cards_obtained":["Defragment"]},{"damage_healed":0,"gold_gain":0,"player_choice":"Obtained Book","damage_taken":16,"max_hp_gain":0,"max_hp_loss":0,"event_name":"Cursed Tome","floor":21,"gold_loss":0},{"damage_healed":0,"gold_gain":99,"player_choice":"Stole From Cult","damage_taken":0,"max_hp_gain":0,"max_hp_loss":0,"event_name":"Nest","floor":22,"gold_loss":0},{"damage_healed":0,"gold_gain":0,"player_choice":"Paid","damage_taken":0,"relics_obtained":["Red Mask"],"max_hp_gain":0,"max_hp_loss":0,"event_name":"Tomb of Lord Red Mask","floor":37,"gold_loss":22},{"damage_healed":0,"gold_gain":0,"player_choice":"Max HP","damage_taken":0,"max_hp_gain":0,"max_hp_loss":4,"event_name":"Winding Halls","floor":44,"gold_loss":0},{"damage_healed":0,"gold_gain":0,"player_choice":"Fight","damage_taken":0,"max_hp_gain":0,"max_hp_loss":0,"event_name":"Mysterious Sphere","floor":46,"gold_loss":0}],"is_beta":false,"boss_relics":[{"not_picked":["Runic Dome","Nuclear Battery"],"picked":"Cursed Key"},{"not_picked":["Eternal Feather","Snecko Eye"],"picked":"Empty Cage"}],"items_purged_floors":[28,31],"is_endless":false,"potions_floor_spawned":[1,2,5,7,10,12,14,16,18,19,24,25,27,29,33,35,39,41,45,46,47,54],"killed_by":"The Heart","ascension_level":3}