{"gold_per_floor":[99,99,99,79,79,79,79,79,79,79,34,34,34,34,34,34,34,34,34,34,0,0,0],"floor_reached":23,"playtime":1137,"items_purged":[],"score":358,"play_id":"6100f15e-d1f7-4d6d-a3e1-0cd657312bc8","local_time":"20180731225906","is_ascension_mode":true,"campfire_choices":[{"data":"Genetic Algorithm","floor":7,"key":"SMITH"},{"floor":12,"key":"REST"},{"data":"Defragment","floor":15,"key":"SMITH"}],"neow_cost":"NONE","seed_source_timestamp":0,"circlet_count":0,"master_deck":["Strike_B","Strike_B","Strike_B","Strike_B","Defend_B","Defend_B","Defend_B","Defend_B","Zap","Dualcast","Loop","Coolheaded","Genetic Algorithm+1","Leap","Defragment+1","Glacier","Conserve Battery","Fission","Defragment","Sunder"],"special_seed":0,"relics":["Ectoplasm","Art of War","Orichalcum","Dream Catcher","Centennial Puzzle","Inserter"],"potions_floor_usage":[6,11,16,19],"damage_taken":[{"damage":1.0,"enemies":"Cultist","floor":1.0,"turns":4.0},{"damage":0.0,"enemies":"Small Slimes","floor":3.0,"turns":3.0},{"damage":39,"enemies":"Gremlin Nob","floor":6,"turns":5},{"damage":25,"enemies":"Lagavulin","floor":8,"turns":7},{"damage":4,"enemies":"2 Louse","floor":10,"turns":3},{"damage":0,"enemies":"Exordium Thugs","floor":11,"turns":5},{"damage":0,"enemies":"The Guardian","floor":16,"turns":17},{"damage":3,"enemies":"Spheric Guardian","floor":18,"turns":6},{"damage":44,"enemies":"3 Byrds","floor":19,"turns":13},{"damage":82,"enemies":"Gremlin Leader","floor":23,"turns":9}],"seed_played":"1742964927280432229","potions_obtained":[{"floor":1.0,"key":"Block Potion"},{"floor":3.0,"key":"Swift Potion"},{"floor":4.0,"key":"Swift Potion"},{"floor":8,"key":"Fire Potion"},{"floor":19,"key":"Fire Potion"}],"is_trial":false,"path_per_floor":["M","?","M","?","?","E","R","E","T","M","M","R","$","T","R","B",null,"M","M","?","$","?"],"character_chosen":"DEFECT","items_purchased":["Sunder"],"campfire_rested":1,"item_purchase_floors":[21],"current_hp_per_floor":[67,67,67,67,72,33,33,8,8,4,4,28,28,28,28,28,67,64,20,20,20,80,0],"gold":0,"neow_bonus":"BOSS_RELIC","is_prod":false,"is_daily":false,"chose_seed":false,"campfire_upgraded":2,"win_rate":0,"timestamp":1533049146,"path_taken":["M","?","?","?","?","E","R","E","T","M","?","R","$","?","R","BOSS","M","M","?","$","?","E"],"build_version":"2018-07-26","purchased_purges":0,"victory":false,"max_hp_per_floor":[75,75,75,75,80,80,80,80,80,80,80,80,80,80,80,80,80,80,80,80,80,80,80],"card_choices":[{"not_picked":["Blizzard","Sweeping Beam"],"picked":"Loop","floor":1.0},{"not_picked":["Steam","Compile Driver"],"picked":"Coolheaded","floor":3.0},{"not_picked":["Coolheaded","Skim"],"picked":"Genetic Algorithm","floor":6},{"not_picked":["Skim","Genetic Algorithm"],"picked":"Leap","floor":8},{"not_picked":["Cold Snap","Skim"],"picked":"Defragment","floor":10},{"not_picked":["Streamline","Coolheaded"],"picked":"Glacier","floor":11},{"not_picked":["Blizzard","Reinforced Body"],"picked":"Conserve Battery","floor":12},{"not_picked":["Thunder Strike","Multi-Cast"],"picked":"Fission","floor":16},{"not_picked":["Rebound","Turbo+1"],"picked":"Aggregate","floor":18},{"not_picked":["Gash","Beam Cell+1"],"picked":"Defragment","floor":19}],"player_experience":196632,"relics_obtained":[{"floor":6,"key":"Art of War"},{"floor":8,"key":"Orichalcum"},{"floor":9,"key":"Dream Catcher"},{"floor":14,"key":"Centennial Puzzle"}],"event_choices":[{"event_name":"Golden Idol","player_choice":"Ignored","floor":2.0,"damage_taken":0.0},{"event_name":"The Woman in Blue","player_choice":"Bought 1 Potion","floor":4.0,"damage_taken":0.0},{"event_name":"Big Fish","player_choice":"Donut","floor":5,"damage_taken":0},{"event_name":"Drug Dealer","player_choice":"Ignored","floor":20,"damage_taken":0},{"event_name":"Bonfire Elementals","player_choice":"UNCOMMON","floor":22,"damage_taken":0}],"is_beta":false,"boss_relics":[{"not_picked":["Empty Cage","Sozu"],"picked":"Inserter"}],"items_purged_floors":[],"is_endless":false,"potions_floor_spawned":[1,3,8,19],"killed_by":"Gremlin Leader","ascension_level":9}