{"gold_per_floor":[367,387,403,20,36,36,61,61,61,102,160,188,222,271,271,421,421,488,75,90,90,131,131],"floor_reached":23,"playtime":6272,"items_purged":["Strike_R"],"score":247,"play_id":"f926e044-e7b5-4bbf-8e13-8bd8d5ec3c32","local_time":"20190808012911","is_ascension_mode":true,"campfire_choices":[{"data":"Armaments","floor":6,"key":"SMITH"},{"data":"Barricade","floor":8,"key":"SMITH"},{"floor":15,"key":"REST"}],"neow_cost":"PERCENT_DAMAGE","seed_source_timestamp":18525733827335,"circlet_count":0,"master_deck":["Strike_R","Strike_R","Strike_R","Strike_R+1","Defend_R","Defend_R","Defend_R","Defend_R","Bash","True Grit","Wild Strike","Ghostly Armor","Barricade+1","HandOfGreed+1","Shrug It Off","Armaments+1","Headbutt","Body Slam","True Grit","Ghostly Armor","Metallicize","Feel No Pain","True Grit","Secret Technique","Intimidate+1","Impervious","Sentinel"],"relics":["Burning Blood","Magic Flower","Self Forming Clay","Bottled Flame","Whetstone","Runic Cube"],"potions_floor_usage":[12,14,14,16,23,23],"damage_taken":[{"damage":11,"enemies":"Jaw Worm","floor":1,"turns":4},{"damage":1,"enemies":"Cultist","floor":2,"turns":4},{"damage":0,"enemies":"Small Slimes","floor":3,"turns":2},{"damage":8,"enemies":"Looter","floor":5,"turns":4},{"damage":1,"enemies":"Lagavulin","floor":7,"turns":9},{"damage":21,"enemies":"Exordium Thugs","floor":10,"turns":6},{"damage":12,"enemies":"Gremlin Gang","floor":11,"turns":8},{"damage":16,"enemies":"Gremlin Nob","floor":12,"turns":3},{"damage":8,"enemies":"Blue Slaver","floor":13,"turns":9},{"damage":24,"enemies":"Lagavulin","floor":14,"turns":9},{"damage":17,"enemies":"Slime Boss","floor":16,"turns":16},{"damage":35,"enemies":"2 Thieves","floor":18,"turns":4},{"damage":1,"enemies":"Chosen","floor":20,"turns":14},{"damage":19,"enemies":"Snake Plant","floor":22,"turns":12},{"damage":81,"enemies":"Book of Stabbing","floor":23,"turns":10}],"seed_played":"2309446339940006123","potions_obtained":[{"floor":5,"key":"SteroidPotion"},{"floor":7,"key":"EssenceOfSteel"},{"floor":12,"key":"SpeedPotion"},{"floor":13,"key":"LiquidBronze"},{"floor":18,"key":"Swift Potion"}],"is_trial":false,"path_per_floor":["M","M","M","$","M","R","E","R","T","M","M","E","M","E","R","B",null,"M","$","M","?","M","E"],"character_chosen":"IRONCLAD","items_purchased":["Barricade","HandOfGreed","Shrug It Off","Armaments","Headbutt","Feel No Pain","True Grit","Secret Technique","Regen Potion"],"campfire_rested":1,"item_purchase_floors":[4,4,4,4,4,19,19,19,19],"current_hp_per_floor":[51,56,62,62,60,60,65,65,65,53,50,43,44,29,53,45,80,54,54,62,62,52,0],"gold":131,"neow_bonus":"TWO_FIFTY_GOLD","is_prod":false,"is_daily":false,"chose_seed":false,"campfire_upgraded":2,"win_rate":0,"timestamp":1565216951,"path_taken":["M","M","M","$","M","R","E","R","T","M","M","E","M","E","R","BOSS","M","$","M","?","M","E"],"build_version":"2019-07-17","purchased_purges":1,"victory":false,"max_hp_per_floor":[80,80,80,80,80,80,80,80,80,80,80,80,80,80,80,80,80,80,80,80,80,80,80],"card_choices":[{"not_picked":["Clash","Flex"],"picked":"True Grit","floor":1},{"not_picked":["Thunderclap","Anger"],"picked":"Wild Strike","floor":2},{"not_picked":["Heavy Blade","Iron Wave"],"picked":"Ghostly Armor","floor":3},{"not_picked":["Iron Wave","Disarm"],"picked":"Body Slam","floor":5},{"not_picked":["Feel No Pain","Fiend Fire"],"picked":"True Grit","floor":7},{"not_picked":["Sever Soul","Shrug It Off"],"picked":"Ghostly Armor","floor":10},{"not_picked":["Iron Wave","Havoc","Warcry"],"picked":"SKIP","floor":11},{"not_picked":["Cleave","Heavy Blade","Dual Wield"],"picked":"SKIP","floor":12},{"not_picked":["Havoc","Disarm"],"picked":"Metallicize","floor":13},{"not_picked":["Sever Soul","Shockwave","Wild Strike"],"picked":"SKIP","floor":14},{"not_picked":["Clothesline","Anger","Flex"],"picked":"SKIP","floor":18},{"not_picked":["Clothesline","Anger","Flex"],"picked":"SKIP","floor":18},{"not_picked":["Headbutt","Heavy Blade"],"picked":"Intimidate+1","floor":20},{"not_picked":["Headbutt","Twin Strike"],"picked":"Sentinel","floor":22}],"player_experience":119560,"relics_obtained":[{"floor":7,"key":"Magic Flower"},{"floor":9,"key":"Self Forming Clay"},{"floor":12,"key":"Bottled Flame"},{"floor":14,"key":"Whetstone"}],"event_choices":[{"damage_healed":0,"gold_gain":0,"player_choice":"1 cards matched","damage_taken":0,"max_hp_gain":0,"max_hp_loss":0,"event_name":"Match and Keep!","floor":21,"gold_loss":0,"cards_obtained":["Impervious"]}],"is_beta":false,"boss_relics":[{"not_picked":["Fusion Hammer","Snecko Eye"],"picked":"Runic Cube"}],"items_purged_floors":[19],"is_endless":false,"potions_floor_spawned":[5,7,12,13,18],"killed_by":"Book of Stabbing","ascension_level":3}