{"gold_per_floor":[210,224,238,163,183,183,201,201,225,225,255,255,284,7,7,82,82,94,0,20,69,69,69,69,69,69,47,65,82,99,116,116,193,193,209,131,62,62,62,62,78,78,78,78,93,123,48,58,58,58],"floor_reached":51,"playtime":1583,"items_purged":["Strike_G"],"score":1249,"play_id":"59ae13a7-614f-4eea-ba7d-8b0b35af2c50","local_time":"20190405195226","is_ascension_mode":true,"campfire_choices":[{"data":"Deadly Poison","floor":6.0,"key":"SMITH"},{"data":"Catalyst","floor":10.0,"key":"SMITH"},{"data":"Deadly Poison","floor":12.0,"key":"SMITH"},{"data":"Noxious Fumes","floor":15.0,"key":"SMITH"},{"data":"Bullet Time","floor":23.0,"key":"SMITH"},{"data":"Neutralize","floor":25.0,"key":"SMITH"},{"floor":32.0,"key":"REST"},{"data":"Apotheosis","floor":40.0,"key":"SMITH"},{"floor":42.0,"key":"REST"},{"data":"Well Laid Plans","floor":44,"key":"SMITH"},{"data":"Catalyst","floor":49,"key":"SMITH"}],"neow_cost":"NONE","seed_source_timestamp":0,"circlet_count":0,"master_deck":["AscendersBane","Defend_G","Defend_G","Defend_G","Defend_G","Defend_G","Strike_G","Strike_G","Survivor","Neutralize+1","Deadly Poison+1","Backflip","Backstab","Catalyst+1","Venomology","Deadly Poison+1","Noxious Fumes+1","Bullet Time+1","Blur","Acrobatics","Catalyst+1","Catalyst","Adrenaline","Leg Sweep","Well Laid Plans+1","Apotheosis+1","Well Laid Plans+1"],"special_seed":0,"relics":["Ring of the Snake","Oddly Smooth Stone","Bag of Marbles","Blood Vial","Medical Kit","Cursed Key","Empty Cage","Centennial Puzzle"],"potions_floor_usage":[50,50],"damage_taken":[{"damage":7.0,"enemies":"2 Louse","floor":1.0,"turns":4.0},{"damage":2.0,"enemies":"Jaw Worm","floor":2.0,"turns":5.0},{"damage":0.0,"enemies":"Cultist","floor":3.0,"turns":3.0},{"damage":17.0,"enemies":"Exordium Thugs","floor":5.0,"turns":8.0},{"damage":2.0,"enemies":"3 Louse","floor":7.0,"turns":4.0},{"damage":3.0,"enemies":"Lagavulin","floor":11.0,"turns":4.0},{"damage":13.0,"enemies":"Gremlin Nob","floor":13.0,"turns":4.0},{"damage":10.0,"enemies":"Hexaghost","floor":16.0,"turns":6.0},{"damage":6.0,"enemies":"Chosen","floor":18.0,"turns":4.0},{"damage":0.0,"enemies":"Spheric Guardian","floor":20.0,"turns":3.0},{"damage":9.0,"enemies":"Cultist and Chosen","floor":28.0,"turns":5.0},{"damage":15.0,"enemies":"3 Cultists","floor":29.0,"turns":7.0},{"damage":14.0,"enemies":"Snake Plant","floor":30.0,"turns":3.0},{"damage":16.0,"enemies":"Chosen and Byrds","floor":31.0,"turns":6.0},{"damage":16.0,"enemies":"Automaton","floor":33.0,"turns":7.0},{"damage":15.0,"enemies":"3 Darklings","floor":35.0,"turns":7.0},{"damage":5.0,"enemies":"3 Shapes","floor":41.0,"turns":7.0},{"damage":0,"enemies":"Spire Growth","floor":45,"turns":4},{"damage":0,"enemies":"Nemesis","floor":46,"turns":5},{"damage":7,"enemies":"Transient","floor":48,"turns":5},{"damage":24,"enemies":"Time Eater","floor":50,"turns":5}],"seed_played":"6214127538009935446","potions_obtained":[{"floor":1.0,"key":"Poison Potion"},{"floor":5.0,"key":"Strength Potion"},{"floor":11.0,"key":"GhostInAJar"},{"floor":13.0,"key":"Swift Potion"},{"floor":20.0,"key":"Energy Potion"},{"floor":30.0,"key":"GhostInAJar"},{"floor":46,"key":"Poison Potion"}],"is_trial":false,"path_per_floor":["M","M","M","?","M","R","M","?","T","R","E","R","E","$","R","B",null,"M","?","M","T","?","R","T","R","T","$","M","M","M","M","R","B",null,"M","$","$","?","T","R","M","R","T","R","M","E","$","M","R","B",null],"character_chosen":"THE_SILENT","items_purchased":["Medical Kit","Noxious Fumes","Acrobatics","Leg Sweep","Well Laid Plans"],"campfire_rested":2,"item_purchase_floors":[14,14,27,36,37],"current_hp_per_floor":[52,50,50,50,33,33,31,31,31,31,28,28,15,15,15,7,51,47,47,49,49,49,49,49,49,49,49,42,29,17,3,22,8,52,39,39,39,39,39,39,36,55,55,55,57,59,59,54,54,32],"gold":58,"neow_bonus":"HUNDRED_GOLD","is_prod":false,"is_daily":false,"chose_seed":true,"campfire_upgraded":9,"win_rate":0,"timestamp":1554465146,"path_taken":["M","M","M","?","M","R","M","?","T","R","E","R","E","$","R","BOSS","M","?","M","?","?","R","?","R","T","?","M","?","M","M","R","BOSS","M","?","$","?","?","R","?","R","T","R","M","E","$","M","R","BOSS"],"build_version":"2019-01-23","purchased_purges":1,"victory":true,"max_hp_per_floor":[66,66,66,66,66,66,66,66,66,66,66,66,66,66,66,66,66,66,66,66,66,66,66,66,66,66,66,66,66,66,66,66,66,66,66,66,66,66,66,66,66,66,66,66,66,66,66,66,66,66],"card_choices":[{"not_picked":["Well Laid Plans","Backflip"],"picked":"Deadly Poison","floor":1.0},{"not_picked":["Dagger Spray","Prepared","Setup"],"picked":"SKIP","floor":2.0},{"not_picked":["Cloak And Dagger","Caltrops"],"picked":"Backflip","floor":3.0},{"not_picked":["Terror","Prepared"],"picked":"Backstab","floor":5.0},{"not_picked":["Bouncing Flask","Outmaneuver"],"picked":"Catalyst","floor":7.0},{"not_picked":["Bane","Underhanded Strike"],"picked":"Deadly Poison","floor":11.0},{"not_picked":["Expertise","Backflip","Dagger Spray"],"picked":"SKIP","floor":13.0},{"not_picked":["Glass Knife","Doppelganger"],"picked":"Bullet Time","floor":16.0},{"not_picked":["Prepared","Quick Slash"],"picked":"Blur","floor":18.0},{"not_picked":["Quick Slash","Masterful Stab","Dodge and Roll"],"picked":"SKIP","floor":20.0},{"not_picked":["Backstab+1","Dagger Throw","Slice"],"picked":"SKIP","floor":28.0},{"not_picked":["Riddle With Holes","Blade Dance","Acrobatics"],"picked":"SKIP","floor":29.0},{"not_picked":["Escape Plan","Finisher"],"picked":"Catalyst","floor":30.0},{"not_picked":["Dagger Throw","Quick Slash"],"picked":"Catalyst","floor":31.0},{"not_picked":["Glass Knife","Venomology"],"picked":"Adrenaline","floor":33.0},{"not_picked":["Cloak And Dagger","Dodge and Roll","Terror+1"],"picked":"SKIP","floor":35.0},{"not_picked":["Jack Of All Trades","Secret Technique"],"picked":"Apotheosis","floor":38.0},{"not_picked":["Masterful Stab","All Out Attack"],"picked":"Well Laid Plans+1","floor":41.0},{"not_picked":["Blade Dance","Finisher","Dodge and Roll"],"picked":"SKIP","floor":45},{"not_picked":["Eviscerate","Heel Hook","Underhanded Strike"],"picked":"SKIP","floor":46},{"not_picked":["Outmaneuver","Bane+1","Deadly Poison"],"picked":"SKIP","floor":48}],"player_experience":917989,"relics_obtained":[{"floor":9.0,"key":"Oddly Smooth Stone"},{"floor":11.0,"key":"Bag of Marbles"},{"floor":13.0,"key":"Blood Vial"},{"floor":46,"key":"Centennial Puzzle"}],"event_choices":[{"cards_removed":["Strike_G"],"damage_healed":0.0,"max_hp_gain":0.0,"max_hp_loss":0.0,"gold_gain":0.0,"event_name":"The Cleric","player_choice":"Card Removal","floor":4.0,"gold_loss":75.0,"damage_taken":0.0},{"damage_healed":0.0,"max_hp_gain":0.0,"max_hp_loss":0.0,"gold_gain":0.0,"event_name":"Match and Keep!","player_choice":"1 cards matched","floor":8.0,"gold_loss":0.0,"damage_taken":0.0,"cards_obtained":["Venomology"]},{"damage_healed":0.0,"max_hp_gain":0.0,"max_hp_loss":0.0,"gold_gain":0.0,"event_name":"Masked Bandits","player_choice":"Paid Fearfully","floor":19.0,"gold_loss":94.0,"damage_taken":0.0},{"damage_healed":0.0,"max_hp_gain":0.0,"max_hp_loss":0.0,"gold_gain":0.0,"event_name":"Beggar","player_choice":"Ignored","floor":22.0,"gold_loss":0.0,"damage_taken":0.0},{"damage_healed":0.0,"max_hp_gain":0.0,"max_hp_loss":0.0,"gold_gain":0.0,"event_name":"SensoryStone","player_choice":"Memory 1","floor":38.0,"gold_loss":0.0,"damage_taken":0.0}],"is_beta":false,"boss_relics":[{"not_picked":["Orrery","Snecko Eye"],"picked":"Cursed Key"},{"not_picked":["Calling Bell","Ring of the Serpent"],"picked":"Empty Cage"}],"items_purged_floors":[47],"is_endless":false,"potions_floor_spawned":[1,5,11,13,18,20,30,45,46],"ascension_level":15}