{"gold_per_floor":[118,42,58,74,85,85,8,34,57,84,84,184,184,217,217,294,294,309,321,332,332,26,54,54,54,54,54,79,79,97,28,28,107,107,126,51,62,62,62,62,62,62,62,91,91,108,108,0,0,0],"floor_reached":51,"playtime":2457,"items_purged":["Well Laid Plans"],"score":1208,"play_id":"b084d0c0-a178-4b73-91f7-4dea24d514ea","local_time":"20181027132356","is_ascension_mode":true,"campfire_choices":[{"data":"Neutralize","floor":6.0,"key":"SMITH"},{"data":"Deadly Poison","floor":11.0,"key":"SMITH"},{"data":"Footwork","floor":13.0,"key":"SMITH"},{"data":"Bane","floor":15.0,"key":"SMITH"},{"data":"Burst","floor":27.0,"key":"SMITH"},{"floor":29.0,"key":"REST"},{"data":"Noxious Fumes","floor":32.0,"key":"SMITH"},{"data":"Burst","floor":40.0,"key":"SMITH"},{"data":"Burst","floor":42.0,"key":"SMITH"},{"floor":45,"key":"REST"},{"data":"Bouncing Flask","floor":47,"key":"SMITH"},{"data":"Well Laid Plans","floor":49,"key":"SMITH"}],"neow_cost":"NONE","seed_source_timestamp":3177063699544,"circlet_count":0,"master_deck":["Survivor","Neutralize+1","AscendersBane","Backstab","Crippling Poison","Dash","Footwork+1","Bane+1","Blur","Burst+1","Leg Sweep+1","Terror","Cloak And Dagger","Escape Plan","Burst+1","Bouncing Flask+1","Noxious Fumes+1","Burst+1","Deadly Poison","Deflect","Dodge and Roll","Outmaneuver","Well Laid Plans+1","Heel Hook","Cloak And Dagger","Poisoned Stab","PiercingWail","Deadly Poison+1"],"special_seed":0,"relics":["Ring of the Snake","Anchor","Strawberry","Bag of Marbles","Turnip","Cursed Key","Enchiridion","Thread and Needle","Kunai","Prayer Wheel","Pandora\u0027s Box","Ginger","Red Mask"],"potions_floor_usage":[],"damage_taken":[{"damage":2.0,"enemies":"Cultist","floor":1.0,"turns":5.0},{"damage":0.0,"enemies":"Jaw Worm","floor":3.0,"turns":4.0},{"damage":0.0,"enemies":"2 Louse","floor":4.0,"turns":2.0},{"damage":15.0,"enemies":"Large Slime","floor":5.0,"turns":9.0},{"damage":12.0,"enemies":"Lagavulin","floor":8.0,"turns":7.0},{"damage":12.0,"enemies":"3 Sentries","floor":10.0,"turns":11.0},{"damage":16.0,"enemies":"Gremlin Nob","floor":14.0,"turns":5.0},{"damage":3.0,"enemies":"The Guardian","floor":16.0,"turns":12.0},{"damage":1.0,"enemies":"3 Byrds","floor":18.0,"turns":6.0},{"damage":0.0,"enemies":"Shell Parasite","floor":19.0,"turns":6.0},{"damage":4.0,"enemies":"Centurion and Healer","floor":20.0,"turns":9.0},{"damage":0.0,"enemies":"Book of Stabbing","floor":23.0,"turns":7.0},{"damage":3.0,"enemies":"Colosseum Slavers","floor":25.0,"turns":6.0},{"damage":12.0,"enemies":"Gremlin Leader","floor":28.0,"turns":10.0},{"damage":6.0,"enemies":"Snake Plant","floor":30.0,"turns":3.0},{"damage":2.0,"enemies":"Automaton","floor":33.0,"turns":11.0},{"damage":0.0,"enemies":"Orb Walker","floor":35.0,"turns":5.0},{"damage":0.0,"enemies":"3 Darklings","floor":37.0,"turns":7.0},{"damage":36,"enemies":"Giant Head","floor":44,"turns":9},{"damage":10,"enemies":"Spire Growth","floor":46,"turns":5},{"damage":9,"enemies":"Donu and Deca","floor":50,"turns":11}],"seed_played":"2590053175479857863","potions_obtained":[{"floor":0.0,"key":"GhostInAJar"},{"floor":0.0,"key":"Dexterity Potion"},{"floor":28.0,"key":"Ancient Potion"},{"floor":44,"key":"GamblersBrew"}],"is_trial":false,"path_per_floor":["M","$","M","M","M","R","$","E","T","E","R","?","R","E","R","B",null,"M","M","M","?","$","E","?","?","T","R","E","R","M","$","R","B",null,"M","$","M","?","?","R","?","R","T","E","R","M","R","?","R","B"],"character_chosen":"THE_SILENT","items_purchased":["Crippling Poison","Footwork","Thread and Needle","Noxious Fumes"],"campfire_rested":2,"item_purchase_floors":[2,7,22,31],"current_hp_per_floor":[61,61,61,61,46,46,46,34,41,29,29,29,29,13,13,10,60,59,59,55,39,39,39,39,36,36,36,24,47,41,41,41,39,68,68,68,68,68,68,68,68,68,68,32,55,45,45,45,45,36],"gold":0,"neow_bonus":"THREE_SMALL_POTIONS","is_prod":false,"is_daily":false,"chose_seed":false,"campfire_upgraded":10,"win_rate":0,"timestamp":1540617836,"path_taken":["M","$","M","M","M","R","$","E","T","E","R","?","R","E","R","BOSS","M","M","M","?","$","E","?","?","T","R","E","R","M","$","R","BOSS","M","?","M","?","?","R","?","R","T","E","R","M","R","?","R","BOSS"],"build_version":"2018-10-25v2","purchased_purges":1,"victory":true,"max_hp_per_floor":[70,70,70,70,70,70,70,70,77,77,77,77,77,77,77,77,77,77,77,77,77,77,77,77,77,77,77,77,77,77,77,77,77,77,77,77,77,77,77,77,77,77,77,77,77,77,77,77,77,77],"card_choices":[{"not_picked":["Dodge and Roll","Heel Hook"],"picked":"Backstab","floor":1.0},{"not_picked":["Cloak And Dagger","Crippling Poison","Prepared"],"picked":"SKIP","floor":3.0},{"not_picked":["Distraction","Deflect"],"picked":"Deadly Poison","floor":4.0},{"not_picked":["Skewer","Noxious Fumes"],"picked":"Dash","floor":5.0},{"not_picked":["All Out Attack","Finisher"],"picked":"Bane","floor":8.0},{"not_picked":["Bane","Cloak And Dagger"],"picked":"Blur","floor":10.0},{"not_picked":["Endless Agony","Bane","Blade Dance"],"picked":"SKIP","floor":14.0},{"not_picked":["Wraith Form v2","Tools of the Trade"],"picked":"Burst","floor":16.0},{"not_picked":["Reflex","Heel Hook"],"picked":"Leg Sweep+1","floor":18.0},{"not_picked":["Blade Dance","Outmaneuver"],"picked":"Terror","floor":19.0},{"not_picked":["Slice","Deadly Poison","Dagger Spray+1"],"picked":"SKIP","floor":20.0},{"not_picked":["Backstab","Acrobatics"],"picked":"Cloak And Dagger","floor":23.0},{"not_picked":["Blade Dance","Flechettes"],"picked":"Bouncing Flask","floor":28.0},{"not_picked":["Leg Sweep","Distraction","Deflect"],"picked":"SKIP","floor":30.0},{"not_picked":["Cloak And Dagger","Blade Dance","Unload"],"picked":"SKIP","floor":30.0},{"not_picked":["Wraith Form v2","Adrenaline"],"picked":"Burst","floor":33.0},{"not_picked":["Prepared+1","Blade Dance","Quick Slash"],"picked":"SKIP","floor":35.0},{"not_picked":["Infinite Blades","Quick Slash+1","Outmaneuver"],"picked":"SKIP","floor":35.0},{"not_picked":["Dodge and Roll","Quick Slash+1"],"picked":"Deadly Poison+1","floor":37.0},{"not_picked":["Endless Agony","Deadly Poison","Backflip+1"],"picked":"SKIP","floor":37.0},{"not_picked":["Outmaneuver","Dagger Spray","Noxious Fumes"],"picked":"SKIP","floor":44},{"not_picked":["Caltrops","Choke","Outmaneuver"],"picked":"SKIP","floor":46},{"not_picked":["PiercingWail","Reflex","Dash"],"picked":"SKIP","floor":46}],"player_experience":465875,"relics_obtained":[{"floor":8.0,"key":"Anchor"},{"floor":9.0,"key":"Strawberry"},{"floor":10.0,"key":"Bag of Marbles"},{"floor":14.0,"key":"Turnip"},{"floor":21.0,"key":"Enchiridion"},{"floor":23.0,"key":"Kunai"},{"floor":28.0,"key":"Prayer Wheel"},{"floor":44,"key":"Ginger"}],"event_choices":[{"damage_healed":0.0,"max_hp_gain":0.0,"max_hp_loss":0.0,"gold_gain":100.0,"event_name":"Golden Shrine","player_choice":"Pray","floor":12.0,"gold_loss":0.0,"damage_taken":0.0},{"damage_healed":0.0,"max_hp_gain":0.0,"max_hp_loss":0.0,"gold_gain":0.0,"event_name":"Cursed Tome","player_choice":"Obtained Book","floor":21.0,"gold_loss":0.0,"damage_taken":16.0},{"damage_healed":0.0,"max_hp_gain":0.0,"max_hp_loss":0.0,"gold_gain":0.0,"event_name":"Match and Keep!","player_choice":"2 cards matched","floor":24.0,"gold_loss":0.0,"damage_taken":0.0,"cards_obtained":["Escape Plan","Burst"]},{"damage_healed":0.0,"max_hp_gain":0.0,"max_hp_loss":0.0,"gold_gain":0.0,"event_name":"Colosseum","player_choice":"Fight","floor":25.0,"gold_loss":0.0,"damage_taken":0.0},{"damage_healed":0.0,"max_hp_gain":0.0,"max_hp_loss":0.0,"gold_gain":0.0,"event_name":"Colosseum","player_choice":"Fled From Nobs","floor":25.0,"gold_loss":0.0,"damage_taken":0.0},{"damage_healed":0.0,"max_hp_gain":0.0,"max_hp_loss":0.0,"gold_gain":0.0,"event_name":"SensoryStone","player_choice":"Memory 1","floor":38.0,"gold_loss":0.0,"damage_taken":0.0},{"cards_removed":["Deadly Poison"],"damage_healed":0.0,"max_hp_gain":0.0,"max_hp_loss":0.0,"gold_gain":0.0,"event_name":"Falling","player_choice":"Removed Skill","floor":39.0,"gold_loss":0.0,"damage_taken":0.0},{"damage_healed":0.0,"max_hp_gain":0.0,"max_hp_loss":0.0,"gold_gain":0.0,"event_name":"Mysterious Sphere","player_choice":"Ignored","floor":41.0,"gold_loss":0.0,"damage_taken":0.0},{"damage_healed":0,"gold_gain":0,"player_choice":"Paid","damage_taken":0,"relics_obtained":["Red Mask"],"max_hp_gain":0,"max_hp_loss":0,"event_name":"Tomb of Lord Red Mask","floor":48,"gold_loss":108}],"is_beta":true,"boss_relics":[{"not_picked":["White Beast Statue","Philosopher\u0027s Stone"],"picked":"Cursed Key"},{"not_picked":["Runic Dome","WristBlade"],"picked":"Pandora\u0027s Box"}],"items_purged_floors":[36],"is_endless":false,"potions_floor_spawned":[1,5,8,20,28,33,44],"ascension_level":13}