{"gold_per_floor":[114,78,92,42,42,42,74,94,94,106,133,133,145,158,158,260,260,274,274,287,138,152,152,152],"floor_reached":24,"playtime":1076,"items_purged":["Strike_R"],"score":291,"play_id":"89e3d8cd-051a-4375-b1bf-133f7c203860","local_time":"20180924130806","is_ascension_mode":true,"campfire_choices":[{"data":"Flex","floor":6.0,"key":"SMITH"},{"data":"Body Slam","floor":12.0,"key":"SMITH"},{"data":"True Grit","floor":15.0,"key":"SMITH"},{"data":"Battle Trance","floor":23.0,"key":"SMITH"}],"neow_cost":"NONE","seed_source_timestamp":12824281206419,"circlet_count":0,"master_deck":["Strike_R+1","Defend_R","Defend_R","Defend_R","Defend_R","Bash+1","Flex+1","Battle Trance+1","Iron Wave","Second Wind","True Grit+1","Power Through+1","Body Slam+1","Shrug It Off+1","Armaments+1","Rage+1","Entrench+1"],"special_seed":0,"relics":["Burning Blood","NeowsBlessing","Red Skull","Toxic Egg 2","Mercury Hourglass","Empty Cage"],"potions_floor_usage":[],"damage_taken":[{"damage":0.0,"enemies":"Jaw Worm","floor":1.0,"turns":1.0},{"damage":0.0,"enemies":"Small Slimes","floor":3.0,"turns":1.0},{"damage":0.0,"enemies":"Lagavulin","floor":7.0,"turns":1.0},{"damage":0.0,"enemies":"Cultist","floor":8.0,"turns":2.0},{"damage":13.0,"enemies":"Blue Slaver","floor":10.0,"turns":2.0},{"damage":43.0,"enemies":"3 Sentries","floor":11.0,"turns":11.0},{"damage":0.0,"enemies":"Large Slime","floor":13.0,"turns":2.0},{"damage":0.0,"enemies":"3 Louse","floor":14.0,"turns":2.0},{"damage":11.0,"enemies":"The Guardian","floor":16.0,"turns":8.0},{"damage":10.0,"enemies":"2 Thieves","floor":18.0,"turns":4.0},{"damage":2.0,"enemies":"Chosen","floor":20.0,"turns":3.0},{"damage":1.0,"enemies":"Snake Plant","floor":22.0,"turns":5.0},{"damage":98,"enemies":"Gremlin Leader","floor":24,"turns":8}],"seed_played":"-3690382741822196467","potions_obtained":[{"floor":3.0,"key":"Poison Potion"},{"floor":8.0,"key":"SteroidPotion"},{"floor":13.0,"key":"SneckoOil"},{"floor":16.0,"key":"FairyPotion"}],"is_trial":false,"path_per_floor":["M","$","M","?","?","R","E","M","T","M","E","R","M","M","R","B",null,"M","?","M","$","M","R"],"character_chosen":"IRONCLAD","items_purchased":["Battle Trance","Entrench+1"],"campfire_rested":0,"item_purchase_floors":[2,21],"current_hp_per_floor":[80,80,80,80,64,64,70,76,76,69,32,32,38,44,44,39,70,66,66,70,70,75,75,0],"gold":152,"neow_bonus":"THREE_ENEMY_KILL","is_prod":false,"is_daily":false,"chose_seed":false,"campfire_upgraded":4,"win_rate":0,"timestamp":1537765686,"path_taken":["M","$","M","?","?","R","E","M","T","M","E","R","M","?","R","BOSS","M","?","M","$","M","R","E"],"build_version":"2018-09-20","purchased_purges":1,"victory":false,"max_hp_per_floor":[80,80,80,80,80,80,80,80,80,80,80,80,80,80,80,80,80,80,80,80,80,80,80,80],"card_choices":[{"not_picked":["Armaments","Anger"],"picked":"Flex","floor":1.0},{"not_picked":["Body Slam","Evolve"],"picked":"Iron Wave","floor":3.0},{"not_picked":["Armaments","Dropkick"],"picked":"Second Wind","floor":7.0},{"not_picked":["Body Slam","Second Wind"],"picked":"True Grit","floor":8.0},{"not_picked":["Carnage","Thunderclap"],"picked":"Power Through+1","floor":10.0},{"not_picked":["Heavy Blade","Entrench+1"],"picked":"Body Slam","floor":11.0},{"not_picked":["Twin Strike","Iron Wave","Pommel Strike"],"picked":"SKIP","floor":13.0},{"not_picked":["Combust","Rupture"],"picked":"Shrug It Off+1","floor":14.0},{"not_picked":["Iron Wave","Body Slam","Metallicize"],"picked":"SKIP","floor":18.0},{"not_picked":["Iron Wave","Thunderclap+1"],"picked":"Rage+1","floor":20.0},{"not_picked":["Flex+1","Havoc+1","Anger"],"picked":"SKIP","floor":22.0}],"player_experience":403377,"relics_obtained":[{"floor":7.0,"key":"Red Skull"},{"floor":9.0,"key":"Toxic Egg 2"},{"floor":11.0,"key":"Mercury Hourglass"}],"event_choices":[{"event_name":"The Cleric","player_choice":"Card Removal","floor":4.0,"damage_taken":0.0},{"event_name":"Shining Light","player_choice":"Entered Light","floor":5.0,"damage_taken":0.0},{"event_name":"The Library","player_choice":"Read","floor":19.0,"damage_taken":0.0}],"is_beta":true,"boss_relics":[{"not_picked":["Runic Dome","Eternal Feather"],"picked":"Empty Cage"}],"items_purged_floors":[21],"is_endless":false,"potions_floor_spawned":[3,8,13,16,18],"killed_by":"Gremlin Leader","ascension_level":5}