{"gold_per_floor":[118,293,323,323,333,333,333,358,381,381,400,413,426,426,426,528,528,543,343,358,377,397,397,54,54,130,130,146,107,107],"floor_reached":30,"playtime":1013,"items_purged":[],"score":345,"play_id":"ba5bc049-64b6-4f35-856d-237181f6170b","local_time":"20180806161844","is_ascension_mode":true,"campfire_choices":[{"data":"Dualcast","floor":6.0,"key":"SMITH"},{"floor":10,"key":"REST"},{"floor":15,"key":"REST"},{"floor":23,"key":"REST"},{"data":"Defragment","floor":25,"key":"SMITH"},{"data":"Defragment","floor":27,"key":"SMITH"}],"neow_cost":"NONE","seed_source_timestamp":0,"circlet_count":0,"master_deck":["Strike_B","Strike_B","Strike_B","Strike_B","Defend_B","Defend_B","Defend_B","Zap","Dualcast+1","AscendersBane","Rebound","Ball Lightning","Tempest","Conserve Battery","Biased Cognition","Conserve Battery","Electrodynamics","Double Energy","Defragment+1","Thunder Strike","Streamline","Ball Lightning","Leap+1","Apotheosis","Defragment+1","Doom and Gloom","Streamline+1","Capacitor"],"special_seed":0,"relics":["Velvet Choker","Tiny Chest","DataDisk","Potion Belt","Gremlin Horn","Snecko Eye","Symbiotic Virus"],"potions_floor_usage":[16,16,20,20,20],"damage_taken":[{"damage":0.0,"enemies":"Small Slimes","floor":1.0,"turns":3.0},{"damage":7.0,"enemies":"Jaw Worm","floor":5.0,"turns":3.0},{"damage":46.0,"enemies":"Lagavulin","floor":8.0,"turns":6.0},{"damage":10,"enemies":"2 Louse","floor":11,"turns":2},{"damage":9,"enemies":"Red Slaver","floor":12,"turns":3},{"damage":13,"enemies":"Large Slime","floor":13,"turns":4},{"damage":26,"enemies":"The Guardian","floor":16,"turns":7},{"damage":15,"enemies":"Spheric Guardian","floor":18,"turns":4},{"damage":11,"enemies":"2 Thieves","floor":20,"turns":3},{"damage":5,"enemies":"Cultist and Chosen","floor":21,"turns":3},{"damage":17,"enemies":"Centurion and Healer","floor":22,"turns":5},{"damage":2,"enemies":"Snecko","floor":28,"turns":3},{"damage":29,"enemies":"Book of Stabbing","floor":30,"turns":3}],"seed_played":"-4682963732983150181","potions_obtained":[{"floor":5.0,"key":"Poison Potion"},{"floor":11,"key":"PowerPotion"},{"floor":13,"key":"Weak Potion"},{"floor":16,"key":"FocusPotion"},{"floor":18,"key":"Block Potion"},{"floor":21,"key":"FocusPotion"}],"is_trial":false,"path_per_floor":["M","?","T","?","M","R","?","E","T","R","M","M","M","T","R","B",null,"M","$","M","M","M","R","$","R","T","R","M","$"],"character_chosen":"DEFECT","items_purchased":["Defragment","Thunder Strike","Apotheosis","Defragment","Doom and Gloom","Capacitor"],"campfire_rested":3,"item_purchase_floors":[19,19,24,24,24,29],"current_hp_per_floor":[68,68,68,68,61,61,61,15,15,37,27,18,5,5,27,1,57,42,42,31,26,9,31,31,31,31,31,29,29,0],"gold":107,"neow_bonus":"BOSS_RELIC","is_prod":false,"is_daily":false,"chose_seed":false,"campfire_upgraded":3,"win_rate":0,"timestamp":1533543524,"path_taken":["M","?","?","?","?","R","?","E","T","R","M","M","?","?","R","BOSS","M","?","?","M","?","R","$","R","T","R","?","$","E"],"build_version":"2018-08-02","purchased_purges":0,"victory":false,"max_hp_per_floor":[75,75,75,75,75,75,75,75,75,75,75,75,75,75,75,75,75,75,75,75,75,75,75,75,75,75,75,75,75,75],"card_choices":[{"not_picked":["Beam Cell","Redo"],"picked":"Rebound","floor":1.0},{"not_picked":["Force Field","Gash"],"picked":"Ball Lightning","floor":5.0},{"not_picked":["Streamline","Lockon"],"picked":"Tempest","floor":8.0},{"not_picked":["Hologram","Coolheaded"],"picked":"Conserve Battery","floor":11},{"not_picked":["Leap","Beam Cell"],"picked":"Biased Cognition","floor":12},{"not_picked":["Consume","Compile Driver"],"picked":"Conserve Battery","floor":13},{"not_picked":["Buffer","All For One"],"picked":"Electrodynamics","floor":16},{"not_picked":["Gash+1","Coolheaded"],"picked":"Double Energy","floor":18},{"not_picked":["Static Discharge","Cold Snap"],"picked":"Streamline","floor":20},{"not_picked":["Coolheaded","Gash+1"],"picked":"Ball Lightning","floor":21},{"not_picked":["Double Energy","Coolheaded"],"picked":"Leap+1","floor":22},{"not_picked":["Hello World","Scrape"],"picked":"Streamline+1","floor":28}],"player_experience":212130,"relics_obtained":[{"floor":3.0,"key":"Tiny Chest"},{"floor":8.0,"key":"DataDisk"},{"floor":9,"key":"Potion Belt"},{"floor":14,"key":"Gremlin Horn"},{"floor":26,"key":"Symbiotic Virus"}],"event_choices":[{"event_name":"Liars Game","player_choice":"agreed","floor":2.0,"damage_taken":0.0},{"event_name":"Living Wall","player_choice":"Forget","floor":4.0,"damage_taken":0.0},{"event_name":"Bonfire Elementals","player_choice":"BASIC","floor":7.0,"damage_taken":0.0}],"is_beta":false,"boss_relics":[{"not_picked":["Lizard Tail","Black Star"],"picked":"Snecko Eye"}],"items_purged_floors":[],"is_endless":false,"potions_floor_spawned":[5,11,13,16,18,21],"killed_by":"Book of Stabbing","ascension_level":10}