{"gold_per_floor":[118,44,44,44,44,44,70,80,127,127,139,139,139,155,155,274,274,289,289,289,102,102,102,135,154,154,27,371,371,409,409,409,409],"floor_reached":33,"playtime":1483,"items_purged":[],"score":403,"play_id":"be96e451-b9e8-438c-ae70-72196312a7e8","local_time":"20180722154503","is_ascension_mode":true,"campfire_choices":[{"data":"Chaos","floor":6.0,"key":"SMITH"},{"data":"Heatsinks","floor":10.0,"key":"SMITH"},{"floor":15.0,"key":"REST"},{"data":"Creative AI","floor":23,"key":"SMITH"},{"floor":29,"key":"REST"},{"floor":32,"key":"REST"}],"neow_cost":"NONE","seed_source_timestamp":26098428945890,"circlet_count":0,"master_deck":["Strike_B+1","Strike_B+1","Strike_B+1","Defend_B+1","Defend_B+1","Defend_B+1","Zap","Dualcast","Leap","Heatsinks+1","Chaos+1","Skim","Ball Lightning","White Noise","Undo","Buffer","Go for the Eyes","Meteor Strike","Sunder","Creative AI+1","Hologram","Glacier","Compile Driver+1","Turbo","FTL+1","Stack+1","Cold Snap+1"],"special_seed":0,"relics":["Cracked Core","NeowsBlessing","Dodecahedron","DataDisk","Turnip","Golden Idol","Nuclear Battery","Molten Egg 2","Letter Opener","Old Coin","Symbiotic Virus"],"potions_floor_usage":[24],"damage_taken":[{"damage":0.0,"enemies":"Cultist","floor":1.0,"turns":1.0},{"damage":0.0,"enemies":"3 Sentries","floor":7.0,"turns":2.0},{"damage":0.0,"enemies":"Small Slimes","floor":8.0,"turns":1.0},{"damage":12.0,"enemies":"Jaw Worm","floor":11.0,"turns":2.0},{"damage":0.0,"enemies":"Exordium Thugs","floor":14.0,"turns":4.0},{"damage":10.0,"enemies":"Slime Boss","floor":16.0,"turns":8.0},{"damage":27.0,"enemies":"3 Byrds","floor":18.0,"turns":4.0},{"damage":12,"enemies":"Gremlin Leader","floor":24,"turns":6},{"damage":23,"enemies":"Shell Parasite","floor":25,"turns":7},{"damage":28,"enemies":"Book of Stabbing","floor":28,"turns":4},{"damage":5,"enemies":"Gremlin Leader","floor":30,"turns":5},{"damage":59,"enemies":"Collector","floor":33,"turns":10}],"seed_played":"1754545378437565594","potions_obtained":[{"floor":4.0,"key":"SmokeBomb"},{"floor":4.0,"key":"GamblersBrew"},{"floor":4.0,"key":"Explosive Potion"},{"floor":11.0,"key":"FocusPotion"},{"floor":16.0,"key":"Fruit Juice"},{"floor":24,"key":"Swift Potion"}],"is_trial":false,"path_per_floor":["M","$","?","?","?","R","E","M","T","R","M","T","?","M","R","B",null,"M","?","?","$","?","R","E","M","T","$","E","R","E","?","R"],"character_chosen":"DEFECT","items_purchased":["Heatsinks","Creative AI","Hologram","Turbo","FTL+1"],"campfire_rested":3,"item_purchase_floors":[2,21,21,27,27],"current_hp_per_floor":[75,75,68,68,68,68,68,68,68,68,56,56,38,38,60,50,69,42,42,42,42,67,67,60,44,44,44,16,40,35,35,59,0],"gold":409,"neow_bonus":"THREE_ENEMY_KILL","is_prod":false,"is_daily":false,"chose_seed":false,"campfire_upgraded":3,"win_rate":0,"timestamp":1532245503,"path_taken":["M","$","?","?","?","R","E","M","T","R","?","?","?","M","R","BOSS","M","?","?","?","?","R","E","?","T","$","E","R","E","?","R","BOSS"],"build_version":"2018-07-19v2","purchased_purges":0,"victory":false,"max_hp_per_floor":[75,75,75,75,75,75,75,75,75,75,75,75,75,75,75,75,75,75,75,75,75,75,75,80,80,80,80,80,80,80,80,80,80],"card_choices":[{"not_picked":["Storm","Reprogram"],"picked":"Leap","floor":1.0},{"not_picked":["Undo","Heatsinks"],"picked":"Skim","floor":7.0},{"not_picked":["Barrage","Fusion"],"picked":"Ball Lightning","floor":8.0},{"not_picked":["Streamline","Force Field"],"picked":"White Noise","floor":11.0},{"not_picked":["Thunder Strike","Rip and Tear"],"picked":"Undo","floor":14.0},{"not_picked":["Multi-Cast","Core Surge"],"picked":"Buffer","floor":16.0},{"not_picked":["Steam","Redo"],"picked":"Go for the Eyes","floor":18.0},{"not_picked":["Double Energy+1","Coolheaded"],"picked":"Glacier","floor":24},{"not_picked":["Go for the Eyes+1","Barrage+1"],"picked":"Compile Driver+1","floor":25},{"not_picked":["Rip and Tear+1","Heatsinks+1"],"picked":"Stack+1","floor":28},{"not_picked":["Meteor Strike+1","Loop"],"picked":"Cold Snap+1","floor":30}],"player_experience":153851,"relics_obtained":[{"floor":7.0,"key":"Dodecahedron"},{"floor":9.0,"key":"DataDisk"},{"floor":12.0,"key":"Turnip"},{"floor":24,"key":"Molten Egg 2"},{"floor":26,"key":"Letter Opener"},{"floor":28,"key":"Old Coin"},{"floor":30,"key":"Symbiotic Virus"}],"event_choices":[{"event_name":"Golden Wing","player_choice":"Card Removal","floor":3.0,"damage_taken":0.0},{"event_name":"The Lab","player_choice":"Got Potions","floor":4.0,"damage_taken":0.0},{"event_name":"Transmorgrifier","player_choice":"Transform","floor":5.0,"damage_taken":0.0},{"event_name":"Golden Idol","player_choice":"Take Damage","floor":13.0,"damage_taken":0.0},{"event_name":"Ghosts","player_choice":"Ignored","floor":19.0,"damage_taken":0.0},{"event_name":"Match and Keep!","player_choice":"2 cards matched","floor":20,"damage_taken":0},{"event_name":"The Library","player_choice":"Heal","floor":22,"damage_taken":0},{"event_name":"Back to Basics","player_choice":"Simplicity","floor":31,"damage_taken":0}],"is_beta":false,"boss_relics":[{"not_picked":["Coffee Dripper","Empty Cage"],"picked":"Nuclear Battery"}],"items_purged_floors":[],"is_endless":false,"potions_floor_spawned":[8,11,16,18,24,28,30],"killed_by":"Collector","ascension_level":5}