{"gold_per_floor":[109,10,21,36,55,55,80,80,107,125,158,158,158,178,178,276,276,286,286,286,298,127,127,142,162,215,215,245,258,0,0],"floor_reached":31,"playtime":3555,"items_purged":["Defend_B","Coolheaded"],"score":292,"play_id":"c1802dcc-bf72-44c4-b2d0-07db3c1da46d","local_time":"20190802100618","is_ascension_mode":false,"campfire_choices":[{"floor":6,"key":"REST"},{"data":"Loop","floor":8,"key":"SMITH"},{"floor":15,"key":"REST"},{"data":"Loop","floor":23,"key":"SMITH"},{"data":"Dualcast","floor":27,"key":"SMITH"}],"neow_cost":"NONE","seed_source_timestamp":1811629553297,"circlet_count":0,"master_deck":["Strike_B","Strike_B","Strike_B","Strike_B","Defend_B","Defend_B","Defend_B","Zap","Dualcast+1","Loop+1","Cold Snap","Ball Lightning","Static Discharge","Ball Lightning","Fusion","Electrodynamics","Conserve Battery+1","BootSequence","Loop+1","BootSequence"],"relics":["Cracked Core","Centennial Puzzle","Strawberry","Bronze Scales","Runic Pyramid","Potion Belt","Mummified Hand","Meat on the Bone"],"potions_floor_usage":[],"damage_taken":[{"damage":1,"enemies":"Cultist","floor":1,"turns":3},{"damage":0,"enemies":"Small Slimes","floor":3,"turns":5},{"damage":4,"enemies":"Jaw Worm","floor":4,"turns":5},{"damage":22,"enemies":"Gremlin Gang","floor":5,"turns":4},{"damage":17,"enemies":"Lagavulin","floor":7,"turns":8},{"damage":10,"enemies":"3 Louse","floor":10,"turns":3},{"damage":22,"enemies":"3 Sentries","floor":11,"turns":6},{"damage":2,"enemies":"2 Fungi Beasts","floor":14,"turns":3},{"damage":24,"enemies":"Slime Boss","floor":16,"turns":8},{"damage":3,"enemies":"3 Byrds","floor":18,"turns":2},{"damage":1,"enemies":"Chosen","floor":21,"turns":4},{"damage":0,"enemies":"Snecko","floor":24,"turns":4},{"damage":1,"enemies":"Cultist and Chosen","floor":25,"turns":5},{"damage":46,"enemies":"Slavers","floor":28,"turns":4},{"damage":13,"enemies":"Snake Plant","floor":29,"turns":4},{"damage":13,"enemies":"Sentry and Sphere","floor":31,"turns":3}],"seed_played":"4864149383239086158","potions_obtained":[{"floor":1,"key":"Regen Potion"},{"floor":3,"key":"Dexterity Potion"},{"floor":4,"key":"FocusPotion"},{"floor":25,"key":"Weak Potion"}],"is_trial":false,"path_per_floor":["M","$","M","M","M","R","E","R","T","M","E","?","?","M","R","B",null,"M","?","?","M","$","R","M","M","T","R","E","M","$","M"],"character_chosen":"DEFECT","items_purchased":["Coolheaded","Loop","Meat on the Bone"],"campfire_rested":2,"item_purchase_floors":[2,22,30],"current_hp_per_floor":[81,81,81,77,55,79,62,62,69,59,37,34,26,24,50,26,89,86,69,69,68,68,68,68,67,67,67,21,8,8,0],"gold":0,"neow_bonus":"TEN_PERCENT_HP_BONUS","is_prod":false,"is_daily":false,"chose_seed":false,"campfire_upgraded":3,"win_rate":0.0,"timestamp":1564729578,"path_taken":["M","$","?","M","M","R","E","R","T","M","E","?","?","?","R","BOSS","M","?","?","M","$","R","M","M","T","R","E","M","$","M"],"build_version":"2019-07-17","purchased_purges":2,"victory":false,"max_hp_per_floor":[82,82,82,82,82,82,82,82,89,89,89,89,89,89,89,89,89,89,94,94,94,94,94,94,94,94,94,94,94,94,94],"card_choices":[{"not_picked":["Hologram","Redo"],"picked":"Loop","floor":1},{"not_picked":["Cold Snap","Go for the Eyes","Leap"],"picked":"SKIP","floor":3},{"not_picked":["Go for the Eyes","Leap"],"picked":"Cold Snap","floor":4},{"not_picked":["Redo","Leap"],"picked":"Ball Lightning","floor":5},{"not_picked":["Sweeping Beam","Thunder Strike"],"picked":"Static Discharge","floor":7},{"not_picked":["Auto Shields","Redo"],"picked":"Ball Lightning","floor":10},{"not_picked":["Gash","Sweeping Beam"],"picked":"Fusion","floor":11},{"not_picked":["Steam","Streamline","Beam Cell"],"picked":"SKIP","floor":14},{"not_picked":["Creative AI","Buffer"],"picked":"Electrodynamics","floor":16},{"not_picked":["White Noise+1","Redo"],"picked":"Conserve Battery+1","floor":18},{"not_picked":["Conserve Battery","Stack","Genetic Algorithm"],"picked":"SKIP","floor":21},{"not_picked":["Cold Snap+1","White Noise","Leap+1"],"picked":"SKIP","floor":24},{"not_picked":["Hello World","Storm","Leap+1"],"picked":"SKIP","floor":25},{"not_picked":["Leap","Hologram","Coolheaded"],"picked":"SKIP","floor":28},{"not_picked":["Steam Power","Cold Snap"],"picked":"BootSequence","floor":29}],"player_experience":12261,"relics_obtained":[{"floor":7,"key":"Centennial Puzzle"},{"floor":9,"key":"Strawberry"},{"floor":11,"key":"Bronze Scales"},{"floor":26,"key":"Potion Belt"},{"floor":28,"key":"Mummified Hand"}],"event_choices":[{"damage_healed":0,"gold_gain":0,"player_choice":"Fled","damage_taken":3,"max_hp_gain":0,"max_hp_loss":0,"event_name":"Scrap Ooze","floor":12,"gold_loss":0},{"damage_healed":0,"gold_gain":0,"player_choice":"Damaged","damage_taken":8,"max_hp_gain":0,"max_hp_loss":0,"event_name":"Wheel of Change","floor":13,"gold_loss":0},{"damage_healed":0,"gold_gain":0,"player_choice":"Shed Blood","damage_taken":22,"max_hp_gain":5,"max_hp_loss":0,"event_name":"Forgotten Altar","floor":19,"gold_loss":0},{"damage_healed":0,"gold_gain":0,"player_choice":"Read","damage_taken":0,"max_hp_gain":0,"max_hp_loss":0,"event_name":"The Library","floor":20,"gold_loss":0,"cards_obtained":["BootSequence"]}],"is_beta":false,"boss_relics":[{"not_picked":["Black Star","White Beast Statue"],"picked":"Runic Pyramid"}],"items_purged_floors":[2,22],"is_endless":false,"potions_floor_spawned":[1,3,4,14,25,28,29],"killed_by":"Sentry and Sphere","ascension_level":0}