{"gold_per_floor":[112,35,51,69,79,113,126,126,152,152,60,79,112,124,124,196,196,215,215,215,228,8,8,25,45,45,45,65,65,65],"floor_reached":30,"playtime":1216,"items_purged":[],"score":488,"play_id":"3c0c23f9-b05e-47e1-a33b-50b5f068d888","local_time":"20180924114119","is_ascension_mode":true,"campfire_choices":[{"data":"Zap","floor":8.0,"key":"SMITH"},{"data":"Tempest","floor":10.0,"key":"SMITH"},{"floor":15.0,"key":"REST"},{"data":"Loop","floor":23,"key":"SMITH"},{"floor":27,"key":"REST"}],"neow_cost":"NONE","seed_source_timestamp":8865182916240,"circlet_count":0,"master_deck":["Strike_B","Strike_B","Strike_B","Strike_B","Defend_B","Defend_B","Defend_B","Defend_B","Zap+1","Dualcast","AscendersBane","Biased Cognition","Leap","Self Repair","Rebound","Cold Snap","Tempest+1","Rainbow","Static Discharge","Loop+1","Chill","Go for the Eyes","Undo","Electrodynamics","Sweeping Beam+1","Leap+1","Coolheaded","Fusion"],"special_seed":0,"relics":["Cracked Core","Lantern","Bronze Scales","Sozu","Nloth\u0027s Gift","Runic Capacitor","Pantograph"],"potions_floor_usage":[30],"damage_taken":[{"damage":1.0,"enemies":"2 Louse","floor":1.0,"turns":3.0},{"damage":12.0,"enemies":"Jaw Worm","floor":3.0,"turns":3.0},{"damage":7.0,"enemies":"Small Slimes","floor":4.0,"turns":3.0},{"damage":1.0,"enemies":"2 Fungi Beasts","floor":5.0,"turns":3.0},{"damage":22.0,"enemies":"3 Sentries","floor":6.0,"turns":6.0},{"damage":28.0,"enemies":"Gremlin Gang","floor":7.0,"turns":6.0},{"damage":9.0,"enemies":"Red Slaver","floor":12.0,"turns":2.0},{"damage":14.0,"enemies":"Lagavulin","floor":13.0,"turns":3.0},{"damage":3.0,"enemies":"3 Louse","floor":14.0,"turns":2.0},{"damage":9.0,"enemies":"Hexaghost","floor":16.0,"turns":8.0},{"damage":9.0,"enemies":"Chosen","floor":18.0,"turns":4.0},{"damage":21,"enemies":"Shell Parasite","floor":21,"turns":3},{"damage":26,"enemies":"Shelled Parasite and Fungi","floor":24,"turns":4},{"damage":22,"enemies":"Chosen and Byrds","floor":25,"turns":5},{"damage":17,"enemies":"Cultist and Chosen","floor":28,"turns":5},{"damage":10,"enemies":"Snake Plant","floor":30,"turns":1}],"seed_played":"871524570753405846","potions_obtained":[{"floor":3.0,"key":"Dexterity Potion"},{"floor":12.0,"key":"SpeedPotion"},{"floor":13.0,"key":"Fire Potion"},{"floor":16.0,"key":"EssenceOfSteel"}],"is_trial":false,"path_per_floor":["M","$","M","M","M","E","M","R","T","R","$","M","E","M","R","B",null,"M","?","?","M","$","R","M","M","T","R","M","$"],"character_chosen":"DEFECT","items_purchased":["Self Repair","Loop","Runic Capacitor"],"campfire_rested":2,"item_purchase_floors":[2,11,22],"current_hp_per_floor":[63,63,58,58,64,49,28,28,28,28,28,19,5,2,23,21,59,57,57,57,43,43,43,24,2,2,23,6,6,0],"gold":65,"neow_bonus":"ONE_RANDOM_RARE_CARD","is_prod":false,"is_daily":false,"chose_seed":false,"campfire_upgraded":3,"win_rate":0,"timestamp":1537760479,"path_taken":["M","$","M","M","M","E","M","R","T","R","$","M","E","M","R","BOSS","M","?","?","M","$","R","M","M","T","R","M","$","M"],"build_version":"2018-09-20","purchased_purges":0,"victory":false,"max_hp_per_floor":[71,71,71,71,71,71,71,71,71,71,71,71,71,71,71,71,71,71,71,71,71,71,71,71,71,71,71,71,71,71],"card_choices":[{"not_picked":["Sweeping Beam","Go for the Eyes"],"picked":"Leap","floor":1.0},{"not_picked":["Self Repair","Turbo"],"picked":"Rebound","floor":3.0},{"not_picked":["Recycle","Fusion"],"picked":"Cold Snap","floor":4.0},{"not_picked":["Cold Snap","Compile Driver"],"picked":"Tempest","floor":5.0},{"not_picked":["Streamline","Hologram"],"picked":"Rainbow","floor":6.0},{"not_picked":["Skim","Redo"],"picked":"Static Discharge","floor":7.0},{"not_picked":["Gash","Coolheaded"],"picked":"Chill","floor":12.0},{"not_picked":["Tempest","Blizzard"],"picked":"Go for the Eyes","floor":13.0},{"not_picked":["Force Field","Hologram"],"picked":"Undo","floor":14.0},{"not_picked":["Machine Learning","Fission"],"picked":"Electrodynamics","floor":16.0},{"not_picked":["Blizzard","Compile Driver"],"picked":"Sweeping Beam+1","floor":18.0},{"not_picked":["Scrape","Beam Cell"],"picked":"Leap+1","floor":21},{"not_picked":["Compile Driver","Redo","Sweeping Beam+1"],"picked":"SKIP","floor":24},{"not_picked":["Lockon+1","Steam"],"picked":"Coolheaded","floor":25},{"not_picked":["Loop","Capacitor"],"picked":"Fusion","floor":28}],"player_experience":399789,"relics_obtained":[{"floor":6.0,"key":"Darkstone Periapt"},{"floor":9.0,"key":"Lantern"},{"floor":13.0,"key":"Bronze Scales"},{"floor":26,"key":"Pantograph"}],"event_choices":[{"event_name":"The Mausoleum","player_choice":"No","floor":19,"damage_taken":0},{"event_name":"N\u0027loth","player_choice":"Traded a Darkstone Periapt","floor":20,"damage_taken":0}],"is_beta":true,"boss_relics":[{"not_picked":["Philosopher\u0027s Stone","Lizard Tail"],"picked":"Sozu"}],"items_purged_floors":[],"is_endless":false,"potions_floor_spawned":[3,12,13,16,24,25],"killed_by":"Snake Plant","ascension_level":20}