{"gold_per_floor":[113,132,149,160,160,203,40,120,146,169,187,187,206,206],"floor_reached":14,"playtime":1062,"items_purged":["Injury"],"score":94,"play_id":"4cf05285-5b4e-4934-aa0f-5320fd68dbea","local_time":"20190806201800","is_ascension_mode":false,"campfire_choices":[],"neow_cost":"NONE","seed_source_timestamp":174229801460443,"circlet_count":0,"master_deck":["Strike_B+1","Strike_B","Strike_B+1","Strike_B","Defend_B","Defend_B","Defend_B","Defend_B","Zap","Dualcast","Storm","Sweeping Beam","Redo","Loop","Machine Learning","Bandage Up","White Noise","Hologram","Redo"],"relics":["Cracked Core","NeowsBlessing","Golden Idol","Whetstone","Regal Pillow","Strawberry"],"potions_floor_usage":[4,8,13],"damage_taken":[{"damage":0,"enemies":"2 Louse","floor":1,"turns":1},{"damage":0,"enemies":"Jaw Worm","floor":2,"turns":1},{"damage":0,"enemies":"Cultist","floor":3,"turns":1},{"damage":0,"enemies":"3 Louse","floor":4,"turns":1},{"damage":39,"enemies":"3 Sentries","floor":6,"turns":6},{"damage":32,"enemies":"Lagavulin Event","floor":8,"turns":5},{"damage":11,"enemies":"Blue Slaver","floor":10,"turns":4},{"damage":0,"enemies":"Lots of Slimes","floor":11,"turns":1},{"damage":11,"enemies":"Large Slime","floor":13,"turns":4},{"damage":6,"enemies":"3 Louse","floor":14,"turns":1}],"seed_played":"900269340669858368","potions_obtained":[{"floor":3,"key":"Explosive Potion"},{"floor":4,"key":"Strength Potion"},{"floor":10,"key":"LiquidBronze"},{"floor":11,"key":"LiquidBronze"}],"is_trial":false,"path_per_floor":["M","M","M","M","?","E","$","?","T","M","M","?","M","M"],"character_chosen":"DEFECT","items_purchased":["Bandage Up"],"campfire_rested":0,"item_purchase_floors":[7],"current_hp_per_floor":[75,75,75,75,75,36,36,8,15,8,8,8,1,0],"gold":206,"neow_bonus":"THREE_ENEMY_KILL","is_prod":false,"is_daily":false,"chose_seed":false,"campfire_upgraded":0,"win_rate":0.0,"timestamp":1565115480,"path_taken":["M","M","M","M","?","E","$","?","T","?","?","?","M","M"],"build_version":"2019-07-17","purchased_purges":1,"victory":false,"max_hp_per_floor":[75,75,75,75,75,75,75,75,82,82,82,82,82,82],"card_choices":[{"not_picked":["Streamline","Leap"],"picked":"Storm","floor":1},{"not_picked":["Compile Driver","Cold Snap"],"picked":"Sweeping Beam","floor":2},{"not_picked":["Barrage","Cold Snap"],"picked":"Redo","floor":3},{"not_picked":["Compile Driver","Sweeping Beam"],"picked":"Loop","floor":4},{"not_picked":["Hello World","Echo Form"],"picked":"Machine Learning","floor":6},{"not_picked":["Compile Driver","Ball Lightning"],"picked":"White Noise","floor":8},{"not_picked":["Melter","Rebound"],"picked":"Hologram","floor":10},{"not_picked":["Cold Snap","Hello World"],"picked":"Redo","floor":11},{"not_picked":["Lockon","FTL","Streamline"],"picked":"SKIP","floor":13}],"player_experience":18849,"relics_obtained":[{"floor":6,"key":"Whetstone"},{"floor":9,"key":"Strawberry"}],"event_choices":[{"damage_healed":0,"gold_gain":0,"player_choice":"Take Wound","damage_taken":0,"relics_obtained":["Golden Idol"],"max_hp_gain":0,"max_hp_loss":0,"event_name":"Golden Idol","floor":5,"gold_loss":0,"cards_obtained":["Injury"]},{"damage_healed":0,"gold_gain":0,"player_choice":"Searched \u00272\u0027 times","damage_taken":0,"relics_obtained":["Regal Pillow"],"max_hp_gain":0,"max_hp_loss":0,"event_name":"Dead Adventurer","floor":8,"gold_loss":0},{"damage_healed":0,"gold_gain":0,"player_choice":"Ignored","damage_taken":0,"max_hp_gain":0,"max_hp_loss":0,"event_name":"Shining Light","floor":12,"gold_loss":0}],"is_beta":false,"boss_relics":[],"items_purged_floors":[7],"is_endless":false,"potions_floor_spawned":[3,4,10,11],"killed_by":"3 Louse","ascension_level":0}