{"gold_per_floor":[115,30,50,67,67,67,99,110,180,180],"floor_reached":10,"playtime":265,"items_purged":[],"score":134,"play_id":"e41a4e3a-0e0b-47b0-b9e1-1eafe04a07b5","local_time":"20181007140604","is_ascension_mode":true,"campfire_choices":[{"data":"Chaos","floor":6.0,"key":"SMITH"}],"neow_cost":"NONE","seed_source_timestamp":10115172252200,"circlet_count":0,"master_deck":["Strike_B","Strike_B","Strike_B","Strike_B","Defend_B","Defend_B","Defend_B","Defend_B","Zap","Dualcast","AscendersBane","Gash","Gash","Gash","Chaos+1","Ball Lightning","Streamline","Gash","Reinforced Body","Doom and Gloom","Redo","Chaos"],"special_seed":0,"relics":["Orrery","CultistMask","Mango","Molten Egg 2"],"potions_floor_usage":[],"damage_taken":[{"damage":3.0,"enemies":"Small Slimes","floor":1.0,"turns":4.0},{"damage":6.0,"enemies":"Cultist","floor":3.0,"turns":3.0},{"damage":4.0,"enemies":"2 Louse","floor":4.0,"turns":3.0},{"damage":35,"enemies":"Lagavulin","floor":7,"turns":5},{"damage":20,"enemies":"Exordium Wildlife","floor":8,"turns":4},{"damage":20,"enemies":"3 Sentries","floor":10,"turns":2}],"seed_played":"-268343723324525285","potions_obtained":[{"floor":3.0,"key":"Ancient Potion"},{"floor":4.0,"key":"Ancient Potion"},{"floor":7,"key":"EssenceOfSteel"}],"is_trial":false,"path_per_floor":["M","$","M","M","?","R","E","M","T"],"character_chosen":"DEFECT","items_purchased":["Gash","Reinforced Body"],"campfire_rested":0,"item_purchase_floors":[2,2],"current_hp_per_floor":[65,65,59,55,55,55,34,14,14,0],"gold":180,"neow_bonus":"BOSS_RELIC","is_prod":false,"is_daily":false,"chose_seed":false,"campfire_upgraded":1,"win_rate":0,"timestamp":1538892364,"path_taken":["M","$","M","M","?","R","E","M","T","E"],"build_version":"2018-10-04","purchased_purges":0,"victory":false,"max_hp_per_floor":[75,75,75,75,75,75,89,89,89,89],"card_choices":[{"not_picked":["Barrage","Rip and Tear"],"picked":"Gash","floor":0.0},{"not_picked":["Rebound","Barrage"],"picked":"Gash","floor":0.0},{"not_picked":["Self Repair","Darkness"],"picked":"Gash","floor":0.0},{"not_picked":["Turbo","Steam"],"picked":"Chaos","floor":0.0},{"not_picked":["Leap","Compile Driver"],"picked":"Ball Lightning","floor":0.0},{"not_picked":["Leap","Go for the Eyes"],"picked":"Streamline","floor":1.0},{"not_picked":["Recycle","Conserve Battery"],"picked":"Doom and Gloom","floor":3.0},{"not_picked":["Darkness","Chaos","Coolheaded"],"picked":"SKIP","floor":4.0},{"not_picked":["Machine Learning","Sweeping Beam"],"picked":"Redo","floor":7},{"not_picked":["Compile Driver","Capacitor"],"picked":"Chaos","floor":8}],"player_experience":426040,"relics_obtained":[{"floor":7,"key":"Mango"},{"floor":9,"key":"Molten Egg 2"}],"event_choices":[{"event_name":"FaceTrader","player_choice":"Trade","floor":5.0,"damage_taken":0.0}],"is_beta":true,"boss_relics":[],"items_purged_floors":[],"is_endless":false,"potions_floor_spawned":[3,4,7],"killed_by":"3 Sentries","ascension_level":12}