{"gold_per_floor":[360,378,378,388,402,402,417,417,417,437,469,482,482,11,11,86,86,100,110,25,25,25,51,51,51],"floor_reached":25,"playtime":935,"items_purged":[],"score":401,"play_id":"6385b2d6-407d-47e2-ac7e-b7d72273f08b","local_time":"20190209070720","is_ascension_mode":true,"campfire_choices":[{"data":"Demon Form","floor":6.0,"key":"SMITH"},{"data":"Shrug It Off","floor":8.0,"key":"SMITH"},{"data":"Double Tap","floor":13.0,"key":"SMITH"},{"data":"Discovery","floor":15.0,"key":"SMITH"},{"data":"Flex","floor":24.0,"key":"SMITH"}],"neow_cost":"TEN_PERCENT_HP_LOSS","seed_source_timestamp":0,"circlet_count":0,"master_deck":["AscendersBane","Strike_R","Strike_R","Strike_R","Strike_R","Strike_R","Defend_R","Defend_R","Defend_R","Defend_R","Bash+1","Shrug It Off+1","Demon Form+1","Power Through","Double Tap+1","Reaper","Discovery+1","Limit Break+1","Disarm+1","Pummel","Flex+1"],"special_seed":0,"relics":["Burning Blood","Omamori","Regal Pillow","Lee\u0027s Waffle","Sozu","Nilry\u0027s Codex","Matryoshka"],"potions_floor_usage":[],"damage_taken":[{"damage":6.0,"enemies":"2 Louse","floor":1.0,"turns":3.0},{"damage":6.0,"enemies":"Cultist","floor":2.0,"turns":3.0},{"damage":6.0,"enemies":"Small Slimes","floor":4.0,"turns":4.0},{"damage":11.0,"enemies":"Blue Slaver","floor":5.0,"turns":6.0},{"damage":18.0,"enemies":"Red Slaver","floor":7.0,"turns":5.0},{"damage":22.0,"enemies":"Exordium Wildlife","floor":10.0,"turns":8.0},{"damage":20.0,"enemies":"Lagavulin","floor":11.0,"turns":7.0},{"damage":13.0,"enemies":"3 Louse","floor":12.0,"turns":4.0},{"damage":50.0,"enemies":"Hexaghost","floor":16.0,"turns":9.0},{"damage":36.0,"enemies":"Spheric Guardian","floor":18.0,"turns":6.0},{"damage":22.0,"enemies":"Shell Parasite","floor":19.0,"turns":7.0},{"damage":34.0,"enemies":"Gremlin Leader","floor":23.0,"turns":8.0},{"damage":69,"enemies":"Slavers","floor":25,"turns":6}],"seed_played":"-1740733065541067664","potions_obtained":[{"floor":1.0,"key":"SteroidPotion"},{"floor":5.0,"key":"Energy Potion"},{"floor":12.0,"key":"SpeedPotion"}],"is_trial":false,"path_per_floor":["M","M","?","M","M","R","M","R","T","M","E","M","R","$","R","B",null,"M","M","$","?","?","E","R","E"],"character_chosen":"IRONCLAD","items_purchased":["Reaper","Lee\u0027s Waffle","Discovery","Pummel"],"campfire_rested":0,"item_purchase_floors":[14,14,14,20],"current_hp_per_floor":[68,68,68,68,63,63,51,51,51,35,21,14,14,75,75,75,75,45,50,50,29,29,62,62,5],"gold":51,"neow_bonus":"TWO_FIFTY_GOLD","is_prod":false,"is_daily":false,"chose_seed":false,"campfire_upgraded":5,"win_rate":0,"timestamp":1549667240,"path_taken":["M","M","?","M","M","R","M","R","T","M","E","?","R","$","R","BOSS","M","M","$","?","?","E","R","E"],"build_version":"2019-02-06","purchased_purges":0,"victory":false,"max_hp_per_floor":[68,68,68,68,68,68,68,68,68,68,68,68,68,75,75,75,75,75,75,75,75,75,75,75,75],"card_choices":[{"not_picked":["Dual Wield","Iron Wave","Clash"],"picked":"SKIP","floor":1.0},{"not_picked":["Wild Strike","Sword Boomerang"],"picked":"Shrug It Off","floor":2.0},{"not_picked":["Reckless Charge","Havoc","Flex"],"picked":"SKIP","floor":4.0},{"not_picked":["Pommel Strike","Iron Wave"],"picked":"Demon Form","floor":5.0},{"not_picked":["Heavy Blade","Anger","Thunderclap"],"picked":"SKIP","floor":7.0},{"not_picked":["Dual Wield","Sentinel"],"picked":"Power Through","floor":10.0},{"not_picked":["Uppercut","Clash"],"picked":"Double Tap","floor":11.0},{"not_picked":["Shrug It Off","Headbutt","Cleave"],"picked":"SKIP","floor":12.0},{"not_picked":["Dark Embrace","Demon Form"],"picked":"Limit Break","floor":16.0},{"not_picked":["Sentinel","Twin Strike"],"picked":"Disarm+1","floor":18.0},{"not_picked":["Burning Pact","Shockwave","Disarm"],"picked":"SKIP","floor":19.0},{"not_picked":["Twin Strike+1","Inflame"],"picked":"Flex","floor":23.0}],"player_experience":765869,"relics_obtained":[{"floor":9.0,"key":"Omamori"},{"floor":11.0,"key":"Regal Pillow"},{"floor":21.0,"key":"Nilry\u0027s Codex"},{"floor":23.0,"key":"Matryoshka"}],"event_choices":[{"damage_healed":0.0,"max_hp_gain":0.0,"max_hp_loss":0.0,"gold_gain":0.0,"event_name":"Upgrade Shrine","player_choice":"Upgraded","floor":3.0,"gold_loss":0.0,"damage_taken":0.0,"cards_upgraded":["Bash"]},{"damage_healed":0.0,"max_hp_gain":0.0,"max_hp_loss":0.0,"gold_gain":0.0,"event_name":"Cursed Tome","player_choice":"Obtained Book","floor":21.0,"gold_loss":0.0,"damage_taken":21.0},{"damage_healed":0.0,"max_hp_gain":0.0,"max_hp_loss":0.0,"gold_gain":0.0,"event_name":"Upgrade Shrine","player_choice":"Upgraded","floor":22.0,"gold_loss":0.0,"damage_taken":0.0,"cards_upgraded":["Limit Break"]}],"is_beta":true,"boss_relics":[{"not_picked":["Philosopher\u0027s Stone","Mark of Pain"],"picked":"Sozu"}],"items_purged_floors":[],"is_endless":false,"potions_floor_spawned":[1,5,10,12,16,19],"killed_by":"Slavers","ascension_level":16}