{"gold_per_floor":[109,109,33,33,52,52,62,14,62,62,96,109,134,150,150,247,247,257,180,88,13,13,40,40,51,77,77,94,19,35,48,48,147,147,161,178,138,138,138,173,173,200,225,225,225,88,101,125,125,125],"floor_reached":51,"playtime":2608,"items_purged":["Defend_R"],"score":879,"play_id":"3666a5f7-2a60-436d-b093-36d58c04aa09","local_time":"20180812181530","is_ascension_mode":true,"campfire_choices":[{"data":"Sword Boomerang","floor":6.0,"key":"SMITH"},{"data":"Shrug It Off","floor":15.0,"key":"SMITH"},{"data":"Shockwave","floor":24.0,"key":"SMITH"},{"data":"Demon Form","floor":32,"key":"SMITH"},{"data":"Flame Barrier","floor":41,"key":"SMITH"},{"data":"Shrug It Off","floor":44,"key":"SMITH"},{"data":"Metallicize","floor":49,"key":"SMITH"}],"neow_cost":"NONE","seed_source_timestamp":0,"circlet_count":0,"master_deck":["Defend_R+1","Defend_R+1","Bash","Sword Boomerang+1","Flex","Clothesline","Flame Barrier+1","Metallicize+1","Body Slam","Shrug It Off+1","Shockwave+1","Shrug It Off+1","Demon Form+1","Heavy Blade+1","Power Through","Thunderclap","Pommel Strike+1","Disarm+1","Bite+1","Bite+1","Bite+1","Bite+1","Bite+1","Carnage+1","Feed+1","Iron Wave+1","Dual Wield+1","Heavy Blade+1","Sword Boomerang+1","Inflame"],"special_seed":0,"relics":["Burning Blood","Orichalcum","Singing Bowl","Pen Nib","Omamori","Snecko Eye","Molten Egg 2","Blue Candle","Centennial Puzzle","Coffee Dripper","Ancient Tea Set","Blood Vial","War Paint","The Courier","Strawberry"],"potions_floor_usage":[33,33,33,39,50,50,50],"damage_taken":[{"damage":2.0,"enemies":"2 Louse","floor":1.0,"turns":3.0},{"damage":13.0,"enemies":"Jaw Worm","floor":3.0,"turns":5.0},{"damage":14.0,"enemies":"Jaw Worm","floor":5.0,"turns":4.0},{"damage":0.0,"enemies":"Small Slimes","floor":7.0,"turns":2.0},{"damage":9.0,"enemies":"Lagavulin","floor":11.0,"turns":6.0},{"damage":2.0,"enemies":"Looter","floor":12.0,"turns":3.0},{"damage":16.0,"enemies":"3 Sentries","floor":13.0,"turns":9.0},{"damage":8.0,"enemies":"Gremlin Gang","floor":14.0,"turns":5.0},{"damage":25.0,"enemies":"Hexaghost","floor":16.0,"turns":12.0},{"damage":0.0,"enemies":"3 Byrds","floor":18.0,"turns":3.0},{"damage":3.0,"enemies":"Slavers","floor":23.0,"turns":8.0},{"damage":13.0,"enemies":"2 Thieves","floor":25.0,"turns":3.0},{"damage":6,"enemies":"Cultist and Chosen","floor":28,"turns":5},{"damage":11,"enemies":"Centurion and Healer","floor":30,"turns":3},{"damage":3,"enemies":"Snake Plant","floor":31,"turns":4},{"damage":19,"enemies":"Champ","floor":33,"turns":7},{"damage":5,"enemies":"Orb Walker","floor":35,"turns":3},{"damage":0,"enemies":"3 Shapes","floor":36,"turns":3},{"damage":6,"enemies":"Giant Head","floor":40,"turns":5},{"damage":14,"enemies":"2 Orb Walkers","floor":42,"turns":5},{"damage":7,"enemies":"3 Darklings","floor":47,"turns":2},{"damage":34,"enemies":"Time Eater","floor":50,"turns":6}],"seed_played":"4677485864080092038","potions_obtained":[{"floor":7.0,"key":"SneckoOil"},{"floor":11.0,"key":"SkillPotion"},{"floor":12.0,"key":"Poison Potion"},{"floor":14.0,"key":"Block Potion"},{"floor":23.0,"key":"SkillPotion"},{"floor":25.0,"key":"Poison Potion"},{"floor":37,"key":"Fruit Juice"},{"floor":37,"key":"AttackPotion"},{"floor":37,"key":"AttackPotion"},{"floor":42,"key":"Swift Potion"}],"is_trial":false,"path_per_floor":["M","?","$","?","M","R","M","$","T","T","E","M","E","M","R","B",null,"M","?","$","?","?","E","R","M","T","?","M","$","M","M","R","B",null,"M","M","?","$","?","E","R","E","T","R","T","$","M","T","R","B"],"character_chosen":"IRONCLAD","items_purchased":["Flex","Clothesline","Body Slam","Power Through","Thunderclap","Heavy Blade+1","Sword Boomerang+1","Inflame"],"campfire_rested":0,"item_purchase_floors":[3,3,8,20,20,46,46,46],"current_hp_per_floor":[80,80,73,80,72,72,78,78,78,78,75,79,71,69,69,50,82,82,82,82,82,82,82,82,75,75,57,59,59,59,61,61,54,61,63,65,65,65,70,70,70,72,72,72,72,72,76,83,83,61],"gold":125,"neow_bonus":"REMOVE_CARD","is_prod":false,"is_daily":false,"chose_seed":false,"campfire_upgraded":7,"win_rate":0,"timestamp":1534068930,"path_taken":["M","?","?","?","M","R","M","$","T","?","E","M","E","?","R","BOSS","M","?","$","?","?","E","R","M","T","?","M","?","M","M","R","BOSS","M","M","?","$","?","E","R","E","T","R","?","$","?","?","R","BOSS"],"build_version":"2018-08-09","purchased_purges":1,"victory":true,"max_hp_per_floor":[80,80,80,80,80,80,80,80,80,80,80,80,82,82,82,82,82,82,82,82,82,82,82,82,82,82,57,59,59,59,61,61,61,61,63,65,65,65,70,70,70,74,74,74,74,74,76,83,83,83],"card_choices":[{"not_picked":["Evolve","Perfected Strike"],"picked":"Sword Boomerang","floor":1.0},{"not_picked":["Infernal Blade","Iron Wave"],"picked":"Flame Barrier","floor":5.0},{"not_picked":["Thunderclap","Battle Trance"],"picked":"Metallicize","floor":7.0},{"not_picked":["Twin Strike","Thunderclap"],"picked":"Shrug It Off","floor":11.0},{"not_picked":["Inflame","Headbutt"],"picked":"Shockwave","floor":12.0},{"not_picked":["Disarm","Wild Strike","Intimidate"],"picked":"Singing Bowl","floor":13.0},{"not_picked":["Thunderclap","Perfected Strike"],"picked":"Shrug It Off","floor":14.0},{"not_picked":["Dark Embrace","Immolate"],"picked":"Demon Form","floor":16.0},{"not_picked":["Shockwave","Havoc+1"],"picked":"Heavy Blade","floor":18.0},{"not_picked":["Iron Wave+1","Reckless Charge+1"],"picked":"Pommel Strike+1","floor":23.0},{"not_picked":["Clash+1","Pummel+1"],"picked":"Disarm+1","floor":25.0},{"not_picked":["Armaments+1","Perfected Strike+1","Headbutt+1"],"picked":"Singing Bowl","floor":28},{"not_picked":["Disarm","Shockwave"],"picked":"Carnage+1","floor":30},{"not_picked":["Perfected Strike+1","Havoc+1","Infernal Blade"],"picked":"Singing Bowl","floor":31},{"not_picked":["Bludgeon+1","Demon Form"],"picked":"Feed+1","floor":33},{"not_picked":["True Grit+1","Armaments+1","Clothesline+1"],"picked":"Singing Bowl","floor":35},{"not_picked":["Clash+1","Perfected Strike+1","Headbutt+1"],"picked":"Singing Bowl","floor":36},{"not_picked":["Combust","Demon Form"],"picked":"Iron Wave+1","floor":40},{"not_picked":["Carnage+1","Body Slam+1"],"picked":"Dual Wield+1","floor":42},{"not_picked":["Thunderclap+1","Armaments+1","Battle Trance+1"],"picked":"Singing Bowl","floor":47}],"player_experience":229192,"relics_obtained":[{"floor":9.0,"key":"Orichalcum"},{"floor":10.0,"key":"Singing Bowl"},{"floor":11.0,"key":"Pen Nib"},{"floor":13.0,"key":"Omamori"},{"floor":23.0,"key":"Blue Candle"},{"floor":26.0,"key":"Centennial Puzzle"},{"floor":40,"key":"Ancient Tea Set"},{"floor":42,"key":"Blood Vial"},{"floor":43,"key":"War Paint"},{"floor":45,"key":"The Courier"},{"floor":48,"key":"Strawberry"}],"event_choices":[{"event_name":"Living Wall","player_choice":"Change","floor":2.0,"damage_taken":0.0},{"event_name":"Bonfire Elementals","player_choice":"UNCOMMON","floor":4.0,"damage_taken":0.0},{"event_name":"Drug Dealer","player_choice":"Got JAXXED","floor":19.0,"damage_taken":0.0},{"event_name":"Beggar","player_choice":"Gave Gold","floor":21.0,"damage_taken":0.0},{"event_name":"Addict","player_choice":"Gave JAX","floor":22.0,"damage_taken":0.0},{"event_name":"Vampires","player_choice":"Became a vampire","floor":27.0,"damage_taken":0.0},{"event_name":"The Woman in Blue","player_choice":"Bought 3 Potions","floor":37,"damage_taken":0},{"event_name":"Accursed Blacksmith","player_choice":"Forge","floor":39,"damage_taken":0}],"is_beta":false,"boss_relics":[{"not_picked":["White Beast Statue","Empty Cage"],"picked":"Snecko Eye"},{"not_picked":["Lizard Tail","Sozu"],"picked":"Coffee Dripper"}],"items_purged_floors":[29],"is_endless":false,"potions_floor_spawned":[7,11,12,14,16,23,25,42],"ascension_level":2}