{"gold_per_floor":[116,116,128,128,148,148,164,190,217,217],"floor_reached":10,"playtime":639,"items_purged":[],"score":78,"play_id":"31966ed5-0b93-4e8b-87a2-9886a4a4f7d0","local_time":"20180923180524","is_ascension_mode":true,"campfire_choices":[{"data":"Survivor","floor":6.0,"key":"SMITH"}],"neow_cost":"NONE","seed_source_timestamp":7359559485703,"circlet_count":0,"master_deck":["Defend_G","Defend_G","Defend_G","Defend_G","Defend_G","Strike_G","Strike_G","Strike_G","Strike_G","Strike_G","Survivor+1","Neutralize+1","PiercingWail","Backstab","Escape Plan","Cloak And Dagger","Tools of the Trade"],"special_seed":0,"relics":["Ring of the Snake","Lantern","Juzu Bracelet","Bag of Marbles"],"potions_floor_usage":[10],"damage_taken":[{"damage":0.0,"enemies":"Cultist","floor":1.0,"turns":3.0},{"damage":0.0,"enemies":"Jaw Worm","floor":3.0,"turns":4.0},{"damage":0.0,"enemies":"Small Slimes","floor":5.0,"turns":4.0},{"damage":1.0,"enemies":"Exordium Wildlife","floor":7.0,"turns":5.0},{"damage":36.0,"enemies":"3 Sentries","floor":8.0,"turns":12.0},{"damage":15,"enemies":"Lagavulin","floor":10,"turns":6}],"seed_played":"-5896758157021744472","potions_obtained":[{"floor":8.0,"key":"PowerPotion"}],"is_trial":false,"path_per_floor":["M","?","M","?","M","R","M","E","T"],"character_chosen":"THE_SILENT","items_purchased":[],"campfire_rested":0,"item_purchase_floors":[],"current_hp_per_floor":[70,52,52,52,52,52,51,15,15,0],"gold":217,"neow_bonus":"UPGRADE_CARD","is_prod":false,"is_daily":false,"chose_seed":false,"campfire_upgraded":1,"win_rate":0,"timestamp":1537697124,"path_taken":["M","?","M","?","M","R","M","E","T","E"],"build_version":"2018-09-20","purchased_purges":0,"victory":false,"max_hp_per_floor":[70,70,70,70,70,70,70,70,70,70],"card_choices":[{"not_picked":["Blade Dance","Dagger Throw"],"picked":"PiercingWail","floor":1.0},{"not_picked":["Deadly Poison","Acrobatics"],"picked":"Backstab","floor":3.0},{"not_picked":["Eviscerate","Outmaneuver"],"picked":"Escape Plan","floor":5.0},{"not_picked":["Prepared","Slice"],"picked":"Cloak And Dagger","floor":7.0},{"not_picked":["Dagger Throw","Escape Plan"],"picked":"Tools of the Trade","floor":8.0}],"player_experience":390764,"relics_obtained":[{"floor":8.0,"key":"Juzu Bracelet"},{"floor":9.0,"key":"Bag of Marbles"}],"event_choices":[{"event_name":"Scrap Ooze","player_choice":"success","floor":2.0,"damage_taken":18.0},{"event_name":"Liars Game","player_choice":"disagreed","floor":4.0,"damage_taken":0.0}],"is_beta":true,"boss_relics":[],"items_purged_floors":[],"is_endless":false,"potions_floor_spawned":[8],"killed_by":"Lagavulin","ascension_level":3}