{"gold_per_floor":[112,7,19,94,109,109,128,128,128,191,207,207,222,236,236,341,341,355,355,226,226],"floor_reached":21,"playtime":791,"items_purged":[],"score":274,"play_id":"a33080a1-5b65-4c88-9268-49a1766a9b18","local_time":"20180820165640","is_ascension_mode":true,"campfire_choices":[{"data":"Redo","floor":6.0,"key":"SMITH"},{"data":"Defragment","floor":12,"key":"SMITH"},{"data":"Dualcast","floor":15,"key":"SMITH"}],"neow_cost":"","seed_source_timestamp":0,"circlet_count":0,"master_deck":["Strike_B","Strike_B","Defend_B","Defend_B","Defend_B","Zap","Dualcast+1","AscendersBane","Self Repair","Defragment+1","Streamline","Doom and Gloom","Redo+1","Glacier","BootSequence","Auto Shields","Capacitor","Buffer","Melter+1","Capacitor+1","Rip and Tear+1","Go for the Eyes","Necronomicurse","Rainbow","Redo"],"special_seed":0,"relics":["Cracked Core","Letter Opener","Symbiotic Virus","Astrolabe","Necronomicon"],"potions_floor_usage":[16,21],"damage_taken":[{"damage":0.0,"enemies":"Small Slimes","floor":1.0,"turns":3.0},{"damage":8.0,"enemies":"Jaw Worm","floor":3.0,"turns":4.0},{"damage":0.0,"enemies":"2 Louse","floor":5.0,"turns":1.0},{"damage":10.0,"enemies":"2 Fungi Beasts","floor":7.0,"turns":3.0},{"damage":35,"enemies":"3 Sentries","floor":10,"turns":4},{"damage":0,"enemies":"Red Slaver","floor":11,"turns":3},{"damage":3,"enemies":"Large Slime","floor":13,"turns":5},{"damage":0,"enemies":"Looter","floor":14,"turns":2},{"damage":30,"enemies":"The Guardian","floor":16,"turns":12},{"damage":14,"enemies":"Shell Parasite","floor":18,"turns":4},{"damage":46,"floor":21,"turns":3}],"seed_played":"8071673418619173755","potions_obtained":[{"floor":3.0,"key":"Weak Potion"},{"floor":7.0,"key":"GamblersBrew"},{"floor":18,"key":"Explosive Potion"}],"is_trial":false,"path_per_floor":["M","$","M","?","M","R","M","?","T","?","M","R","M","M","R","B",null,"M","?","$"],"character_chosen":"DEFECT","items_purchased":["Defragment","Streamline","Rainbow","Redo"],"campfire_rested":0,"item_purchase_floors":[2,2,20,20],"current_hp_per_floor":[68,68,67,56,56,56,53,58,58,30,37,37,41,41,41,18,65,58,42,42,0],"gold":226,"neow_bonus":"","is_prod":false,"is_daily":false,"chose_seed":false,"campfire_upgraded":3,"win_rate":0,"timestamp":1534755400,"path_taken":["M","$","M","?","M","R","M","?","T","?","M","R","?","M","R","BOSS","M","?","$","?"],"build_version":"2018-08-16","purchased_purges":0,"victory":false,"max_hp_per_floor":[75,75,75,75,75,75,75,80,80,80,80,80,80,80,80,80,80,80,80,80,80],"card_choices":[{"not_picked":["Hologram","Blizzard"],"picked":"Self Repair","floor":1.0},{"not_picked":["Conserve Battery","FTL"],"picked":"Doom and Gloom","floor":3.0},{"not_picked":["Hologram","Turbo"],"picked":"Redo","floor":5.0},{"not_picked":["Conserve Battery","Sweeping Beam"],"picked":"Glacier","floor":7.0},{"not_picked":["Streamline","Doom and Gloom"],"picked":"BootSequence","floor":10},{"not_picked":["Self Repair","Lockon"],"picked":"Auto Shields","floor":11},{"not_picked":["Rip and Tear","Beam Cell","Lockon"],"picked":"SKIP","floor":13},{"not_picked":["Consume","Barrage"],"picked":"Capacitor","floor":14},{"not_picked":["Fission","Electrodynamics"],"picked":"Buffer","floor":16},{"not_picked":["Ball Lightning","Steam"],"picked":"Go for the Eyes","floor":18}],"player_experience":248654,"relics_obtained":[{"floor":9.0,"key":"Letter Opener"},{"floor":10,"key":"Symbiotic Virus"},{"floor":19,"key":"Necronomicon"}],"event_choices":[{"event_name":"World of Goop","player_choice":"Gather Gold","floor":4.0,"damage_taken":0.0},{"event_name":"Big Fish","player_choice":"Donut","floor":8.0,"damage_taken":0.0},{"event_name":"Dead Adventurer","player_choice":"Searched \u00271\u0027 times","floor":10,"damage_taken":0},{"event_name":"Cursed Tome","player_choice":"Obtained Book","floor":19,"damage_taken":0},{"event_name":"Masked Bandits","player_choice":"Fought Bandits","floor":21,"damage_taken":0}],"is_beta":false,"boss_relics":[{"not_picked":["Busted Crown","Pandora\u0027s Box"],"picked":"Astrolabe"}],"items_purged_floors":[],"is_endless":false,"potions_floor_spawned":[3,7,10,11,14,18],"ascension_level":12}