{"gold_per_floor":[115,115,132,207,222,222,249,249,249,282,91,91,106,125,125,222,222,239,46,46,62,74,74,90,124,124,136,147,147,147,158,158,260,260,272,272,289,289,100,100],"floor_reached":40,"playtime":2199,"items_purged":[],"score":631,"play_id":"0386189a-a31e-443d-ae06-67fc1fb11ea3","local_time":"20180802163524","is_ascension_mode":true,"campfire_choices":[{"floor":6.0,"key":"REST"},{"data":"Dualcast","floor":8.0,"key":"SMITH"},{"floor":12.0,"key":"REST"},{"data":"Chaos","floor":15.0,"key":"SMITH"},{"floor":23.0,"key":"REST"},{"floor":30.0,"key":"REST"},{"floor":32.0,"key":"REST"}],"neow_cost":"NONE","seed_source_timestamp":0,"circlet_count":0,"master_deck":["Strike_B+1","Strike_B+1","Strike_B+1","Defend_B+1","Defend_B+1","Defend_B+1","Defend_B+1","Zap","Dualcast+1","Turbo","Recycle","Loop","Ball Lightning","Compile Driver","Glacier","Reboot","Tempest","Chaos+1","Capacitor","Electrodynamics","Stack+1","Apotheosis","Defragment","White Noise+1","Heatsinks+1","Leap+1","Cold Snap","Thunder Strike","Madness+1","Madness+1","BootSequence+1","Panacea+1","Aggregate+1","Chaos+1","Storm"],"special_seed":0,"relics":["White Beast Statue","Sundial","Dodecahedron","DataDisk","Inserter","Potion Belt","Girya","Toxic Egg 2","Cursed Key"],"potions_floor_usage":[40,40,40],"damage_taken":[{"damage":13.0,"enemies":"Jaw Worm","floor":1.0,"turns":4.0},{"damage":8.0,"enemies":"2 Louse","floor":3.0,"turns":3.0},{"damage":8.0,"enemies":"Small Slimes","floor":5.0,"turns":3.0},{"damage":43.0,"enemies":"3 Sentries","floor":7.0,"turns":9.0},{"damage":11.0,"enemies":"Lagavulin","floor":10.0,"turns":5.0},{"damage":1.0,"enemies":"Blue Slaver","floor":13.0,"turns":3.0},{"damage":6.0,"enemies":"3 Louse","floor":14.0,"turns":4.0},{"damage":12.0,"enemies":"The Guardian","floor":16.0,"turns":11.0},{"damage":10.0,"enemies":"2 Thieves","floor":18.0,"turns":3.0},{"damage":0.0,"enemies":"Spheric Guardian","floor":21.0,"turns":3.0},{"damage":13.0,"enemies":"Snake Plant","floor":22.0,"turns":3.0},{"damage":13.0,"enemies":"Slaver and Parasite","floor":24.0,"turns":5.0},{"damage":33.0,"enemies":"Book of Stabbing","floor":25.0,"turns":6.0},{"damage":0.0,"enemies":"Centurion and Healer","floor":27.0,"turns":4.0},{"damage":15.0,"enemies":"Snake Plant","floor":28.0,"turns":4.0},{"damage":18.0,"enemies":"3 Cultists","floor":31.0,"turns":4.0},{"damage":18.0,"enemies":"Champ","floor":33.0,"turns":10.0},{"damage":0.0,"enemies":"3 Shapes","floor":35.0,"turns":3.0},{"damage":3.0,"enemies":"Flame Bruiser 1 Orb","floor":37.0,"turns":7.0},{"damage":71,"enemies":"2 Orb Walkers","floor":40,"turns":4}],"seed_played":"-4648039749089985106","potions_obtained":[{"floor":1.0,"key":"Swift Potion"},{"floor":3.0,"key":"Regen Potion"},{"floor":5.0,"key":"EntropicBrew"},{"floor":7.0,"key":"EssenceOfSteel"},{"floor":10.0,"key":"Poison Potion"},{"floor":13.0,"key":"Block Potion"},{"floor":14.0,"key":"EssenceOfSteel"},{"floor":18.0,"key":"Weak Potion"},{"floor":21.0,"key":"Poison Potion"},{"floor":22.0,"key":"Energy Potion"},{"floor":24.0,"key":"SkillPotion"},{"floor":25.0,"key":"FocusPotion"},{"floor":27.0,"key":"Ancient Potion"},{"floor":28.0,"key":"Ancient Potion"},{"floor":31.0,"key":"Block Potion"},{"floor":33.0,"key":"EssenceOfSteel"},{"floor":35.0,"key":"Weak Potion"},{"floor":37.0,"key":"Weak Potion"}],"is_trial":false,"path_per_floor":["M","?","M","?","M","R","E","R","T","E","$","R","M","M","R","B",null,"M","$","?","M","M","R","M","E","T","M","M","?","R","M","R","B",null,"M","?","M","?","$"],"character_chosen":"DEFECT","items_purchased":["Reboot","Tempest","Apotheosis","Aggregate+1","Chaos+1","Storm"],"campfire_rested":5,"item_purchase_floors":[11,11,19,39,39,39],"current_hp_per_floor":[55,55,47,36,28,50,22,22,22,11,11,33,32,26,26,14,60,50,50,50,50,37,59,46,13,13,20,5,5,27,9,31,13,60,60,51,55,55,55,0],"gold":100,"neow_bonus":"BOSS_RELIC","is_prod":false,"is_daily":false,"chose_seed":false,"campfire_upgraded":2,"win_rate":0,"timestamp":1533198924,"path_taken":["M","?","M","?","M","R","E","R","T","E","$","R","M","M","R","BOSS","M","$","?","M","M","R","M","E","T","M","?","?","R","M","R","BOSS","M","?","M","?","$","E"],"build_version":"2018-07-26","purchased_purges":0,"victory":false,"max_hp_per_floor":[75,75,75,75,75,75,75,75,75,75,75,75,75,75,75,75,75,75,75,75,75,75,75,75,75,75,75,75,75,75,75,75,75,75,75,75,75,75,75,75],"card_choices":[{"not_picked":["FTL","Storm"],"picked":"Turbo","floor":1.0},{"not_picked":["Skim","Stack"],"picked":"Loop","floor":3.0},{"not_picked":["Force Field","Barrage"],"picked":"Ball Lightning","floor":5.0},{"not_picked":["Hologram","Storm"],"picked":"Compile Driver","floor":7.0},{"not_picked":["Coolheaded","Reprogram"],"picked":"Glacier","floor":10.0},{"not_picked":["Rip and Tear","Chill"],"picked":"Chaos","floor":13.0},{"not_picked":["Cold Snap","Beam Cell"],"picked":"Capacitor","floor":14.0},{"not_picked":["Machine Learning","Reboot"],"picked":"Electrodynamics","floor":16.0},{"not_picked":["Sunder","Go for the Eyes"],"picked":"Stack+1","floor":18.0},{"not_picked":["Gash","Barrage","Hello World"],"picked":"SKIP","floor":21.0},{"not_picked":["Sweeping Beam","Ball Lightning"],"picked":"Defragment","floor":22.0},{"not_picked":["Streamline","Ball Lightning"],"picked":"White Noise+1","floor":24.0},{"not_picked":["White Noise","Sweeping Beam"],"picked":"Heatsinks+1","floor":25.0},{"not_picked":["Coolheaded+1","Turbo+1"],"picked":"Leap+1","floor":27.0},{"not_picked":["Turbo+1","Rebound+1"],"picked":"Cold Snap","floor":28.0},{"not_picked":["Compile Driver","Beam Cell","Rebound"],"picked":"SKIP","floor":31.0},{"not_picked":["Amplify+1","Hyperbeam"],"picked":"Thunder Strike","floor":33.0},{"not_picked":["Compile Driver+1","Stack+1","Melter"],"picked":"SKIP","floor":35.0},{"not_picked":["Go for the Eyes","Compile Driver"],"picked":"BootSequence+1","floor":37.0},{"not_picked":["Bandage Up+1","Mind Blast"],"picked":"Panacea+1","floor":38.0}],"player_experience":200570,"relics_obtained":[{"floor":7.0,"key":"Sundial"},{"floor":9.0,"key":"Dodecahedron"},{"floor":10.0,"key":"DataDisk"},{"floor":25.0,"key":"Girya"},{"floor":26.0,"key":"Toxic Egg 2"}],"event_choices":[{"event_name":"Living Wall","player_choice":"Change","floor":2.0,"damage_taken":0.0},{"event_name":"World of Goop","player_choice":"Gather Gold","floor":4.0,"damage_taken":0.0},{"event_name":"WeMeetAgain","player_choice":"Potion","floor":20.0,"damage_taken":0.0},{"event_name":"Back to Basics","player_choice":"Simplicity","floor":29.0,"damage_taken":0.0},{"event_name":"Winding Halls","player_choice":"Embrace Madness","floor":36.0,"damage_taken":0.0},{"event_name":"SensoryStone","player_choice":"Memory 1","floor":38.0,"damage_taken":0.0}],"is_beta":false,"boss_relics":[{"not_picked":["Lizard Tail","Ectoplasm"],"picked":"Inserter"},{"not_picked":["Nuclear Battery","Philosopher\u0027s Stone"],"picked":"Cursed Key"}],"items_purged_floors":[],"is_endless":false,"potions_floor_spawned":[1,3,5,7,10,13,14,16,18,21,22,24,25,27,28,31,33,35,37],"killed_by":"2 Orb Walkers","ascension_level":9}