{"gold_per_floor":[119,134,134,134,234,262,262,103,149,149,53,64,90,109,109,205,205,222,147,72],"floor_reached":20,"playtime":838,"items_purged":["Parasite"],"score":256,"play_id":"edb62d9e-92d8-46ec-a143-c7111ff63604","local_time":"20180722085008","is_ascension_mode":true,"campfire_choices":[{"data":"Sunder","floor":10,"key":"SMITH"},{"floor":15,"key":"REST"}],"neow_cost":"NONE","seed_source_timestamp":1882633009233,"circlet_count":0,"master_deck":["Strike_B","Strike_B","Strike_B","Defend_B","Defend_B","Defend_B","Defend_B","Zap","Dualcast","Sweeping Beam","Beam Cell","All For One","Streamline","Sunder+1","Steam Power","Leap","Chill","Leap","Hologram","Cold Snap","Creative AI","Clumsy","Injury","Cold Snap+1"],"relics":["Cracked Core","NeowsBlessing","Shuriken","Ornamental Fan","Regal Pillow","Vajra","Calling Bell","Potion Belt","Pantograph","Peace Pipe"],"potions_floor_usage":[],"damage_taken":[{"damage":0,"enemies":"Small Slimes","floor":1,"turns":1},{"damage":0,"enemies":"Jaw Worm","floor":2,"turns":1},{"damage":0,"enemies":"3 Sentries","floor":6,"turns":1},{"damage":4,"enemies":"Cultist","floor":12,"turns":3},{"damage":20,"enemies":"Gremlin Nob","floor":13,"turns":4},{"damage":13,"enemies":"Blue Slaver","floor":14,"turns":3},{"damage":18,"enemies":"The Guardian","floor":16,"turns":10},{"damage":28,"enemies":"Shell Parasite","floor":18,"turns":8},{"damage":25,"enemies":"2 Thieves","floor":20,"turns":4}],"seed_played":"-4465152843231292349","potions_obtained":[{"floor":6,"key":"Swift Potion"},{"floor":18,"key":"SkillPotion"}],"is_trial":false,"path_per_floor":["M","M","?","?","?","E","T","$","T","R","$","M","E","M","R","B",null,"M","$"],"character_chosen":"DEFECT","items_purchased":["Sunder","Steam Power","Leap","Chill"],"campfire_rested":1,"item_purchase_floors":[8,8,11,11],"current_hp_per_floor":[75,75,75,80,80,80,80,80,80,80,80,76,56,43,80,62,76,48,48,23],"gold":72,"neow_bonus":"THREE_ENEMY_KILL","is_prod":false,"is_daily":false,"chose_seed":false,"campfire_upgraded":1,"win_rate":0,"timestamp":1532220608,"path_taken":["M","M","?","?","?","E","?","?","T","R","?","M","E","M","R","BOSS","M","$","M"],"build_version":"2018-07-19v2","purchased_purges":1,"victory":false,"max_hp_per_floor":[75,75,75,80,80,80,80,80,80,80,80,80,80,80,80,80,80,80,77,77],"card_choices":[{"not_picked":["Go for the Eyes","Turbo"],"picked":"Sweeping Beam","floor":1},{"not_picked":["Steam","Stack"],"picked":"Beam Cell","floor":2},{"not_picked":["Fission","Stack"],"picked":"Streamline","floor":6},{"not_picked":["Barrage","Undo"],"picked":"Leap","floor":12},{"not_picked":["Auto Shields","Beam Cell"],"picked":"Hologram","floor":13},{"not_picked":["Go for the Eyes","Tempest"],"picked":"Cold Snap","floor":14},{"not_picked":["Buffer","Meteor Strike"],"picked":"Creative AI","floor":16},{"not_picked":["Sweeping Beam","Leap+1"],"picked":"Cold Snap+1","floor":18}],"player_experience":147462,"relics_obtained":[{"floor":6,"key":"Shuriken"},{"floor":7,"key":"Ornamental Fan"},{"floor":9,"key":"Regal Pillow"},{"floor":13,"key":"Vajra"},{"floor":17,"key":"Potion Belt"},{"floor":17,"key":"Pantograph"},{"floor":17,"key":"Peace Pipe"}],"event_choices":[{"event_name":"Living Wall","player_choice":"Change","floor":3,"damage_taken":0},{"event_name":"Big Fish","player_choice":"Donut","floor":4,"damage_taken":0},{"event_name":"Golden Shrine","player_choice":"Pray","floor":5,"damage_taken":0}],"is_beta":false,"boss_relics":[{"not_picked":["Eternal Feather","Empty Cage"],"picked":"Calling Bell"}],"items_purged_floors":[19],"is_endless":false,"potions_floor_spawned":[6,18],"killed_by":"2 Thieves","ascension_level":5}