{"gold_per_floor":[378,17,128,245,358,358,218,23,136,248,364,364,67,13,125,239,354,464],"floor_reached":19,"playtime":1408,"items_purged":["Strike_B","Strike_B","Strike_B","Strike_B"],"score":2715,"play_id":"db235bc4-a31f-4927-998f-bbb26e99bf47","local_time":"20190615131356","daily_mods":["challengethespire:Bronze Difficulty","challengethespire:Boss Rush","Uncertain Future"],"is_ascension_mode":false,"campfire_choices":[],"neow_cost":"","seed_source_timestamp":0,"circlet_count":0,"master_deck":["Defend_B","Defend_B","Defend_B","Defend_B","Zap","Dualcast","Coolheaded+1","Recycle+1","Fusion+1","Hologram+1","Conserve Battery+1","Darkness+1","Chaos+1","Seek+1","Glacier+1","Loop+1","Self Repair+1","Leap+1","Turbo+1","Consume+1","Defragment+1","Redo+1","Heatsinks+1","Skim+1","Double Energy+1","Glacier+1","Creative AI+1","Rainbow+1","Heatsinks+1","Loop+1","Turbo+1","Turbo+1","Turbo+1"],"special_seed":0,"relics":["Cracked Core","The Courier","Molten Egg 2","Toxic Egg 2","Frozen Egg 2","Runic Capacitor","Boot","Calipers","Bronze Scales","Orrery","Mummified Hand","Vajra","Bottled Lightning","Cursed Key","Bag of Preparation","Ice Cream","DataDisk","Turnip","Bag of Marbles"],"potions_floor_usage":[17,18,18],"damage_taken":[{"damage":23.0,"enemies":"Hexaghost","floor":3.0,"turns":9.0},{"damage":35.0,"enemies":"Slime Boss","floor":4.0,"turns":9.0},{"damage":3.0,"enemies":"The Guardian","floor":5.0,"turns":7.0},{"damage":6.0,"enemies":"Collector","floor":9.0,"turns":9.0},{"damage":0.0,"enemies":"Champ","floor":10.0,"turns":10.0},{"damage":0.0,"enemies":"Automaton","floor":11.0,"turns":7.0},{"damage":0,"enemies":"Time Eater","floor":15,"turns":6},{"damage":0,"enemies":"Donu and Deca","floor":16,"turns":5},{"damage":0,"enemies":"Awakened One","floor":17,"turns":8},{"damage":0,"enemies":"The Heart","floor":18,"turns":6}],"seed_played":"544915014944116188","potions_obtained":[{"floor":3.0,"key":"PowerPotion"},{"floor":4.0,"key":"Block Potion"},{"floor":16,"key":"SkillPotion"},{"floor":18,"key":"SkillPotion"}],"is_trial":true,"path_per_floor":["$","$","M","M","M","T","$","$","M","M","M","T","$","$","M","M","M","M",null],"character_chosen":"DEFECT","items_purchased":["Runic Capacitor","Coolheaded+1","Recycle+1","Fusion+1","Hologram+1","Conserve Battery+1","Darkness+1","Chaos+1","FocusPotion","Seek+1","Glacier+1","Loop+1","Self Repair+1","Leap+1","Block Potion","Mummified Hand","Bag of Preparation","Heatsinks+1","Loop+1"],"campfire_rested":0,"item_purchase_floors":[1,1,1,1,1,1,1,1,1,2,2,2,2,2,7,8,13,13,14],"current_hp_per_floor":[75,75,62,37,44,44,44,44,48,58,68,68,68,68,75,75,75,75],"gold":464,"neow_bonus":"","is_prod":false,"is_daily":false,"chose_seed":false,"campfire_upgraded":0,"win_rate":0,"timestamp":1560575636,"path_taken":["$","$","M","M","M","T","$","$","M","M","M","T","$","$","M","M","M","M"],"build_version":"2019-01-23","purchased_purges":4,"victory":true,"max_hp_per_floor":[75,75,75,75,75,75,75,75,75,75,75,75,75,75,75,75,75,75],"card_choices":[],"player_experience":982410,"relics_obtained":[{"floor":3.0,"key":"Boot"},{"floor":4.0,"key":"Calipers"},{"floor":5.0,"key":"Bronze Scales"},{"floor":9.0,"key":"Vajra"},{"floor":11,"key":"Bottled Lightning"},{"floor":15,"key":"Ice Cream"},{"floor":16,"key":"DataDisk"},{"floor":17,"key":"Turnip"},{"floor":18,"key":"Bag of Marbles"}],"event_choices":[],"is_beta":false,"boss_relics":[{"not_picked":["Inserter","Velvet Choker"],"picked":"Orrery"},{"not_picked":["Eternal Feather","Empty Cage"],"picked":"Cursed Key"}],"items_purged_floors":[1,2,7,13],"is_endless":false,"potions_floor_spawned":[3,4,16,18],"ascension_level":0}