{"gold_per_floor":[118,43,57,74,84,417,417,417,489,489,501,530,530,31,31,106,106,117,137,152,152,166,166,193,193,193,193,193,193,204,236,236,311,311,327,327,327,176,194,229,229,244,244,216,247,100,100,117,117,117],"floor_reached":50,"playtime":2725,"items_purged":["Strike_B"],"score":1096,"play_id":"16901e12-3129-476e-b441-04b6e156d135","local_time":"20181209182509","is_ascension_mode":true,"campfire_choices":[{"data":"Dualcast","floor":7.0,"key":"SMITH"},{"data":"Steam Power","floor":13.0,"key":"SMITH"},{"data":"Biased Cognition","floor":15.0,"key":"SMITH"},{"floor":23.0,"key":"REST"},{"floor":25.0,"key":"REST"},{"data":"Seek","floor":29.0,"key":"SMITH"},{"data":"Coolheaded","floor":32.0,"key":"SMITH"},{"data":"Consume","floor":41.0,"key":"SMITH"},{"data":"Hologram","floor":47.0,"key":"SMITH"},{"floor":49,"key":"RECALL"}],"neow_cost":"NONE","seed_source_timestamp":2612590319700,"circlet_count":0,"master_deck":["AscendersBane","Zap+1","Dualcast+1","Melter","Leap","Glacier","Biased Cognition+1","Self Repair","Steam Power+1","Cold Snap","Seek+1","Stack","Go for the Eyes","Coolheaded+1","Rip and Tear","Leap","Conserve Battery","Capacitor","Chill","Ball Lightning","Auto Shields","Doom and Gloom","Turbo","Echo Form","Trip","Consume+1","Rainbow","Hologram+1","Meteor Strike","Turbo"],"special_seed":0,"relics":["Cracked Core","Old Coin","Dodecahedron","Boot","OrangePellets","Regal Pillow","Pandora\u0027s Box","Bronze Scales","Bottled Lightning","MutagenicStrength","Anchor","Inserter","Calipers","Frozen Egg 2","Strawberry"],"potions_floor_usage":[48,50,50],"damage_taken":[{"damage":12.0,"enemies":"Jaw Worm","floor":1.0,"turns":2.0},{"damage":4.0,"enemies":"Small Slimes","floor":3.0,"turns":3.0},{"damage":9.0,"enemies":"2 Louse","floor":4.0,"turns":2.0},{"damage":4.0,"enemies":"2 Fungi Beasts","floor":5.0,"turns":3.0},{"damage":20.0,"enemies":"Gremlin Nob","floor":6.0,"turns":4.0},{"damage":11.0,"enemies":"Exordium Thugs","floor":11.0,"turns":3.0},{"damage":1.0,"enemies":"Lagavulin","floor":12.0,"turns":5.0},{"damage":5.0,"enemies":"Hexaghost","floor":16.0,"turns":10.0},{"damage":12.0,"enemies":"Shell Parasite","floor":18.0,"turns":4.0},{"damage":18.0,"enemies":"3 Byrds","floor":19.0,"turns":6.0},{"damage":12.0,"enemies":"Shelled Parasite and Fungi","floor":20.0,"turns":5.0},{"damage":23.0,"enemies":"Colosseum Slavers","floor":21.0,"turns":5.0},{"damage":0.0,"enemies":"Cultist and Chosen","floor":22.0,"turns":5.0},{"damage":39.0,"enemies":"Book of Stabbing","floor":24.0,"turns":6.0},{"damage":0.0,"enemies":"Sentry and Sphere","floor":30.0,"turns":3.0},{"damage":8.0,"enemies":"Gremlin Leader","floor":31.0,"turns":7.0},{"damage":11.0,"enemies":"Collector","floor":33.0,"turns":15.0},{"damage":8.0,"enemies":"3 Shapes","floor":35.0,"turns":5.0},{"damage":5.0,"enemies":"Orb Walker","floor":39.0,"turns":3.0},{"damage":32.0,"enemies":"Nemesis","floor":40.0,"turns":9.0},{"damage":0.0,"enemies":"Maw","floor":42.0,"turns":8.0},{"damage":3.0,"enemies":"Giant Head","floor":45.0,"turns":8.0},{"damage":49,"enemies":"Transient","floor":48,"turns":6},{"damage":14,"enemies":"Awakened One","floor":50,"turns":3}],"seed_played":"6408590357406412347","potions_obtained":[{"floor":1.0,"key":"SkillPotion"},{"floor":5.0,"key":"Explosive Potion"},{"floor":11.0,"key":"SneckoOil"},{"floor":22.0,"key":"Poison Potion"},{"floor":24.0,"key":"AttackPotion"},{"floor":40.0,"key":"Energy Potion"},{"floor":48,"key":"EssenceOfSteel"}],"is_trial":false,"path_per_floor":["M","?","M","M","M","E","R","?","T","?","M","E","R","$","R","B",null,"M","M","M","?","M","R","E","R","T","?","?","R","M","E","R","B",null,"M","?","?","$","M","E","R","M","T","$","E","$","R","M","R","B"],"character_chosen":"DEFECT","items_purchased":["OrangePellets","Regal Pillow","Cold Snap","Trip","Swift Potion","Hologram","Meteor Strike","Turbo"],"campfire_rested":2,"item_purchase_floors":[14,14,14,38,38,44,46,46],"current_hp_per_floor":[52,52,48,39,35,15,15,15,15,15,4,10,10,10,10,12,56,51,40,35,19,19,55,23,59,59,59,64,64,71,70,70,66,70,62,62,62,62,57,39,39,53,53,53,64,64,64,22,22,8],"gold":117,"neow_bonus":"UPGRADE_CARD","is_prod":false,"is_daily":false,"chose_seed":false,"campfire_upgraded":7,"win_rate":0,"timestamp":1544351109,"path_taken":["M","?","M","M","M","E","R","?","T","?","M","E","R","$","R","BOSS","M","M","M","?","M","R","E","R","T","?","?","R","M","E","R","BOSS","M","?","?","$","M","E","R","M","T","?","E","$","R","M","R","BOSS"],"build_version":"2018-12-06","purchased_purges":1,"victory":false,"max_hp_per_floor":[71,71,71,71,71,71,71,71,71,71,71,71,71,71,71,71,71,71,71,71,71,71,71,71,71,71,71,71,71,71,71,71,71,71,71,71,67,67,67,67,67,67,67,67,74,74,74,74,74,74],"card_choices":[{"not_picked":["Storm","Sweeping Beam"],"picked":"Melter","floor":1.0},{"not_picked":["Steam","Barrage"],"picked":"Leap","floor":3.0},{"not_picked":["Recycle","Steam Power"],"picked":"Glacier","floor":4.0},{"not_picked":["Barrage","Force Field"],"picked":"Biased Cognition","floor":5.0},{"not_picked":["Aggregate","Beam Cell"],"picked":"Self Repair","floor":6.0},{"not_picked":["Compile Driver","Sweeping Beam"],"picked":"Steam Power","floor":11.0},{"not_picked":["Blizzard","Steam"],"picked":"Streamline","floor":12.0},{"not_picked":["Multi-Cast","Machine Learning"],"picked":"Seek","floor":16.0},{"not_picked":["BootSequence","Steam"],"picked":"Capacitor","floor":18.0},{"not_picked":["Recycle","Skim"],"picked":"Chill","floor":19.0},{"not_picked":["Cold Snap","Sweeping Beam"],"picked":"Ball Lightning","floor":20.0},{"not_picked":["Chill","Scrape"],"picked":"Auto Shields","floor":22.0},{"not_picked":["Steam","BootSequence","Leap"],"picked":"SKIP","floor":24.0},{"not_picked":["Go for the Eyes","White Noise"],"picked":"Doom and Gloom","floor":30.0},{"not_picked":["Streamline","Heatsinks"],"picked":"Turbo","floor":31.0},{"not_picked":["Reboot","Core Surge"],"picked":"Echo Form","floor":33.0},{"not_picked":["Chill","Doom and Gloom","Barrage"],"picked":"SKIP","floor":35.0},{"not_picked":["Steam","Gash+1"],"picked":"Consume","floor":39.0},{"not_picked":["Auto Shields","Reprogram"],"picked":"Rainbow","floor":40.0},{"not_picked":["Steam+1","Conserve Battery+1","Leap"],"picked":"SKIP","floor":42.0},{"not_picked":["Cold Snap","Steam Power","Rip and Tear"],"picked":"SKIP","floor":45.0},{"not_picked":["Cold Snap","Streamline","Turbo"],"picked":"SKIP","floor":48}],"player_experience":609868,"relics_obtained":[{"floor":6.0,"key":"Old Coin"},{"floor":9.0,"key":"Dodecahedron"},{"floor":12.0,"key":"Boot"},{"floor":24.0,"key":"Bronze Scales"},{"floor":26.0,"key":"Bottled Lightning"},{"floor":31.0,"key":"Anchor"},{"floor":40.0,"key":"Calipers"},{"floor":43.0,"key":"Frozen Egg 2"},{"floor":45.0,"key":"Strawberry"}],"event_choices":[{"cards_removed":["Strike_B"],"damage_healed":0.0,"max_hp_gain":0.0,"max_hp_loss":0.0,"gold_gain":0.0,"event_name":"The Cleric","player_choice":"Card Removal","floor":2.0,"gold_loss":75.0,"damage_taken":0.0},{"damage_healed":0.0,"max_hp_gain":0.0,"max_hp_loss":0.0,"gold_gain":0.0,"event_name":"Shining Light","player_choice":"Ignored","floor":8.0,"gold_loss":0.0,"damage_taken":0.0},{"damage_healed":0.0,"max_hp_gain":0.0,"max_hp_loss":0.0,"gold_gain":0.0,"event_name":"Scrap Ooze","player_choice":"Fled","floor":10.0,"gold_loss":0.0,"damage_taken":0.0},{"damage_healed":0.0,"max_hp_gain":0.0,"max_hp_loss":0.0,"gold_gain":0.0,"event_name":"Colosseum","player_choice":"Fight","floor":21.0,"gold_loss":0.0,"damage_taken":0.0},{"damage_healed":0.0,"max_hp_gain":0.0,"max_hp_loss":0.0,"gold_gain":0.0,"event_name":"Colosseum","player_choice":"Fled From Nobs","floor":21.0,"gold_loss":0.0,"damage_taken":0.0},{"damage_healed":0.0,"max_hp_gain":0.0,"max_hp_loss":0.0,"gold_gain":0.0,"event_name":"Drug Dealer","player_choice":"Inject Mutagens","floor":27.0,"gold_loss":0.0,"damage_taken":0.0,"relics_obtained":["MutagenicStrength"]},{"cards_removed":["Streamline"],"damage_healed":5.0,"max_hp_gain":0.0,"max_hp_loss":0.0,"gold_gain":0.0,"event_name":"Bonfire Elementals","player_choice":"Offered Common","floor":28.0,"gold_loss":0.0,"damage_taken":0.0},{"cards_removed":["Streamline"],"damage_healed":5.0,"max_hp_gain":0.0,"max_hp_loss":0.0,"gold_gain":0.0,"event_name":"Bonfire Elementals","player_choice":"Offered Special","floor":28.0,"gold_loss":0.0,"damage_taken":0.0},{"damage_healed":0.0,"max_hp_gain":0.0,"max_hp_loss":0.0,"gold_gain":0.0,"event_name":"Mysterious Sphere","player_choice":"Ignored","floor":36.0,"gold_loss":0.0,"damage_taken":0.0},{"damage_healed":0.0,"max_hp_gain":0.0,"max_hp_loss":4.0,"gold_gain":0.0,"event_name":"Winding Halls","player_choice":"Max HP","floor":37.0,"gold_loss":0.0,"damage_taken":0.0}],"is_beta":true,"boss_relics":[{"not_picked":["White Beast Statue","Philosopher\u0027s Stone"],"picked":"Pandora\u0027s Box"},{"not_picked":["Orrery","Fusion Hammer"],"picked":"Inserter"}],"items_purged_floors":[14],"is_endless":false,"potions_floor_spawned":[1,5,11,21,22,24,40,45,48],"killed_by":"Awakened One","ascension_level":20}