{"gold_per_floor":[119,119,21,41,57,90,90,100,100,130,142,142],"floor_reached":12,"playtime":378,"items_purged":[],"score":124,"play_id":"19148219-fa03-4162-ba59-13fe82557573","local_time":"20180810212818","is_ascension_mode":true,"campfire_choices":[{"data":"Doom and Gloom","floor":7,"key":"SMITH"}],"neow_cost":"NONE","seed_source_timestamp":22579755560527,"circlet_count":0,"master_deck":["Strike_B","Strike_B","Strike_B","Defend_B","Defend_B","Defend_B","Defend_B","Zap","Dualcast","AscendersBane","Ball Lightning","Streamline","BootSequence","Hologram","Doom and Gloom+1","Conserve Battery","Turbo"],"relics":["Cracked Core","NeowsBlessing","Cables","Bottled Lightning","Tiny Chest"],"potions_floor_usage":[12],"damage_taken":[{"damage":0,"enemies":"Jaw Worm","floor":1,"turns":1},{"damage":0,"enemies":"Small Slimes","floor":4,"turns":1},{"damage":0,"enemies":"2 Louse","floor":5,"turns":1},{"damage":37,"enemies":"Lagavulin","floor":6,"turns":7},{"damage":0,"enemies":"Red Slaver","floor":8,"turns":3},{"damage":7,"enemies":"Gremlin Gang","floor":11,"turns":3},{"damage":25,"enemies":"Gremlin Nob","floor":12,"turns":3}],"seed_played":"7309377338471715758","potions_obtained":[{"floor":6,"key":"Energy Potion"},{"floor":8,"key":"SpeedPotion"}],"is_trial":false,"path_per_floor":["M","?","$","M","M","E","R","M","T","T","M"],"character_chosen":"DEFECT","items_purchased":["Streamline","BootSequence"],"campfire_rested":0,"item_purchase_floors":[3,3],"current_hp_per_floor":[68,61,61,61,61,24,24,24,24,24,17,0],"gold":142,"neow_bonus":"THREE_ENEMY_KILL","is_prod":false,"is_daily":false,"chose_seed":false,"campfire_upgraded":1,"win_rate":0,"timestamp":1533907698,"path_taken":["M","?","$","M","?","E","R","?","T","?","?","E"],"build_version":"2018-08-09","purchased_purges":0,"victory":false,"max_hp_per_floor":[75,75,75,75,75,75,75,75,75,75,75,75],"card_choices":[{"not_picked":["Cold Snap","Gash"],"picked":"Ball Lightning","floor":1},{"not_picked":["Heatsinks","Beam Cell","Reprogram"],"picked":"SKIP","floor":4},{"not_picked":["Cold Snap","Rebound"],"picked":"Hologram","floor":5},{"not_picked":["Ball Lightning","Conserve Battery"],"picked":"Doom and Gloom","floor":6},{"not_picked":["Go for the Eyes","Rebound"],"picked":"Conserve Battery","floor":8},{"not_picked":["Rebound","Cold Snap"],"picked":"Turbo","floor":11}],"player_experience":224002,"relics_obtained":[{"floor":6,"key":"Cables"},{"floor":9,"key":"Bottled Lightning"},{"floor":10,"key":"Tiny Chest"}],"event_choices":[{"event_name":"Golden Wing","player_choice":"Card Removal","floor":2,"damage_taken":0}],"is_beta":false,"boss_relics":[],"items_purged_floors":[],"is_endless":false,"potions_floor_spawned":[6,8,11],"killed_by":"Gremlin Nob","ascension_level":11}