{"gold_per_floor":[114,126,5,20,20,20,45,45,96,66,66,79,130,142,142,243,243,263,188,188,200,200,226,226,226,226,276,293,293,312,10,10,10],"floor_reached":33,"playtime":1922,"items_purged":["Defend_R","Defend_R"],"score":263,"play_id":"494a3993-5453-4b89-881f-1ab732bad2bb","local_time":"20190809151307","is_ascension_mode":false,"campfire_choices":[{"data":"Perfected Strike","floor":6,"key":"SMITH"},{"data":"Iron Wave","floor":11,"key":"SMITH"},{"data":"Perfected Strike","floor":15,"key":"SMITH"},{"data":"Headbutt","floor":25,"key":"SMITH"},{"floor":29,"key":"REST"},{"data":"Shrug It Off","floor":32,"key":"SMITH"}],"neow_cost":"NONE","seed_source_timestamp":1555699986358300,"circlet_count":0,"master_deck":["Strike_R","Strike_R","Strike_R","Strike_R","Strike_R","Defend_R+1","Bash+1","Iron Wave+1","Perfected Strike+1","Shrug It Off+1","Headbutt","Headbutt+1","Sword Boomerang","Perfected Strike+1","Juggernaut","Shrug It Off+1","Headbutt","Writhe","Cleave","Shrug It Off+1","Perfected Strike+1"],"relics":["Burning Blood","Mercury Hourglass","Bottled Lightning","Pantograph","War Paint","Red Skull","Philosopher\u0027s Stone","Regal Pillow","Dodecahedron","Self Forming Clay","DollysMirror"],"potions_floor_usage":[],"damage_taken":[{"damage":1,"enemies":"Cultist","floor":1,"turns":4},{"damage":1,"enemies":"Jaw Worm","floor":2,"turns":4},{"damage":7,"enemies":"2 Louse","floor":4,"turns":3},{"damage":37,"enemies":"Lagavulin","floor":7,"turns":8},{"damage":6,"enemies":"Red Slaver","floor":12,"turns":2},{"damage":0,"enemies":"Exordium Wildlife","floor":14,"turns":3},{"damage":75,"enemies":"The Guardian","floor":16,"turns":12},{"damage":11,"enemies":"2 Thieves","floor":18,"turns":2},{"damage":14,"enemies":"Shell Parasite","floor":21,"turns":3},{"damage":43,"enemies":"Book of Stabbing","floor":23,"turns":4},{"damage":25,"enemies":"Shelled Parasite and Fungi","floor":28,"turns":5},{"damage":12,"enemies":"3 Cultists","floor":30,"turns":4},{"damage":88,"enemies":"Champ","floor":33,"turns":9}],"seed_played":"-7011073272574110022","potions_obtained":[{"floor":7,"key":"SneckoOil"},{"floor":10,"key":"Block Potion"},{"floor":10,"key":"EntropicBrew"},{"floor":30,"key":"Block Potion"}],"is_trial":false,"path_per_floor":["M","M","$","M","T","R","E","?","T","?","R","M","T","M","R","B",null,"M","?","?","M","?","E","?","R","T","?","M","R","M","$","R","B"],"character_chosen":"IRONCLAD","items_purchased":["Shrug It Off","DollysMirror"],"campfire_rested":1,"item_purchase_floors":[3,31],"current_hp_per_floor":[80,80,80,79,79,79,48,48,48,48,48,48,48,54,54,10,80,75,75,75,67,67,30,56,56,56,56,37,76,70,70,70,0],"gold":10,"neow_bonus":"UPGRADE_CARD","is_prod":false,"is_daily":false,"chose_seed":false,"campfire_upgraded":5,"win_rate":0.0,"timestamp":1565356387,"path_taken":["M","M","$","M","?","R","E","?","T","?","R","?","?","M","R","BOSS","M","?","?","?","?","E","?","R","T","?","M","R","M","$","R","BOSS"],"build_version":"2019-07-17","purchased_purges":2,"victory":false,"max_hp_per_floor":[80,80,80,80,80,80,80,80,80,80,80,80,80,80,80,80,80,80,80,80,80,80,80,80,80,80,80,80,80,80,80,80,80],"card_choices":[{"not_picked":["Twin Strike","Rampage"],"picked":"Iron Wave","floor":1},{"not_picked":["Power Through","Rupture"],"picked":"Perfected Strike","floor":2},{"not_picked":["Sword Boomerang","Cleave"],"picked":"Headbutt","floor":4},{"not_picked":["Cleave","Blood for Blood"],"picked":"Headbutt","floor":7},{"not_picked":["Searing Blow","Warcry"],"picked":"Sword Boomerang","floor":12},{"not_picked":["Reckless Charge","Double Tap"],"picked":"Perfected Strike","floor":14},{"not_picked":["Bludgeon","Immolate"],"picked":"Juggernaut","floor":16},{"not_picked":["Sword Boomerang","Cleave"],"picked":"Shrug It Off+1","floor":18},{"not_picked":["Sword Boomerang","Clothesline"],"picked":"Headbutt","floor":21},{"not_picked":["Heavy Blade+1","Searing Blow+1"],"picked":"Cleave","floor":23},{"not_picked":["Carnage","Reaper"],"picked":"Shrug It Off","floor":28},{"not_picked":["Shockwave","Heavy Blade","Entrench"],"picked":"SKIP","floor":30}],"player_experience":346947,"relics_obtained":[{"floor":5,"key":"Mercury Hourglass"},{"floor":7,"key":"Bottled Lightning"},{"floor":9,"key":"War Paint"},{"floor":13,"key":"Red Skull"},{"floor":23,"key":"Dodecahedron"},{"floor":26,"key":"Self Forming Clay"}],"event_choices":[{"damage_healed":0,"gold_gain":0,"player_choice":"Box","damage_taken":0,"relics_obtained":["Pantograph"],"max_hp_gain":0,"max_hp_loss":0,"event_name":"Big Fish","floor":8,"gold_loss":0,"cards_obtained":["Regret"]},{"damage_healed":0,"gold_gain":0,"player_choice":"Bought 2 Potions","damage_taken":0,"max_hp_gain":0,"max_hp_loss":0,"event_name":"The Woman in Blue","floor":10,"gold_loss":0},{"cards_removed":["Defend_R"],"damage_healed":0,"gold_gain":0,"player_choice":"Gave Gold","damage_taken":0,"max_hp_gain":0,"max_hp_loss":0,"event_name":"Beggar","floor":19,"gold_loss":75},{"cards_removed":["Regret"],"damage_healed":0,"gold_gain":0,"player_choice":"Removed Curses","damage_taken":0,"max_hp_gain":0,"max_hp_loss":0,"event_name":"Fountain of Cleansing","floor":20,"gold_loss":0},{"damage_healed":0,"gold_gain":0,"player_choice":"Opened","damage_taken":0,"relics_obtained":["Regal Pillow"],"max_hp_gain":0,"max_hp_loss":0,"event_name":"The Mausoleum","floor":22,"gold_loss":0,"cards_obtained":["Writhe"]},{"damage_healed":26,"gold_gain":0,"player_choice":"Heal","damage_taken":0,"max_hp_gain":0,"max_hp_loss":0,"event_name":"The Library","floor":24,"gold_loss":0},{"damage_healed":0,"gold_gain":100,"player_choice":"Bet on Murderer","damage_taken":0,"max_hp_gain":0,"max_hp_loss":0,"event_name":"The Joust","floor":27,"gold_loss":50}],"is_beta":false,"boss_relics":[{"not_picked":["Snecko Eye","Black Star"],"picked":"Philosopher\u0027s Stone"}],"items_purged_floors":[3,31],"is_endless":false,"potions_floor_spawned":[7,14,23,30],"killed_by":"Champ","ascension_level":0}