{"gold_per_floor":[109,123,143,155,171,171,205,205,229,239,138,138,165,165,165,269,269,280,109,128,141,170,170,205,215,238,264,282,282,282,292,292,389,389,399,621,335,352,6,6,406,417,417,417,431,442,442,459,459,459],"floor_reached":50,"playtime":5722,"items_purged":["Strike_B","Defend_B","Defend_B"],"score":701,"play_id":"afc11004-6c73-4b50-bb73-a3846854f552","local_time":"20190810004722","is_ascension_mode":true,"campfire_choices":[{"data":"Turbo","floor":6,"key":"SMITH"},{"data":"Skim","floor":8,"key":"SMITH"},{"data":"Go for the Eyes","floor":12,"key":"SMITH"},{"floor":15,"key":"REST"},{"data":"Turbo","floor":23,"key":"SMITH"},{"floor":32,"key":"REST"},{"floor":40,"key":"REST"},{"data":"Turbo","floor":47,"key":"SMITH"},{"data":"Hologram","floor":49,"key":"SMITH"}],"neow_cost":"NONE","seed_source_timestamp":444921746625820,"circlet_count":0,"master_deck":["Strike_B+1","Defend_B+1","Zap+1","Dualcast+1","Go for the Eyes+1","Turbo+1","Skim+1","BootSequence","All For One","Gash+1","Turbo+1","All For One","Double Energy+1","Stack+1","Fission+1","Multi-Cast","Self Repair","Gash","Steam","Beam Cell","Rebound","Auto Shields","Ball Lightning","Gash","Hyperbeam","All For One","FTL","Chill","Turbo+1","Streamline+1","FTL","Self Repair","Reprogram+1","Turbo+1","Writhe","Panacea","Parasite","Rebound+1","Hologram+1"],"relics":["Cracked Core","War Paint","Dream Catcher","Whetstone","PreservedInsect","Astrolabe","Red Mask","Potion Belt","Pen Nib","Bag of Preparation","Mercury Hourglass","Cursed Key","Dodecahedron","Old Coin","Bottled Lightning"],"potions_floor_usage":[7,7,13,24,42,45,46,46,46,50,50],"damage_taken":[{"damage":1,"enemies":"Cultist","floor":1,"turns":3},{"damage":0,"enemies":"Small Slimes","floor":2,"turns":3},{"damage":10,"enemies":"Jaw Worm","floor":3,"turns":4},{"damage":4,"enemies":"Blue Slaver","floor":4,"turns":4},{"damage":7,"enemies":"3 Louse","floor":5,"turns":3},{"damage":16,"enemies":"Gremlin Nob","floor":7,"turns":5},{"damage":0,"enemies":"2 Fungi Beasts","floor":10,"turns":3},{"damage":4,"enemies":"3 Sentries","floor":13,"turns":6},{"damage":39,"enemies":"Hexaghost","floor":16,"turns":11},{"damage":9,"enemies":"3 Byrds","floor":18,"turns":4},{"damage":10,"enemies":"2 Thieves","floor":20,"turns":4},{"damage":16,"enemies":"Centurion and Healer","floor":21,"turns":6},{"damage":6,"enemies":"Masked Bandits","floor":22,"turns":5},{"damage":0,"enemies":"Book of Stabbing","floor":24,"turns":1},{"damage":8,"enemies":"Cultist and Chosen","floor":25,"turns":6},{"damage":19,"enemies":"Slavers","floor":27,"turns":3},{"damage":0,"enemies":"Sentry and Sphere","floor":28,"turns":3},{"damage":0,"enemies":"Chosen and Byrds","floor":31,"turns":3},{"damage":0,"enemies":"Automaton","floor":33,"turns":6},{"damage":0,"enemies":"Orb Walker","floor":35,"turns":2},{"damage":23,"enemies":"3 Darklings","floor":38,"turns":3},{"damage":12,"enemies":"Mind Bloom Boss Battle","floor":41,"turns":2},{"damage":1,"enemies":"Sphere and 2 Shapes","floor":42,"turns":3},{"damage":30,"enemies":"Writhing Mass","floor":45,"turns":5},{"damage":0,"enemies":"Spire Growth","floor":46,"turns":3},{"damage":0,"enemies":"3 Darklings","floor":48,"turns":3},{"damage":111,"enemies":"Awakened One","floor":50,"turns":10}],"seed_played":"6817282936993850705","potions_obtained":[{"floor":2,"key":"SkillPotion"},{"floor":3,"key":"PowerPotion"},{"floor":4,"key":"Swift Potion"},{"floor":21,"key":"LiquidBronze"},{"floor":24,"key":"Regen Potion"},{"floor":25,"key":"Regen Potion"},{"floor":27,"key":"Dexterity Potion"},{"floor":28,"key":"Weak Potion"},{"floor":38,"key":"Swift Potion"},{"floor":42,"key":"Ancient Potion"},{"floor":45,"key":"GamblersBrew"}],"is_trial":false,"path_per_floor":["M","M","M","M","M","R","E","R","T","M","$","R","E","T","R","B",null,"M","$","M","M","?","R","E","M","T","E","M","?","T","M","R","B",null,"M","?","$","M","$","R","?","M","T","?","M","M","R","M","R","B"],"character_chosen":"DEFECT","items_purchased":["Gash","Multi-Cast","FTL","Chill","Turbo","FTL","Dodecahedron","Self Repair"],"campfire_rested":3,"item_purchase_floors":[11,19,37,37,37,39,39,39],"current_hp_per_floor":[74,74,64,60,53,53,37,37,37,37,37,37,33,33,55,16,75,66,66,56,47,48,48,48,47,47,35,42,28,28,35,59,66,80,80,80,80,64,64,80,75,80,80,80,64,71,71,80,80,0],"gold":459,"neow_bonus":"UPGRADE_CARD","is_prod":false,"is_daily":false,"chose_seed":false,"campfire_upgraded":6,"win_rate":0,"timestamp":1565390842,"path_taken":["M","M","M","M","M","R","E","R","T","M","$","R","E","?","R","BOSS","M","$","M","M","?","R","E","M","T","E","M","?","?","M","R","BOSS","M","?","$","M","$","R","?","M","T","?","M","M","R","M","R","BOSS"],"build_version":"2019-07-17","purchased_purges":3,"victory":false,"max_hp_per_floor":[75,75,75,75,75,75,75,75,75,75,75,75,75,75,75,75,75,75,75,75,75,75,75,75,75,75,75,75,80,80,80,80,80,80,80,80,80,80,80,80,80,80,80,80,80,80,80,80,80,80],"card_choices":[{"not_picked":["Leap","Hologram"],"picked":"Go for the Eyes","floor":1},{"not_picked":["Capacitor","Loop"],"picked":"Turbo","floor":2},{"not_picked":["Barrage","Beam Cell"],"picked":"Skim","floor":3},{"not_picked":["Rebound","Streamline"],"picked":"BootSequence","floor":4},{"not_picked":["Stack","Sweeping Beam","Streamline"],"picked":"SKIP","floor":5},{"not_picked":["Cold Snap","Compile Driver","Reinforced Body"],"picked":"SKIP","floor":7},{"not_picked":["Reprogram","Stack"],"picked":"All For One","floor":10},{"not_picked":["Barrage","Ball Lightning","Recycle"],"picked":"SKIP","floor":13},{"not_picked":["Barrage","Ball Lightning","Recycle"],"picked":"SKIP","floor":13},{"not_picked":["Rebound","Streamline"],"picked":"Turbo","floor":15},{"not_picked":["Biased Cognition","Machine Learning"],"picked":"All For One","floor":16},{"not_picked":["Sweeping Beam","Storm","Recycle+1"],"picked":"SKIP","floor":18},{"not_picked":["BootSequence+1","Stack+1"],"picked":"Self Repair","floor":20},{"not_picked":["Turbo","Coolheaded"],"picked":"Gash","floor":21},{"not_picked":["Go for the Eyes","Heatsinks+1"],"picked":"Steam","floor":22},{"not_picked":["Recycle","Genetic Algorithm"],"picked":"Beam Cell","floor":24},{"not_picked":["Leap","Hello World"],"picked":"Rebound","floor":25},{"not_picked":["Heatsinks","Loop"],"picked":"Auto Shields","floor":27},{"not_picked":["Blizzard","Hello World"],"picked":"Ball Lightning","floor":28},{"not_picked":["Beam Cell+1","Sweeping Beam"],"picked":"Gash","floor":31},{"not_picked":["Leap+1","Coolheaded"],"picked":"Hyperbeam","floor":32},{"not_picked":["Electrodynamics","Core Surge"],"picked":"All For One","floor":33},{"not_picked":["Genetic Algorithm+1","Go for the Eyes+1","White Noise+1"],"picked":"SKIP","floor":35},{"not_picked":["Sweeping Beam","Defragment+1"],"picked":"Streamline+1","floor":38},{"not_picked":["Compile Driver","Stack+1"],"picked":"Reprogram+1","floor":40},{"not_picked":["Self Repair+1","Fusion+1"],"picked":"Turbo+1","floor":41},{"not_picked":["Cold Snap+1","Glacier","Stack+1"],"picked":"SKIP","floor":42},{"not_picked":["Dark Shackles","The Bomb"],"picked":"Panacea","floor":44},{"not_picked":["Conserve Battery+1","Barrage+1"],"picked":"Rebound+1","floor":45},{"not_picked":["Undo+1","Sweeping Beam+1","Streamline+1"],"picked":"SKIP","floor":46},{"not_picked":["Ball Lightning","Stack+1"],"picked":"Hologram","floor":48}],"player_experience":65253,"relics_obtained":[{"floor":7,"key":"War Paint"},{"floor":9,"key":"Dream Catcher"},{"floor":13,"key":"Whetstone"},{"floor":14,"key":"PreservedInsect"},{"floor":22,"key":"Red Mask"},{"floor":24,"key":"Potion Belt"},{"floor":26,"key":"Pen Nib"},{"floor":27,"key":"Bag of Preparation"},{"floor":30,"key":"Mercury Hourglass"},{"floor":41,"key":"Old Coin"},{"floor":43,"key":"Bottled Lightning"}],"event_choices":[{"damage_healed":0,"gold_gain":0,"player_choice":"Fought Bandits","damage_taken":0,"max_hp_gain":0,"max_hp_loss":0,"event_name":"Masked Bandits","floor":22,"gold_loss":0},{"damage_healed":0,"gold_gain":0,"player_choice":"Shed Blood","damage_taken":19,"max_hp_gain":5,"max_hp_loss":0,"event_name":"Forgotten Altar","floor":29,"gold_loss":0},{"damage_healed":0,"gold_gain":222,"player_choice":"Wore Mask","damage_taken":0,"max_hp_gain":0,"max_hp_loss":0,"event_name":"Tomb of Lord Red Mask","floor":36,"gold_loss":0},{"damage_healed":0,"gold_gain":0,"player_choice":"Fight","damage_taken":0,"max_hp_gain":0,"max_hp_loss":0,"event_name":"MindBloom","floor":41,"gold_loss":0},{"damage_healed":0,"gold_gain":0,"player_choice":"Memory 1","damage_taken":0,"max_hp_gain":0,"max_hp_loss":0,"event_name":"SensoryStone","floor":44,"gold_loss":0}],"is_beta":false,"boss_relics":[{"not_picked":["Black Star","Tiny House"],"picked":"Astrolabe"},{"not_picked":["White Beast Statue","Philosopher\u0027s Stone"],"picked":"Cursed Key"}],"items_purged_floors":[11,19,37],"is_endless":false,"potions_floor_spawned":[2,3,4,5,21,24,25,27,28,38,42,45],"killed_by":"Awakened One","ascension_level":1}