{"gold_per_floor":[17,17,17,17,17,17,37,37,64,78,93,93,93,114,114,208,208,228,252,252,273,293,293,293,293,365,400,400,426,426,443,443,520,520,530,540,465,30,50,50,61,90,90,90,90,90,90,125,125,125,125,125,125,18,44,44],"floor_reached":57,"playtime":2824,"items_purged":[],"score":2951,"play_id":"77807d8d-3d96-4d95-90fc-d51813aff414","local_time":"20190412224338","is_ascension_mode":true,"campfire_choices":[{"data":"Dualcast","floor":6.0,"key":"SMITH"},{"data":"Zap","floor":8.0,"key":"SMITH"},{"data":"Doom and Gloom","floor":13.0,"key":"SMITH"},{"floor":15.0,"key":"REST"},{"data":"Hologram","floor":23.0,"key":"SMITH"},{"floor":25.0,"key":"REST"},{"data":"Redo","floor":28.0,"key":"SMITH"},{"data":"Coolheaded","floor":30.0,"key":"SMITH"},{"data":"Multi-Cast","floor":32.0,"key":"SMITH"},{"data":"Capacitor","floor":40.0,"key":"SMITH"},{"data":"Biased Cognition","floor":44.0,"key":"SMITH"},{"floor":46.0,"key":"RECALL"},{"data":"Biased Cognition","floor":49.0,"key":"SMITH"},{"data":"Glacier","floor":53.0,"key":"SMITH"}],"neow_cost":"NO_GOLD","seed_source_timestamp":9600444624099,"circlet_count":0,"master_deck":["AscendersBane","Zap+1","Dualcast+1","Glacier+1","Glacier","Core Surge","Doom and Gloom+1","Coolheaded+1","Multi-Cast+1","Double Energy+1","Fission+1","Auto Shields+1","Hologram+1","Biased Cognition+1","Redo+1","Capacitor+1","Core Surge","Biased Cognition+1"],"special_seed":0,"relics":["FrozenCore","Bloody Idol","Regal Pillow","Astrolabe","Enchiridion","Unceasing Top","Thread and Needle","Membership Card","Symbiotic Virus","Lantern","Bag of Marbles","Sundial","Bird Faced Urn","OrangePellets","Centennial Puzzle"],"potions_floor_usage":[56],"damage_taken":[{"damage":0.0,"enemies":"Jaw Worm","floor":1.0,"turns":4.0},{"damage":0.0,"enemies":"2 Louse","floor":7.0,"turns":2.0},{"damage":1.0,"enemies":"Small Slimes","floor":10.0,"turns":3.0},{"damage":0.0,"enemies":"3 Louse","floor":11.0,"turns":3.0},{"damage":4.0,"enemies":"Large Slime","floor":14.0,"turns":5.0},{"damage":62.0,"enemies":"Slime Boss","floor":16.0,"turns":10.0},{"damage":0.0,"enemies":"3 Byrds","floor":18.0,"turns":4.0},{"damage":0.0,"enemies":"Chosen","floor":19.0,"turns":4.0},{"damage":0.0,"enemies":"Sentry and Sphere","floor":21.0,"turns":2.0},{"damage":5.0,"enemies":"Shelled Parasite and Fungi","floor":22.0,"turns":2.0},{"damage":0.0,"enemies":"Book of Stabbing","floor":27.0,"turns":6.0},{"damage":22.0,"enemies":"Slavers","floor":29.0,"turns":5.0},{"damage":0.0,"enemies":"Snake Plant","floor":31.0,"turns":2.0},{"damage":0.0,"enemies":"Automaton","floor":33.0,"turns":8.0},{"damage":0.0,"enemies":"Orb Walker","floor":35.0,"turns":6.0},{"damage":8.0,"enemies":"3 Shapes","floor":36.0,"turns":5.0},{"damage":1.0,"enemies":"Spire Growth","floor":39.0,"turns":4.0},{"damage":0.0,"enemies":"Sphere and 2 Shapes","floor":41.0,"turns":6.0},{"damage":18.0,"enemies":"Reptomancer","floor":42.0,"turns":5.0},{"damage":0.0,"enemies":"Giant Head","floor":48.0,"turns":9.0},{"damage":2.0,"enemies":"Time Eater","floor":50.0,"turns":7.0},{"damage":0.0,"enemies":"Donu and Deca","floor":51.0,"turns":16.0},{"damage":27.0,"enemies":"Shield and Spear","floor":55.0,"turns":8.0},{"damage":15,"enemies":"The Heart","floor":56,"turns":12}],"seed_played":"-6532225024960474509","potions_obtained":[{"floor":7.0,"key":"Swift Potion"},{"floor":11.0,"key":"Poison Potion"},{"floor":19.0,"key":"FocusPotion"},{"floor":36.0,"key":"PowerPotion"},{"floor":41.0,"key":"Swift Potion"},{"floor":42.0,"key":"Strength Potion"},{"floor":55.0,"key":"SpeedPotion"}],"is_trial":false,"path_per_floor":["M","?","?","?","$","R","M","R","T","M","M","?","R","M","R","B",null,"M","M","?","M","M","R","?","R","T","E","R","E","R","M","R","B",null,"M","M","?","$","M","R","M","E","T","R","?","R","?","E","R","B","B",null,"R","$","E","B",null],"character_chosen":"DEFECT","items_purchased":["Membership Card","Symbiotic Virus","Lantern","OrangePellets"],"campfire_rested":2,"item_purchase_floors":[38,38,38,54],"current_hp_per_floor":[64,64,40,40,40,40,40,40,40,39,39,32,32,28,64,2,54,54,54,33,33,28,28,28,64,69,71,71,54,54,59,59,64,69,71,68,68,68,71,71,71,58,58,58,58,58,54,59,59,67,71,71,71,71,51,44],"gold":44,"neow_bonus":"TRANSFORM_TWO_CARDS","is_prod":false,"is_daily":false,"chose_seed":false,"campfire_upgraded":11,"win_rate":0,"timestamp":1555080218,"path_taken":["M","?","?","?","$","R","M","R","T","M","M","?","R","M","R","BOSS","M","M","?","M","M","R","?","R","T","E","R","E","R","M","R","BOSS","M","M","?","$","?","R","M","E","T","R","?","R","?","E","R","BOSS","BOSS","R","$","E","BOSS"],"build_version":"2019-01-23","purchased_purges":0,"victory":true,"max_hp_per_floor":[71,71,71,71,71,71,71,71,71,71,71,71,71,71,71,71,71,71,71,71,71,71,71,71,71,71,71,71,71,71,71,71,71,71,71,71,71,71,71,71,71,71,71,71,71,71,71,71,71,71,71,71,71,71,71,71],"card_choices":[{"not_picked":["Steam","Rip and Tear","Sweeping Beam"],"picked":"SKIP","floor":1.0},{"not_picked":["Reinforced Body","Conserve Battery","Storm"],"picked":"SKIP","floor":7.0},{"not_picked":["Leap","Cold Snap"],"picked":"Doom and Gloom","floor":10.0},{"not_picked":["Cold Snap","Compile Driver"],"picked":"Coolheaded","floor":11.0},{"not_picked":["Stack","Conserve Battery","Leap"],"picked":"SKIP","floor":14.0},{"not_picked":["Reboot","Buffer"],"picked":"Multi-Cast","floor":16.0},{"not_picked":["Compile Driver","Stack+1"],"picked":"Hologram","floor":18.0},{"not_picked":["Genetic Algorithm","Go for the Eyes","Sweeping Beam"],"picked":"SKIP","floor":19.0},{"not_picked":["Stack","BootSequence","Chaos"],"picked":"SKIP","floor":21.0},{"not_picked":["Defragment","Cold Snap"],"picked":"Biased Cognition","floor":22.0},{"not_picked":["Leap","Sweeping Beam+1"],"picked":"Redo","floor":27.0},{"not_picked":["Steam Power","Streamline","Beam Cell"],"picked":"SKIP","floor":29.0},{"not_picked":["Conserve Battery","Sweeping Beam"],"picked":"Capacitor","floor":31.0},{"not_picked":["Thunder Strike","Fission"],"picked":"Core Surge","floor":33.0},{"not_picked":["Streamline","Rebound+1","Redo"],"picked":"SKIP","floor":35.0},{"not_picked":["Consume","Chaos","Gash"],"picked":"SKIP","floor":36.0},{"not_picked":["Consume","Chaos","Gash"],"picked":"SKIP","floor":36.0},{"not_picked":["Reprogram+1","Hologram","Ball Lightning"],"picked":"SKIP","floor":39.0},{"not_picked":["Reprogram+1","Hologram","Ball Lightning"],"picked":"SKIP","floor":39.0},{"not_picked":["Redo","Aggregate","Conserve Battery"],"picked":"SKIP","floor":41.0},{"not_picked":["Redo","Aggregate","Conserve Battery"],"picked":"SKIP","floor":41.0},{"not_picked":["Static Discharge","Barrage","BootSequence"],"picked":"SKIP","floor":42.0},{"not_picked":["BootSequence+1","Sweeping Beam+1"],"picked":"Biased Cognition","floor":48.0},{"not_picked":["Gash","Compile Driver","Chill"],"picked":"SKIP","floor":55.0},{"not_picked":["Gash","Compile Driver","Chill"],"picked":"SKIP","floor":55.0}],"player_experience":930332,"relics_obtained":[{"floor":9.0,"key":"Regal Pillow"},{"floor":20.0,"key":"Enchiridion"},{"floor":27.0,"key":"Unceasing Top"},{"floor":29.0,"key":"Thread and Needle"},{"floor":42.0,"key":"Bag of Marbles"},{"floor":43.0,"key":"Sundial"},{"floor":48.0,"key":"Bird Faced Urn"},{"floor":55.0,"key":"Centennial Puzzle"}],"event_choices":[{"damage_healed":0.0,"max_hp_gain":0.0,"max_hp_loss":0.0,"gold_gain":0.0,"event_name":"Liars Game","player_choice":"Ignored","floor":2.0,"gold_loss":0.0,"damage_taken":0.0},{"damage_healed":0.0,"max_hp_gain":0.0,"max_hp_loss":0.0,"gold_gain":0.0,"event_name":"Golden Idol","player_choice":"Take Damage","floor":3.0,"gold_loss":0.0,"damage_taken":24.0,"relics_obtained":["Golden Idol"]},{"damage_healed":0.0,"max_hp_gain":0.0,"max_hp_loss":0.0,"gold_gain":0.0,"cards_transformed":["Strike_B"],"event_name":"Living Wall","player_choice":"Change","floor":4.0,"gold_loss":0.0,"damage_taken":0.0,"cards_obtained":["Core Surge"]},{"cards_removed":["Defend_B"],"damage_healed":0.0,"max_hp_gain":0.0,"max_hp_loss":0.0,"gold_gain":0.0,"event_name":"Golden Wing","player_choice":"Card Removal","floor":12.0,"gold_loss":0.0,"damage_taken":7.0},{"damage_healed":0.0,"max_hp_gain":0.0,"max_hp_loss":0.0,"gold_gain":0.0,"event_name":"Cursed Tome","player_choice":"Obtained Book","floor":20.0,"gold_loss":0.0,"damage_taken":21.0},{"damage_healed":0.0,"max_hp_gain":0.0,"max_hp_loss":0.0,"gold_gain":0.0,"event_name":"Forgotten Altar","player_choice":"Gave Idol","floor":24.0,"relics_lost":["Golden Idol"],"gold_loss":0.0,"damage_taken":0.0,"relics_obtained":["Bloody Idol"]},{"cards_removed":["Defend_B"],"damage_healed":0.0,"max_hp_gain":0.0,"max_hp_loss":0.0,"gold_gain":0.0,"event_name":"Designer","player_choice":"Single Remove","floor":37.0,"gold_loss":75.0,"damage_taken":0.0},{"damage_healed":0.0,"max_hp_gain":0.0,"max_hp_loss":0.0,"gold_gain":0.0,"event_name":"Tomb of Lord Red Mask","player_choice":"Ignored","floor":45.0,"gold_loss":0.0,"damage_taken":0.0},{"damage_healed":0.0,"max_hp_gain":0.0,"max_hp_loss":0.0,"gold_gain":0.0,"event_name":"The Woman in Blue","player_choice":"Bought 0 Potions","floor":47.0,"gold_loss":0.0,"damage_taken":0.0}],"is_beta":false,"boss_relics":[{"not_picked":["Velvet Choker","Tiny House"],"picked":"Astrolabe"},{"not_picked":["Eternal Feather","Black Star"],"picked":"FrozenCore"}],"items_purged_floors":[],"is_endless":false,"potions_floor_spawned":[7,11,16,19,22,29,36,41,42,55],"ascension_level":20}