{"gold_per_floor":[215,215,231,244,244,244,254,266,289,289,32,58,73,90,90,194,194,212,104,130,141,155,155,155,6,52,62,75,75,104,118,118,215,215,235,36,36,49,49,83,317,344,386,453,497,112,129,141,141,141],"floor_reached":50,"playtime":2710,"items_purged":[],"score":626,"play_id":"fbdd7eee-57a3-4f06-83c0-a745edc1a818","local_time":"20180722094332","is_ascension_mode":false,"campfire_choices":[{"data":"Bash","floor":6.0,"key":"SMITH"},{"data":"Heavy Blade","floor":10.0,"key":"SMITH"},{"data":"Apotheosis","floor":15.0,"key":"SMITH"},{"data":"Flex","floor":23.0,"key":"SMITH"},{"data":"Demon Form","floor":29.0,"key":"SMITH"},{"floor":32.0,"key":"REST"},{"floor":49.0,"key":"REST"}],"neow_cost":"NONE","seed_source_timestamp":2738953099418,"circlet_count":0,"master_deck":["Strike_R","Strike_R","Strike_R","Defend_R","Defend_R","Defend_R","Defend_R","Bash+1","Shrug It Off","Flex","Inflame","Heavy Blade+1","Apotheosis+1","Iron Wave","Flex+1","Ghostly Armor","Thunderclap","Impervious","Rampage+1","Pummel","Shockwave","Sword Boomerang+1","Ghostly Armor","Clash","Brutality","Offering","Demon Form+1","Rage","Feed","Dropkick","Offering","Heavy Blade","Clash+1","Battle Trance","Enlightenment","Flex","Rupture","Infernal Blade","Pommel Strike+1","Dropkick"],"special_seed":0,"relics":["Black Blood","Pen Nib","Vajra","Orichalcum","Philosopher\u0027s Stone","Red Mask","Dream Catcher","Bronze Scales","MawBank","Tiny Chest","Unceasing Top","Bottled Lightning"],"potions_floor_usage":[50,50,50],"damage_taken":[{"damage":3.0,"enemies":"Jaw Worm","floor":1.0,"turns":4.0},{"damage":2.0,"enemies":"Small Slimes","floor":3.0,"turns":4.0},{"damage":0.0,"enemies":"2 Louse","floor":4.0,"turns":3.0},{"damage":6.0,"enemies":"Blue Slaver","floor":7.0,"turns":4.0},{"damage":8.0,"enemies":"2 Fungi Beasts","floor":8.0,"turns":4.0},{"damage":7.0,"enemies":"Lagavulin","floor":12.0,"turns":5.0},{"damage":6.0,"enemies":"3 Louse","floor":13.0,"turns":3.0},{"damage":9.0,"enemies":"Lots of Slimes","floor":14.0,"turns":6.0},{"damage":37.0,"enemies":"Hexaghost","floor":16.0,"turns":8.0},{"damage":8.0,"enemies":"Chosen","floor":18.0,"turns":5.0},{"damage":15.0,"floor":20.0,"turns":4.0},{"damage":2.0,"enemies":"2 Thieves","floor":21.0,"turns":4.0},{"damage":4.0,"enemies":"Snake Plant","floor":22.0,"turns":5.0},{"damage":1.0,"enemies":"Snecko","floor":27.0,"turns":3.0},{"damage":2.0,"enemies":"3 Cultists","floor":28.0,"turns":4.0},{"damage":14.0,"enemies":"Book of Stabbing","floor":30.0,"turns":4.0},{"damage":27.0,"enemies":"Centurion and Healer","floor":31.0,"turns":7.0},{"damage":26.0,"enemies":"Champ","floor":33.0,"turns":7.0},{"damage":6.0,"enemies":"Flame Bruiser 1 Orb","floor":35.0,"turns":3.0},{"damage":11.0,"enemies":"3 Shapes","floor":38.0,"turns":2.0},{"damage":21.0,"enemies":"2 Orb Walkers","floor":40.0,"turns":3.0},{"damage":13.0,"enemies":"Transient","floor":42.0,"turns":5.0},{"damage":26.0,"floor":44.0,"turns":4.0},{"damage":54.0,"enemies":"Nemesis","floor":45.0,"turns":5.0},{"damage":2.0,"enemies":"4 Shapes","floor":47.0,"turns":4.0},{"damage":19.0,"enemies":"Maw","floor":48.0,"turns":4.0},{"damage":66,"enemies":"Awakened One","floor":50,"turns":6}],"seed_played":"8521556107617814900","potions_obtained":[{"floor":1.0,"key":"SpeedPotion"},{"floor":3.0,"key":"Explosive Potion"},{"floor":8.0,"key":"Fruit Juice"},{"floor":16.0,"key":"SpeedPotion"},{"floor":21.0,"key":"Fruit Juice"},{"floor":27.0,"key":"FearPotion"},{"floor":28.0,"key":"AttackPotion"},{"floor":31.0,"key":"Swift Potion"},{"floor":40.0,"key":"Strength Potion"},{"floor":47.0,"key":"FearPotion"},{"floor":48.0,"key":"AttackPotion"}],"is_trial":false,"path_per_floor":["M","?","M","M","?","R","M","M","T","R","$","E","M","M","R","B",null,"M","$","?","M","M","R","?","$","T","M","M","R","E","M","R","B",null,"M","$","?","M","$","E","?","M","T","?","E","$","M","M","R"],"character_chosen":"IRONCLAD","items_purchased":["Apotheosis","Iron Wave","Pummel","Shockwave","Offering","Dropkick","Offering","Enlightenment","Flex","Rupture","Infernal Blade"],"campfire_rested":2,"item_purchase_floors":[11,11,19,19,25,36,36,46,46,46,46],"current_hp_per_floor":[80,73,77,80,73,73,73,71,71,71,71,70,70,72,72,41,85,83,83,74,78,85,85,85,85,85,90,90,90,82,61,88,68,90,94,94,94,96,96,85,85,82,82,66,22,22,34,25,55,0],"gold":141,"neow_bonus":"HUNDRED_GOLD","is_prod":false,"is_daily":false,"chose_seed":false,"campfire_upgraded":5,"win_rate":0,"timestamp":1532223812,"path_taken":["M","?","M","M","?","R","?","?","T","R","$","E","M","M","R","BOSS","M","$","?","M","M","R","?","$","T","M","?","R","E","M","R","BOSS","M","?","?","M","$","E","?","M","T","?","E","$","M","M","R","BOSS"],"build_version":"2018-07-19v2","purchased_purges":0,"victory":false,"max_hp_per_floor":[80,80,80,80,80,80,80,80,80,80,80,80,80,85,85,85,85,85,85,85,85,90,90,90,90,90,90,90,90,90,90,90,90,90,94,94,94,97,97,97,97,97,97,97,97,97,101,101,101,101],"card_choices":[{"not_picked":["Rampage","Clothesline"],"picked":"Shrug It Off","floor":1.0},{"not_picked":["Anger","Evolve","Sever Soul"],"picked":"SKIP","floor":3.0},{"not_picked":["Corruption","Warcry"],"picked":"Flex","floor":4.0},{"not_picked":["Ghostly Armor","Fire Breathing"],"picked":"Inflame","floor":7.0},{"not_picked":["Headbutt","Entrench"],"picked":"Heavy Blade","floor":8.0},{"not_picked":["Headbutt","Burning Pact"],"picked":"Flex","floor":12.0},{"not_picked":["Clash","Warcry"],"picked":"Ghostly Armor","floor":13.0},{"not_picked":["Cleave","Reaper"],"picked":"Thunderclap","floor":14.0},{"not_picked":["Immolate","Bludgeon"],"picked":"Impervious","floor":16.0},{"not_picked":["Seeing Red+1","Dropkick"],"picked":"Rampage+1","floor":18.0},{"not_picked":["Twin Strike","Blood for Blood"],"picked":"Sword Boomerang+1","floor":20.0},{"not_picked":["Clothesline","Rampage"],"picked":"Ghostly Armor","floor":21.0},{"not_picked":["Combust","Wild Strike"],"picked":"Clash","floor":22.0},{"not_picked":["Pummel+1","Iron Wave"],"picked":"Demon Form","floor":27.0},{"not_picked":["Sever Soul","Body Slam"],"picked":"Rage","floor":28.0},{"not_picked":["Sword Boomerang","Wild Strike","Evolve"],"picked":"SKIP","floor":30.0},{"not_picked":["Warcry","Shrug It Off","Sever Soul"],"picked":"SKIP","floor":31.0},{"not_picked":["Immolate","Berserk"],"picked":"Feed","floor":33.0},{"not_picked":["Clothesline+1","Shrug It Off+1","Pommel Strike"],"picked":"SKIP","floor":35.0},{"not_picked":["Shrug It Off+1","Second Wind"],"picked":"Heavy Blade","floor":38.0},{"not_picked":["Corruption+1","Battle Trance+1"],"picked":"Clash+1","floor":40.0},{"not_picked":["Armaments","Metallicize","Sword Boomerang+1"],"picked":"SKIP","floor":42.0},{"not_picked":["Impervious","Twin Strike+1"],"picked":"Battle Trance","floor":44.0},{"not_picked":["Twin Strike","Berserk","Iron Wave"],"picked":"SKIP","floor":45.0},{"not_picked":["Shrug It Off","Second Wind+1"],"picked":"Pommel Strike+1","floor":47.0},{"not_picked":["Pummel","Perfected Strike","Warcry+1"],"picked":"SKIP","floor":48.0},{"not_picked":["True Grit","Clash+1"],"picked":"Dropkick","floor":49.0}],"player_experience":148300,"relics_obtained":[{"floor":9.0,"key":"Vajra"},{"floor":12.0,"key":"Orichalcum"},{"floor":20.0,"key":"Red Mask"},{"floor":26.0,"key":"Dream Catcher"},{"floor":30.0,"key":"Bronze Scales"},{"floor":40.0,"key":"MawBank"},{"floor":43.0,"key":"Tiny Chest"},{"floor":44.0,"key":"Unceasing Top"},{"floor":45.0,"key":"Bottled Lightning"}],"event_choices":[{"event_name":"Scrap Ooze","player_choice":"success","floor":2.0,"damage_taken":7.0},{"event_name":"Golden Wing","player_choice":"Card Removal","floor":5.0,"damage_taken":0.0},{"event_name":"Masked Bandits","player_choice":"Fought over 104 gold","floor":20.0,"damage_taken":0.0},{"event_name":"Match and Keep!","player_choice":"1 cards matched","floor":24.0,"damage_taken":0.0},{"event_name":"Falling","player_choice":"Removed Attack","floor":37.0,"damage_taken":0.0},{"event_name":"Tomb of Lord Red Mask","player_choice":"Wore Mask","floor":41.0,"damage_taken":0.0},{"event_name":"Mysterious Sphere","player_choice":"Fight","floor":44.0,"damage_taken":0.0}],"is_beta":false,"boss_relics":[{"not_picked":["Tiny House","Runic Pyramid"],"picked":"Philosopher\u0027s Stone"},{"not_picked":["Runic Dome","Velvet Choker"],"picked":"Black Blood"}],"items_purged_floors":[],"is_endless":false,"potions_floor_spawned":[1,3,8,13,16,21,27,28,31,40,42,47,48],"killed_by":"Awakened One","ascension_level":0}