{"gold_per_floor":[109,3,19,32,32,58,70,114,126,171,200,226,238,267,279,394,406,431,455,156,170,187,219,219,254,254,254,254,274,290,389,389,489,489,505,516,571,571,194,225,241,241,290,306,326,69,89,89,89,89,89,89,14,47,47],"floor_reached":55,"playtime":12083,"items_purged":["Defend_B"],"score":797,"play_id":"bf50024a-3a28-4074-8d81-346efb66cbec","local_time":"20190806025646","is_ascension_mode":true,"campfire_choices":[{"floor":7,"key":"REST"},{"floor":13,"key":"REST"},{"floor":15,"key":"REST"},{"data":"Go for the Eyes","floor":24,"key":"SMITH"},{"data":"Coolheaded","floor":28,"key":"SMITH"},{"data":"White Noise","floor":32,"key":"SMITH"},{"data":"Reinforced Body","floor":42,"key":"SMITH"},{"floor":49,"key":"RECALL"},{"data":"Hologram","floor":52,"key":"SMITH"}],"neow_cost":"NONE","seed_source_timestamp":15749980876335,"circlet_count":0,"master_deck":["Strike_B+1","Strike_B+1","Strike_B+1","Strike_B+1","Defend_B+1","Defend_B+1","Defend_B+1","Zap+1","Gash","Reinforced Body+1","Turbo","Hologram","Genetic Algorithm","Hologram+1","Coolheaded+1","Go for the Eyes+1","Self Repair+1","Gash","Reinforced Body+1","Echo Form+1","Glacier","Go for the Eyes+1","Gash","Loop+1","Heatsinks+1","Gash+1","White Noise+1","Machine Learning+1","Hologram+1","Streamline+1","Panache+1","Echo Form+1","Gash","Storm+1"],"relics":["Cracked Core","MawBank","Frozen Egg 2","Dream Catcher","Bronze Scales","Coffee Dripper","Vajra","Centennial Puzzle","Dodecahedron","Philosopher\u0027s Stone","StoneCalendar","War Paint","Orichalcum","Strawberry","ClockworkSouvenir","Lantern"],"potions_floor_usage":[6,16,23,25,25,29,33,40,50,50,55,55],"damage_taken":[{"damage":0,"enemies":"2 Louse","floor":1,"turns":2},{"damage":0,"enemies":"Cultist","floor":3,"turns":3},{"damage":2,"enemies":"Small Slimes","floor":4,"turns":2},{"damage":41,"enemies":"Gremlin Nob","floor":6,"turns":6},{"damage":20,"enemies":"Lagavulin","floor":8,"turns":6},{"damage":21,"enemies":"3 Sentries","floor":10,"turns":8},{"damage":3,"enemies":"2 Fungi Beasts","floor":11,"turns":3},{"damage":1,"enemies":"Large Slime","floor":12,"turns":6},{"damage":6,"enemies":"Blue Slaver","floor":14,"turns":4},{"damage":33,"enemies":"Slime Boss","floor":16,"turns":13},{"damage":11,"enemies":"Shell Parasite","floor":18,"turns":5},{"damage":24,"enemies":"Chosen","floor":19,"turns":6},{"damage":0,"enemies":"Centurion and Healer","floor":21,"turns":6},{"damage":15,"enemies":"Snecko","floor":22,"turns":6},{"damage":3,"enemies":"Book of Stabbing","floor":23,"turns":5},{"damage":41,"enemies":"Gremlin Leader","floor":25,"turns":8},{"damage":1,"enemies":"3 Cultists","floor":29,"turns":5},{"damage":9,"enemies":"Centurion and Healer","floor":30,"turns":5},{"damage":3,"enemies":"Collector","floor":33,"turns":9},{"damage":11,"enemies":"Orb Walker","floor":35,"turns":3},{"damage":1,"enemies":"3 Darklings","floor":36,"turns":5},{"damage":0,"enemies":"2 Orb Walkers","floor":37,"turns":6},{"damage":17,"enemies":"Reptomancer","floor":40,"turns":4},{"damage":0,"enemies":"Transient","floor":41,"turns":5},{"damage":0,"enemies":"Maw","floor":44,"turns":7},{"damage":0,"enemies":"Jaw Worm Horde","floor":45,"turns":3},{"damage":0,"enemies":"Spire Growth","floor":47,"turns":3},{"damage":40,"enemies":"Time Eater","floor":50,"turns":8},{"damage":44,"enemies":"Shield and Spear","floor":54,"turns":4},{"damage":53,"enemies":"The Heart","floor":55,"turns":3}],"seed_played":"1752279706747635554","potions_obtained":[{"floor":1,"key":"Block Potion"},{"floor":10,"key":"Ancient Potion"},{"floor":11,"key":"FocusPotion"},{"floor":14,"key":"Strength Potion"},{"floor":21,"key":"Strength Potion"},{"floor":23,"key":"AttackPotion"},{"floor":25,"key":"Explosive Potion"},{"floor":30,"key":"LiquidBronze"},{"floor":41,"key":"LiquidBronze"},{"floor":45,"key":"LiquidBronze"}],"is_trial":false,"path_per_floor":["M","$","M","M","?","E","R","E","T","E","M","M","R","M","R","B",null,"M","M","$","M","M","E","R","E","T","?","R","M","M","?","R","B",null,"M","M","?","?","$","E","M","R","T","M","M","$","M","?","R","B",null,"R","$","E","B"],"character_chosen":"DEFECT","items_purchased":["Reinforced Body","Turbo","FTL","Vajra","Energy Potion","Panache+1","War Paint","PowerPotion","ClockworkSouvenir","Strength Potion","EssenceOfSteel"],"campfire_rested":3,"item_purchase_floors":[2,2,20,20,20,39,39,39,46,46,53],"current_hp_per_floor":[75,75,75,73,73,32,54,34,34,13,10,9,31,35,57,34,75,74,60,60,70,65,62,62,31,31,31,31,40,41,41,41,48,75,74,75,75,75,75,58,68,68,75,82,82,82,82,82,82,42,82,82,82,48,0],"gold":47,"neow_bonus":"UPGRADE_CARD","is_prod":false,"is_daily":false,"chose_seed":false,"campfire_upgraded":5,"win_rate":0,"timestamp":1565049406,"path_taken":["M","$","M","M","?","E","R","E","T","E","M","?","R","M","R","BOSS","M","M","$","M","M","E","R","E","T","?","R","M","M","?","R","BOSS","M","M","?","?","$","E","M","R","T","M","M","$","M","?","R","BOSS","R","$","E","BOSS"],"build_version":"2019-07-17","purchased_purges":1,"victory":false,"max_hp_per_floor":[75,75,75,75,75,75,75,75,75,75,75,75,75,75,75,75,75,75,75,75,75,75,75,75,75,75,75,75,75,75,75,75,75,75,75,75,75,75,75,75,75,75,82,82,82,82,82,82,82,82,82,82,82,82,82],"card_choices":[{"not_picked":["Darkness","Beam Cell"],"picked":"Gash","floor":1},{"not_picked":["Rebound","Stack","Leap"],"picked":"SKIP","floor":3},{"not_picked":["Double Energy","Redo"],"picked":"Hologram","floor":4},{"not_picked":["Stack","Consume"],"picked":"Genetic Algorithm","floor":6},{"not_picked":["Coolheaded","Rip and Tear"],"picked":"Hologram","floor":8},{"not_picked":["Force Field","Rip and Tear","Turbo"],"picked":"SKIP","floor":10},{"not_picked":["Turbo","Rebound"],"picked":"Coolheaded","floor":11},{"not_picked":["Stack","FTL"],"picked":"Go for the Eyes","floor":12},{"not_picked":["White Noise","Doom and Gloom"],"picked":"Self Repair+1","floor":13},{"not_picked":["Cold Snap","Self Repair+1"],"picked":"Gash","floor":14},{"not_picked":["Scrape","Hello World+1"],"picked":"Reinforced Body","floor":15},{"not_picked":["Machine Learning+1","Seek"],"picked":"Echo Form+1","floor":16},{"not_picked":["Compile Driver","Force Field"],"picked":"Glacier","floor":18},{"not_picked":["Leap+1","Turbo"],"picked":"Go for the Eyes+1","floor":19},{"not_picked":["Beam Cell+1","Leap+1"],"picked":"Gash","floor":21},{"not_picked":["Meteor Strike","Conserve Battery+1"],"picked":"Loop+1","floor":22},{"not_picked":["Aggregate","Redo","Reinforced Body"],"picked":"SKIP","floor":23},{"not_picked":["Sweeping Beam+1","Ball Lightning"],"picked":"Heatsinks+1","floor":25},{"not_picked":["Sweeping Beam","Biased Cognition+1"],"picked":"Gash+1","floor":29},{"not_picked":["Cold Snap","Reinforced Body"],"picked":"White Noise","floor":30},{"not_picked":["Electrodynamics+1","Seek"],"picked":"Machine Learning+1","floor":33},{"not_picked":["Compile Driver","Go for the Eyes"],"picked":"Hologram","floor":35},{"not_picked":["Stack","Cold Snap+1","Static Discharge+1"],"picked":"SKIP","floor":36},{"not_picked":["Compile Driver+1","Stack+1"],"picked":"Streamline+1","floor":37},{"not_picked":["Coolheaded+1","Force Field"],"picked":"Echo Form+1","floor":40},{"not_picked":["Redo+1","Barrage+1","White Noise"],"picked":"SKIP","floor":41},{"not_picked":["Reinforced Body","Coolheaded"],"picked":"Gash","floor":44},{"not_picked":["FTL+1","Hologram+1"],"picked":"Storm+1","floor":45},{"not_picked":["Rip and Tear","Static Discharge+1","Genetic Algorithm+1"],"picked":"SKIP","floor":47},{"not_picked":["Darkness+1","Skim","Stack+1"],"picked":"SKIP","floor":54}],"player_experience":70824,"relics_obtained":[{"floor":6,"key":"MawBank"},{"floor":8,"key":"Frozen Egg 2"},{"floor":9,"key":"Dream Catcher"},{"floor":10,"key":"Bronze Scales"},{"floor":23,"key":"Centennial Puzzle"},{"floor":25,"key":"Dodecahedron"},{"floor":37,"key":"StoneCalendar"},{"floor":40,"key":"Orichalcum"},{"floor":43,"key":"Strawberry"},{"floor":54,"key":"Lantern"}],"event_choices":[{"cards_removed":["Dualcast"],"damage_healed":0,"gold_gain":0,"player_choice":"Purged","damage_taken":0,"max_hp_gain":0,"max_hp_loss":0,"event_name":"Purifier","floor":5,"gold_loss":0},{"damage_healed":0,"gold_gain":0,"player_choice":"Simplicity","damage_taken":0,"max_hp_gain":0,"max_hp_loss":0,"event_name":"Back to Basics","floor":27,"gold_loss":0,"cards_upgraded":["Strike_B","Strike_B","Strike_B","Strike_B","Defend_B","Defend_B","Defend_B"]},{"damage_healed":0,"gold_gain":99,"player_choice":"Stole From Cult","damage_taken":0,"max_hp_gain":0,"max_hp_loss":0,"event_name":"Nest","floor":31,"gold_loss":0},{"damage_healed":0,"gold_gain":0,"player_choice":"Fight","damage_taken":0,"max_hp_gain":0,"max_hp_loss":0,"event_name":"Mysterious Sphere","floor":37,"gold_loss":0},{"damage_healed":0,"gold_gain":0,"player_choice":"Ignored","damage_taken":0,"max_hp_gain":0,"max_hp_loss":0,"event_name":"Tomb of Lord Red Mask","floor":38,"gold_loss":0},{"cards_removed":["FTL"],"damage_healed":0,"gold_gain":0,"player_choice":"Removed Attack","damage_taken":0,"max_hp_gain":0,"max_hp_loss":0,"event_name":"Falling","floor":48,"gold_loss":0}],"is_beta":false,"boss_relics":[{"not_picked":["Sozu","Tiny House"],"picked":"Coffee Dripper"},{"not_picked":["Velvet Choker","Orrery"],"picked":"Philosopher\u0027s Stone"}],"items_purged_floors":[20],"is_endless":false,"potions_floor_spawned":[1,10,11,14,21,23,25,30,41,45,47],"killed_by":"The Heart","ascension_level":1}