{"gold_per_floor":[113,130,146,156,176,176,326,326,326,337,38,98,127,127,127,127],"floor_reached":16,"playtime":590,"items_purged":["Doubt"],"score":189,"play_id":"4b35e79b-1e0c-4cb5-9f6d-c43ef2b915db","local_time":"20180914200828","is_ascension_mode":true,"campfire_choices":[{"floor":6.0,"key":"REST"},{"data":"Fission","floor":8.0,"key":"SMITH"},{"floor":15,"key":"REST"}],"neow_cost":"NONE","seed_source_timestamp":1773822815355,"circlet_count":0,"master_deck":["Strike_B","Strike_B","Strike_B","Defend_B","Defend_B","Defend_B","Defend_B","Zap","Dualcast","AscendersBane","Electrodynamics","Streamline","Ball Lightning","Turbo","Chaos","Fission+1","Steam","Defragment","Defragment","Defragment","Coolheaded","Conserve Battery","Darkness"],"special_seed":0,"relics":["Cracked Core","The Courier","Peace Pipe"],"potions_floor_usage":[13,16],"damage_taken":[{"damage":7.0,"enemies":"Jaw Worm","floor":1.0,"turns":3.0},{"damage":1.0,"enemies":"Cultist","floor":2.0,"turns":3.0},{"damage":0.0,"enemies":"Small Slimes","floor":3.0,"turns":2.0},{"damage":25.0,"enemies":"3 Louse","floor":4.0,"turns":3.0},{"damage":7.0,"enemies":"Looter","floor":5.0,"turns":3.0},{"damage":2.0,"enemies":"2 Fungi Beasts","floor":10.0,"turns":3.0},{"damage":37,"enemies":"Gremlin Nob","floor":13,"turns":5},{"damage":32,"enemies":"The Guardian","floor":16,"turns":5}],"seed_played":"-2921938196124065668","potions_obtained":[{"floor":2.0,"key":"Weak Potion"},{"floor":10.0,"key":"SkillPotion"},{"floor":13,"key":"FearPotion"}],"is_trial":false,"path_per_floor":["M","M","M","M","M","R","?","R","T","M","$","?","E","?","R"],"character_chosen":"DEFECT","items_purchased":["Defragment","Defragment","Defragment","Coolheaded"],"campfire_rested":2,"item_purchase_floors":[11,11,11,11],"current_hp_per_floor":[57,56,56,31,24,45,45,45,45,43,43,43,6,6,27,0],"gold":127,"neow_bonus":"ONE_RANDOM_RARE_CARD","is_prod":false,"is_daily":false,"chose_seed":false,"campfire_upgraded":1,"win_rate":0,"timestamp":1536926908,"path_taken":["M","M","M","M","M","R","?","R","T","M","$","?","E","?","R","BOSS"],"build_version":"2018-09-06","purchased_purges":1,"victory":false,"max_hp_per_floor":[71,71,71,71,71,71,71,71,71,71,71,71,71,71,71,71],"card_choices":[{"not_picked":["Barrage","Rebound"],"picked":"Streamline","floor":1.0},{"not_picked":["Cold Snap","Leap"],"picked":"Ball Lightning","floor":2.0},{"not_picked":["Ball Lightning","Rebound"],"picked":"Turbo","floor":3.0},{"not_picked":["Beam Cell","Coolheaded"],"picked":"Chaos","floor":4.0},{"not_picked":["Hologram","Reprogram"],"picked":"Fission","floor":5.0},{"not_picked":["Conserve Battery","Beam Cell"],"picked":"Steam","floor":10.0},{"not_picked":["Rebound","Static Discharge"],"picked":"Conserve Battery","floor":13}],"player_experience":326400,"relics_obtained":[{"floor":9.0,"key":"The Courier"},{"floor":13,"key":"Peace Pipe"}],"event_choices":[{"event_name":"Liars Game","player_choice":"agreed","floor":7.0,"damage_taken":0.0},{"event_name":"Golden Wing","player_choice":"Gained Gold","floor":12,"damage_taken":0},{"event_name":"Living Wall","player_choice":"Change","floor":14,"damage_taken":0}],"is_beta":true,"boss_relics":[],"items_purged_floors":[11],"is_endless":false,"potions_floor_spawned":[2,10,13],"killed_by":"The Guardian","ascension_level":17}