{"gold_per_floor":[118,118,138,138,64,91,91,91,118,118,138,152,171,10,10,83,83,95,110,10,30,30,55,55,82,135,155,155,183,183,201,201,280,280,299,311,323,124,124,157,169,169,223,223,223,251,251,302,302,302,302,302,74,109,109],"floor_reached":56,"playtime":3771,"items_purged":["Strike_R","Pain","Strike_R","Strike_R+1"],"score":2198,"play_id":"226ca7b0-c930-4e28-b985-9889b4581b01","local_time":"20190310144913","is_ascension_mode":true,"campfire_choices":[{"data":"Corruption","floor":8,"key":"SMITH"},{"data":"Feel No Pain","floor":10,"key":"SMITH"},{"data":"Discovery","floor":15,"key":"SMITH"},{"floor":24,"key":"REST"},{"floor":28,"key":"REST"},{"floor":30,"key":"REST"},{"floor":32,"key":"RECALL"},{"floor":42,"key":"REST"},{"floor":44,"key":"REST"},{"floor":49,"key":"REST"},{"floor":52,"key":"REST"}],"neow_cost":"NONE","seed_source_timestamp":5067529809616,"circlet_count":0,"master_deck":["AscendersBane","Defend_R","Defend_R","Defend_R","Bash","Uppercut+1","Corruption+1","Feel No Pain+1","Dark Embrace","Seeing Red","Ghostly Armor","Discovery+1","Impervious","Dropkick","True Grit","Offering","Fiend Fire","Armaments+1","Sentinel+1","Dropkick"],"relics":["Burning Blood","NeowsBlessing","Ornamental Fan","WarpedTongs","Fusion Hammer","Bronze Scales","Mummified Hand","Ancient Tea Set","Mercury Hourglass","Art of War","Anchor","Blue Candle","Magic Flower","Letter Opener"],"potions_floor_usage":[16,21,23,25,27,33,54,55],"damage_taken":[{"damage":0,"enemies":"Small Slimes","floor":1,"turns":1},{"damage":1,"enemies":"2 Louse","floor":3,"turns":2},{"damage":0,"enemies":"Lagavulin","floor":6,"turns":1},{"damage":2,"enemies":"Cultist","floor":11,"turns":4},{"damage":8,"enemies":"Blue Slaver","floor":12,"turns":4},{"damage":25,"enemies":"3 Louse","floor":13,"turns":6},{"damage":36,"enemies":"The Guardian","floor":16,"turns":12},{"damage":17,"enemies":"3 Byrds","floor":18,"turns":7},{"damage":10,"enemies":"Spheric Guardian","floor":19,"turns":5},{"damage":6,"enemies":"Snecko","floor":21,"turns":6},{"damage":29,"enemies":"Book of Stabbing","floor":23,"turns":6},{"damage":6,"enemies":"Gremlin Leader","floor":25,"turns":6},{"damage":6,"enemies":"Cultist and Chosen","floor":27,"turns":5},{"damage":13,"enemies":"Book of Stabbing","floor":29,"turns":5},{"damage":6,"enemies":"3 Cultists","floor":31,"turns":4},{"damage":38,"enemies":"Collector","floor":33,"turns":9},{"damage":6,"enemies":"Orb Walker","floor":35,"turns":3},{"damage":6,"enemies":"3 Shapes","floor":36,"turns":4},{"damage":27,"enemies":"3 Darklings","floor":37,"turns":5},{"damage":11,"enemies":"Reptomancer","floor":40,"turns":6},{"damage":6,"enemies":"Spire Growth","floor":41,"turns":4},{"damage":38,"enemies":"Nemesis","floor":46,"turns":9},{"damage":27,"enemies":"2 Orb Walkers","floor":48,"turns":4},{"damage":6,"enemies":"Awakened One","floor":50,"turns":4},{"damage":6,"enemies":"Shield and Spear","floor":54,"turns":2},{"damage":25,"enemies":"The Heart","floor":55,"turns":5}],"seed_played":"6417502642351824522","potions_obtained":[{"floor":1,"key":"Strength Potion"},{"floor":12,"key":"Block Potion"},{"floor":13,"key":"Swift Potion"},{"floor":16,"key":"Ancient Potion"},{"floor":23,"key":"Explosive Potion"},{"floor":25,"key":"Block Potion"},{"floor":29,"key":"Block Potion"},{"floor":36,"key":"Energy Potion"}],"is_trial":false,"path_per_floor":["M","?","M","?","$","E","?","R","T","R","M","M","M","$","R","B",null,"M","M","$","M","?","E","R","E","T","M","R","E","R","M","R","B",null,"M","M","M","$","?","E","M","R","T","R","?","E","?","?","R","B",null,"R","$","E","B",null],"character_chosen":"IRONCLAD","items_purchased":["Dark Embrace","Discovery","GamblersBrew","GamblersBrew"],"campfire_rested":7,"item_purchase_floors":[5,14,38,53],"current_hp_per_floor":[74,74,75,52,52,58,58,58,58,58,62,60,41,41,41,11,59,48,44,44,44,44,21,43,43,43,43,65,58,75,75,75,43,67,67,67,46,46,46,41,41,63,63,75,75,43,43,22,44,47,68,75,75,75,59],"gold":109,"neow_bonus":"THREE_ENEMY_KILL","is_prod":false,"is_daily":false,"chose_seed":false,"campfire_upgraded":3,"win_rate":0,"timestamp":1552200553,"path_taken":["M","?","M","?","$","E","?","R","T","R","M","M","M","$","R","BOSS","M","M","$","?","?","E","R","E","T","M","R","E","R","M","R","BOSS","M","M","M","$","?","E","?","R","T","R","?","E","?","?","R","BOSS","R","$","E","BOSS"],"build_version":"2019-02-06","purchased_purges":4,"victory":true,"max_hp_per_floor":[75,75,75,75,75,75,75,75,75,75,75,75,75,75,75,75,75,75,75,75,75,75,75,75,75,75,75,75,75,75,75,75,75,75,75,75,75,75,75,75,75,75,75,75,75,75,75,75,75,75,75,75,75,75,75],"card_choices":[{"not_picked":["Dual Wield","Pommel Strike"],"picked":"Uppercut","floor":1},{"not_picked":["Flex","Seeing Red"],"picked":"Feel No Pain","floor":3},{"not_picked":["Shrug It Off","Anger"],"picked":"Seeing Red","floor":6},{"not_picked":["Thunderclap","Perfected Strike","Evolve"],"picked":"SKIP","floor":11},{"not_picked":["Inflame","Battle Trance","Blood for Blood"],"picked":"SKIP","floor":12},{"not_picked":["Inflame","Battle Trance","Blood for Blood"],"picked":"SKIP","floor":12},{"not_picked":["Thunderclap","Ghostly Armor","Blood for Blood"],"picked":"SKIP","floor":13},{"not_picked":["Thunderclap","Blood for Blood"],"picked":"Ghostly Armor","floor":13},{"not_picked":["Bludgeon","Brutality"],"picked":"Impervious","floor":16},{"not_picked":["Sword Boomerang+1","Seeing Red"],"picked":"Dropkick","floor":18},{"not_picked":["Blood for Blood","Twin Strike"],"picked":"True Grit","floor":19},{"not_picked":["Twin Strike","Metallicize","Perfected Strike+1"],"picked":"SKIP","floor":21},{"not_picked":["Blood for Blood","Exhume"],"picked":"Offering","floor":23},{"not_picked":["Seeing Red","Iron Wave","Sever Soul"],"picked":"SKIP","floor":25},{"not_picked":["Sword Boomerang","Clothesline","Armaments"],"picked":"SKIP","floor":27},{"not_picked":["Twin Strike+1","Uppercut","Power Through"],"picked":"SKIP","floor":29},{"not_picked":["True Grit","Iron Wave+1","Metallicize"],"picked":"SKIP","floor":31},{"not_picked":["Berserk","Reaper"],"picked":"Fiend Fire","floor":33},{"not_picked":["Headbutt","Rage","Clothesline"],"picked":"SKIP","floor":35},{"not_picked":["Headbutt","Perfected Strike","Armaments+1"],"picked":"SKIP","floor":36},{"not_picked":["Headbutt","Perfected Strike"],"picked":"Armaments+1","floor":36},{"not_picked":["Warcry","Sword Boomerang","True Grit"],"picked":"SKIP","floor":37},{"not_picked":["Exhume","Heavy Blade"],"picked":"Sentinel+1","floor":40},{"not_picked":["Thunderclap","Body Slam"],"picked":"Dropkick","floor":41},{"not_picked":["Rampage","Corruption+1","Iron Wave"],"picked":"SKIP","floor":46},{"not_picked":["Uppercut","Corruption","Whirlwind"],"picked":"SKIP","floor":54}],"player_experience":847113,"relics_obtained":[{"floor":6,"key":"Ornamental Fan"},{"floor":23,"key":"Bronze Scales"},{"floor":25,"key":"Mummified Hand"},{"floor":26,"key":"Ancient Tea Set"},{"floor":29,"key":"Mercury Hourglass"},{"floor":40,"key":"Art of War"},{"floor":43,"key":"Anchor"},{"floor":46,"key":"Blue Candle"},{"floor":48,"key":"Magic Flower"},{"floor":54,"key":"Letter Opener"}],"event_choices":[{"damage_healed":0,"gold_gain":0,"cards_transformed":["Strike_R"],"player_choice":"Change","damage_taken":0,"max_hp_gain":0,"max_hp_loss":0,"event_name":"Living Wall","floor":2,"gold_loss":0,"cards_obtained":["Corruption"]},{"damage_healed":0,"gold_gain":0,"player_choice":"Entered Light","damage_taken":23,"max_hp_gain":0,"max_hp_loss":0,"event_name":"Shining Light","floor":4,"gold_loss":0,"cards_upgraded":["Uppercut","Strike_R"]},{"damage_healed":0,"gold_gain":0,"player_choice":"Rummage","damage_taken":0,"relics_obtained":["WarpedTongs"],"max_hp_gain":0,"max_hp_loss":0,"event_name":"Accursed Blacksmith","floor":7,"gold_loss":0,"cards_obtained":["Pain"]},{"damage_healed":0,"gold_gain":0,"player_choice":"Ignored","damage_taken":0,"max_hp_gain":0,"max_hp_loss":0,"event_name":"The Mausoleum","floor":22,"gold_loss":0},{"cards_removed":["Strike_R"],"damage_healed":0,"gold_gain":0,"player_choice":"Purged","damage_taken":0,"max_hp_gain":0,"max_hp_loss":0,"event_name":"Purifier","floor":39,"gold_loss":0},{"cards_removed":["Defend_R"],"damage_healed":0,"gold_gain":0,"player_choice":"Removed Skill","damage_taken":0,"max_hp_gain":0,"max_hp_loss":0,"event_name":"Falling","floor":45,"gold_loss":0},{"damage_healed":0,"gold_gain":0,"player_choice":"Memory 1","damage_taken":0,"max_hp_gain":0,"max_hp_loss":0,"event_name":"SensoryStone","floor":47,"gold_loss":0},{"damage_healed":0,"gold_gain":0,"player_choice":"Fight","damage_taken":0,"max_hp_gain":0,"max_hp_loss":0,"event_name":"Mysterious Sphere","floor":48,"gold_loss":0}],"is_beta":true,"boss_relics":[{"not_picked":["Black Star","Tiny House"],"picked":"Fusion Hammer"},{"not_picked":["Mark of Pain","Snecko Eye","Sozu"]}],"items_purged_floors":[14,20,38,53],"is_endless":false,"potions_floor_spawned":[1,12,13,16,19,23,25,29,36,48],"ascension_level":15}