{"gold_per_floor":[114,33,48,63,78,108,108,63,88,163,163,178,235,250,250,350,350,365,365,380,149,149,149,164,164],"floor_reached":25,"playtime":1836,"items_purged":[],"score":228,"play_id":"43d3a918-ab86-4336-a6d4-eaa623ae82db","local_time":"20190804213920","daily_mods":["Specialized","Green Cards","Lethality"],"is_ascension_mode":false,"campfire_choices":[{"data":"Metallicize","floor":7,"key":"SMITH"},{"data":"1","floor":11,"key":"LIFT"},{"data":"2","floor":15,"key":"LIFT"},{"data":"3","floor":23,"key":"LIFT"}],"neow_cost":"","seed_source_timestamp":0,"circlet_count":0,"master_deck":["Strike_R+1","Strike_R+1","Strike_R+1","Strike_R+1","Strike_R+1","Defend_R+1","Defend_R+1","Defend_R+1","Defend_R+1","Bash","Metallicize+1","Metallicize","Metallicize","Metallicize","Metallicize","Shrug It Off","Entrench","Dodge and Roll","Cloak And Dagger","Cloak And Dagger","Sentinel","Rage"],"special_seed":18113,"relics":["Black Blood","Girya","Red Skull","Frozen Egg 2","Boot","Blue Candle"],"potions_floor_usage":[],"damage_taken":[{"damage":1,"enemies":"Small Slimes","floor":1,"turns":5},{"damage":12,"enemies":"2 Louse","floor":3,"turns":3},{"damage":3,"enemies":"Jaw Worm","floor":4,"turns":5},{"damage":7,"enemies":"2 Fungi Beasts","floor":5,"turns":5},{"damage":8,"enemies":"Gremlin Nob","floor":6,"turns":6},{"damage":10,"enemies":"Gremlin Gang","floor":12,"turns":5},{"damage":10,"enemies":"Lagavulin Event","floor":13,"turns":10},{"damage":4,"enemies":"Red Slaver","floor":14,"turns":4},{"damage":33,"enemies":"The Guardian","floor":16,"turns":15},{"damage":8,"enemies":"Shell Parasite","floor":18,"turns":8},{"damage":6,"enemies":"Spheric Guardian","floor":20,"turns":9},{"damage":2,"enemies":"Snecko","floor":24,"turns":5},{"damage":81,"enemies":"Book of Stabbing","floor":25,"turns":8}],"seed_played":"4943417397018078465","potions_obtained":[{"floor":1,"key":"SkillPotion"},{"floor":4,"key":"Weak Potion"},{"floor":13,"key":"Poison Potion"},{"floor":24,"key":"SmokeBomb"}],"is_trial":false,"path_per_floor":["M","$","M","M","M","E","R","$","T","?","R","M","?","M","R","B",null,"M","?","M","$","?","R","M","E"],"character_chosen":"IRONCLAD","items_purchased":["Entrench","Cloak And Dagger","Sentinel","Boot"],"campfire_rested":0,"item_purchase_floors":[2,8,21,21],"current_hp_per_floor":[80,80,74,77,76,74,74,74,74,63,63,59,55,57,57,30,80,80,80,80,80,80,80,80,0],"gold":164,"neow_bonus":"","is_prod":false,"is_daily":true,"chose_seed":false,"campfire_upgraded":1,"win_rate":0.0,"timestamp":1564972760,"path_taken":["M","$","M","M","M","E","R","$","T","?","R","M","?","M","R","BOSS","M","?","M","$","?","R","M","E"],"build_version":"2019-07-17","purchased_purges":0,"victory":false,"max_hp_per_floor":[80,80,80,80,80,80,80,80,80,80,80,80,80,80,80,80,80,80,80,80,80,80,80,80,80],"card_choices":[{"not_picked":["Masterful Stab","Outmaneuver"],"picked":"Shrug It Off","floor":1},{"not_picked":["Carnage","True Grit"],"picked":"Dodge and Roll","floor":3},{"not_picked":["Predator","Acrobatics","Anger"],"picked":"SKIP","floor":4},{"not_picked":["Clash","Clothesline","Dropkick"],"picked":"SKIP","floor":5},{"not_picked":["Havoc","Reflex","Clash"],"picked":"SKIP","floor":6},{"not_picked":["Backstab","PiercingWail"],"picked":"Cloak And Dagger","floor":12},{"not_picked":["Sucker Punch","Burning Pact","Exhume"],"picked":"SKIP","floor":14},{"not_picked":["Perfected Strike","Uppercut","Headbutt"],"picked":"SKIP","floor":18},{"not_picked":["Dagger Throw","Inflame+1","Pommel Strike"],"picked":"SKIP","floor":20},{"not_picked":["Backstab","Infernal Blade+1"],"picked":"Rage","floor":24}],"player_experience":85235,"relics_obtained":[{"floor":6,"key":"Girya"},{"floor":9,"key":"Red Skull"},{"floor":13,"key":"Frozen Egg 2"}],"event_choices":[{"damage_healed":0,"gold_gain":75,"player_choice":"Gather Gold","damage_taken":11,"max_hp_gain":0,"max_hp_loss":0,"event_name":"World of Goop","floor":10,"gold_loss":0},{"damage_healed":0,"gold_gain":30,"player_choice":"Searched \u00272\u0027 times","damage_taken":0,"max_hp_gain":0,"max_hp_loss":0,"event_name":"Dead Adventurer","floor":13,"gold_loss":0},{"damage_healed":0,"gold_gain":0,"player_choice":"Simplicity","damage_taken":0,"max_hp_gain":0,"max_hp_loss":0,"event_name":"Back to Basics","floor":19,"gold_loss":0,"cards_upgraded":["Strike_R","Strike_R","Strike_R","Strike_R","Strike_R","Defend_R","Defend_R","Defend_R","Defend_R"]},{"damage_healed":0,"gold_gain":0,"player_choice":"Gave Potion","damage_taken":0,"relics_obtained":["Blue Candle"],"max_hp_gain":0,"max_hp_loss":0,"event_name":"WeMeetAgain","floor":22,"gold_loss":0}],"is_beta":false,"boss_relics":[{"not_picked":["Calling Bell","Runic Cube"],"picked":"Black Blood"}],"items_purged_floors":[],"is_endless":false,"potions_floor_spawned":[1,4,13,16,20,24],"killed_by":"Book of Stabbing","ascension_level":0}