{"gold_per_floor":[118,118,118,130,144,144,160,160,215,5,18,37,37,50,50,129,129,143,143,163,0,12,12,43,55,90,120,142,104,104,118,118,118],"floor_reached":33,"playtime":1332,"items_purged":["Voices"],"score":622,"play_id":"3f2c0d30-9f23-41dc-bfcd-e838e5b67191","local_time":"20190525215425","is_ascension_mode":true,"campfire_choices":[{"data":"Darkness","floor":6.0,"key":"SMITH"},{"data":"Dualcast","floor":8.0,"key":"SMITH"},{"data":"Defragment","floor":13.0,"key":"SMITH"},{"floor":23.0,"key":"REST"},{"data":"Coolheaded","floor":25.0,"key":"SMITH"},{"floor":32,"key":"REST"}],"neow_cost":"NONE","seed_source_timestamp":0,"circlet_count":0,"master_deck":["AscendersBane","Zap","Dualcast+1","Darkness+1","Defragment+1","Hologram","Loop","Loop","Biased Cognition","Decay","Chill","ReplayRNGCard","Go for the Eyes+1","Coolheaded+1","vexMod:FightResponse","vexMod:DefensiveStance","vexMod:Execute","vexMod:FaceSlap","vexMod:Gloat","vexMod:HeavySlash","vexMod:Insult","vexMod:DefensiveStance","Skim+1"],"special_seed":0,"relics":["Velvet Choker","Anchor","Bag of Marbles","Chemical X","Kintsugi","MawBank","Smiling Mask"],"potions_floor_usage":[],"damage_taken":[{"damage":7.0,"enemies":"2 Louse","floor":1.0,"turns":4.0},{"damage":1.0,"enemies":"Cultist","floor":4.0,"turns":3.0},{"damage":2.0,"enemies":"Jaw Worm","floor":5.0,"turns":4.0},{"damage":0.0,"enemies":"2 Fungi Beasts","floor":7.0,"turns":2.0},{"damage":16.0,"enemies":"Exordium Thugs","floor":11.0,"turns":5.0},{"damage":9.0,"enemies":"Large Slime","floor":12.0,"turns":4.0},{"damage":2.0,"enemies":"Gremlin Gang","floor":14.0,"turns":5.0},{"damage":20.0,"enemies":"Hexaghost","floor":16.0,"turns":8.0},{"damage":29.0,"enemies":"2 Thieves","floor":18.0,"turns":3.0},{"damage":0.0,"enemies":"Spheric Guardian","floor":20.0,"turns":4.0},{"damage":13.0,"enemies":"3 Cultists","floor":22.0,"turns":4.0},{"damage":0.0,"enemies":"vexMod:InfectionBeast","floor":24.0,"turns":6.0},{"damage":11.0,"enemies":"Snecko","floor":27.0,"turns":5.0},{"damage":14.0,"enemies":"Snake Plant","floor":28.0,"turns":4.0},{"damage":0,"enemies":"Shelled Parasite and Fungi","floor":31,"turns":4},{"damage":16,"enemies":"Automaton","floor":33,"turns":2}],"seed_played":"-1710771032589351986","potions_obtained":[{"floor":7.0,"key":"SkillPotion"},{"floor":14.0,"key":"Adrenaline Potion"},{"floor":20.0,"key":"Fire Potion"},{"floor":22.0,"key":"FearPotion"},{"floor":27.0,"key":"Dexterity Potion"},{"floor":31,"key":"SpeedPotion"}],"is_trial":false,"path_per_floor":["M","?","?","M","M","R","M","R","T","$","M","M","R","M","R","B",null,"M","?","M","$","M","R","E","R","T","M","M","$","?","M","R","B"],"character_chosen":"DEFECT","items_purchased":["Chemical X","ReplayRNGCard"],"campfire_rested":2,"item_purchase_floors":[10,21],"current_hp_per_floor":[57,57,57,56,54,54,54,54,54,54,38,29,29,27,27,7,50,21,21,21,21,8,27,27,27,27,16,2,2,2,2,14,0],"gold":118,"neow_bonus":"BOSS_RELIC","is_prod":false,"is_daily":false,"chose_seed":false,"campfire_upgraded":4,"win_rate":0,"timestamp":1558792465,"path_taken":["M","?","?","M","M","R","M","R","T","$","M","M","R","?","R","BOSS","M","?","M","$","M","R","E","R","T","M","?","$","?","M","R","BOSS"],"build_version":"2019-01-23","purchased_purges":1,"victory":false,"max_hp_per_floor":[71,64,64,64,64,64,64,64,64,64,64,64,64,64,64,64,64,64,64,64,64,64,64,64,64,64,64,64,64,42,42,42,42],"card_choices":[{"not_picked":["Go for the Eyes","vexMod:ReflexChannel","vexMod:OrbBoomerang"],"picked":"SKIP","floor":1.0},{"not_picked":["Go for the Eyes","vexMod:ReflexChannel","vexMod:OrbBoomerang"],"picked":"SKIP","floor":1.0},{"not_picked":["Coolheaded","Panic Button"],"picked":"Darkness","floor":4.0},{"not_picked":["Coolheaded","vexMod:TuneUp","Leap"],"picked":"SKIP","floor":5.0},{"not_picked":["Compile Driver","Conserve Battery","Barrage"],"picked":"SKIP","floor":7.0},{"not_picked":["FTL","Barrage"],"picked":"Defragment","floor":11.0},{"not_picked":["Heatsinks","ReplaySolidLightProjector"],"picked":"Hologram","floor":12.0},{"not_picked":["Undo","Streamline"],"picked":"Loop","floor":14.0},{"not_picked":["Rainbow","Fission"],"picked":"Biased Cognition","floor":16.0},{"not_picked":["vexMod:RocketPunch","BasicCrystalCard","Hologram"],"picked":"SKIP","floor":18.0},{"not_picked":["Panic Button","Conserve Battery","vexMod:ReflexChannel"],"picked":"SKIP","floor":20.0},{"not_picked":["Stack+1","vexMod:RocketPunch","Go for the Eyes+1"],"picked":"SKIP","floor":22.0},{"not_picked":["Stack+1","vexMod:RocketPunch"],"picked":"Go for the Eyes+1","floor":22.0},{"not_picked":["Darkness","Streamline"],"picked":"Coolheaded","floor":24.0},{"not_picked":["Turbo","Conserve Battery","Machine Learning"],"picked":"SKIP","floor":27.0},{"not_picked":["vexMod:ChargeBeam","Darkness","BasicCrystalCard"],"picked":"SKIP","floor":28.0},{"not_picked":["Sweeping Beam+1","Leap"],"picked":"Skim+1","floor":31}],"player_experience":980883,"relics_obtained":[{"floor":9.0,"key":"Bag of Marbles"},{"floor":24.0,"key":"MawBank"},{"floor":26.0,"key":"Smiling Mask"}],"event_choices":[{"cards_removed":["Strike_B"],"damage_healed":0.0,"max_hp_gain":0.0,"max_hp_loss":0.0,"gold_gain":0.0,"event_name":"Bonfire Elementals","player_choice":"Offered Basic","floor":3.0,"gold_loss":0.0,"damage_taken":0.0},{"damage_healed":0.0,"max_hp_gain":0.0,"max_hp_loss":0.0,"gold_gain":0.0,"cards_transformed":["Defend_B"],"event_name":"Transmorgrifier","player_choice":"Transformed","floor":19.0,"gold_loss":0.0,"damage_taken":0.0,"cards_obtained":["Chill"]}],"is_beta":false,"boss_relics":[{"not_picked":["Runic Pyramid","vexMod:EndlessSickness"],"picked":"Kintsugi"}],"items_purged_floors":[29],"is_endless":false,"potions_floor_spawned":[7,14,16,20,22,27,31],"killed_by":"Automaton","ascension_level":20}