{"gold_per_floor":[111,126,144,144,144,144,160,160,160,185,197,73,73,73,73,151,151,169,219,53,73,87,87,87],"floor_reached":24,"playtime":853,"items_purged":["Strike_B"],"score":392,"play_id":"f9564dc6-2b4d-481e-81cb-7230108852e7","local_time":"20181215122512","is_ascension_mode":true,"campfire_choices":[{"data":"Zap","floor":6.0,"key":"SMITH"},{"data":"Creative AI","floor":8.0,"key":"SMITH"},{"data":"Loop","floor":13.0,"key":"SMITH"},{"data":"Reboot","floor":15.0,"key":"SMITH"},{"floor":23.0,"key":"REST"}],"neow_cost":"NONE","seed_source_timestamp":11145653299927,"circlet_count":0,"master_deck":["AscendersBane","Zap+1","Dualcast","Reboot+1","Ball Lightning","Skim","Creative AI+1","Conserve Battery","Cold Snap","Loop+1","Ball Lightning","Seek","Loop","Cold Snap","Sweeping Beam","Biased Cognition","Go for the Eyes","Glacier","Reinforced Body","Hello World","Auto Shields","Leap"],"special_seed":0,"relics":["Cracked Core","The Courier","Pantograph","SsserpentHead","Pandora\u0027s Box","Enchiridion"],"potions_floor_usage":[],"damage_taken":[{"damage":2.0,"enemies":"2 Louse","floor":1.0,"turns":3.0},{"damage":5.0,"enemies":"Small Slimes","floor":2.0,"turns":2.0},{"damage":1.0,"enemies":"Cultist","floor":3.0,"turns":3.0},{"damage":6.0,"enemies":"Blue Slaver","floor":7.0,"turns":3.0},{"damage":53.0,"enemies":"Gremlin Nob","floor":10.0,"turns":5.0},{"damage":6.0,"enemies":"Large Slime","floor":11.0,"turns":5.0},{"damage":18.0,"enemies":"Hexaghost","floor":16.0,"turns":8.0},{"damage":20.0,"enemies":"2 Thieves","floor":18.0,"turns":4.0},{"damage":13.0,"enemies":"Shell Parasite","floor":21.0,"turns":7.0},{"damage":9.0,"enemies":"Snecko","floor":22.0,"turns":5.0},{"damage":36,"enemies":"Slavers","floor":24,"turns":4}],"seed_played":"6666213710309336151","potions_obtained":[{"floor":2.0,"key":"Regen Potion"},{"floor":10.0,"key":"SpeedPotion"},{"floor":11.0,"key":"Regen Potion"},{"floor":21.0,"key":"Strength Potion"}],"is_trial":false,"path_per_floor":["M","M","M","?","?","R","M","R","T","E","M","$","R","?","R","B",null,"M","?","$","M","M","R","E"],"character_chosen":"DEFECT","items_purchased":["Loop","Glacier","Reinforced Body","Hello World"],"campfire_rested":1,"item_purchase_floors":[12,20,20,20],"current_hp_per_floor":[62,57,56,56,61,61,55,55,55,16,10,10,10,10,10,17,61,41,20,20,22,13,35,0],"gold":87,"neow_bonus":"ONE_RANDOM_RARE_CARD","is_prod":false,"is_daily":false,"chose_seed":false,"campfire_upgraded":4,"win_rate":0,"timestamp":1544847912,"path_taken":["M","M","M","?","?","R","M","R","T","E","M","$","R","?","R","BOSS","M","?","$","M","M","R","E"],"build_version":"2018-12-13","purchased_purges":1,"victory":false,"max_hp_per_floor":[71,71,71,71,76,76,76,76,76,76,76,76,76,76,76,76,76,76,76,76,76,76,76,76],"card_choices":[{"not_picked":["Turbo","Cold Snap"],"picked":"Ball Lightning","floor":1.0},{"not_picked":["Ball Lightning","Scrape"],"picked":"Skim","floor":2.0},{"not_picked":["Reprogram","Go for the Eyes"],"picked":"Creative AI","floor":3.0},{"not_picked":["Compile Driver","Hologram"],"picked":"Conserve Battery","floor":7.0},{"not_picked":["Aggregate","Go for the Eyes","Genetic Algorithm"],"picked":"SKIP","floor":10.0},{"not_picked":["Hologram","Go for the Eyes"],"picked":"Cold Snap","floor":11.0},{"not_picked":["Skim","Genetic Algorithm","Rebound"],"picked":"SKIP","floor":18.0},{"not_picked":["Steam+1","Chill"],"picked":"Auto Shields","floor":21.0},{"not_picked":["Chaos","Redo"],"picked":"Leap","floor":22.0}],"player_experience":619671,"relics_obtained":[{"floor":9.0,"key":"The Courier"},{"floor":10.0,"key":"Pantograph"},{"floor":19.0,"key":"Enchiridion"}],"event_choices":[{"damage_healed":0.0,"max_hp_gain":0.0,"max_hp_loss":0.0,"gold_gain":0.0,"event_name":"Liars Game","player_choice":"Ignored","floor":4.0,"gold_loss":0.0,"damage_taken":0.0},{"damage_healed":0.0,"max_hp_gain":5.0,"max_hp_loss":0.0,"gold_gain":0.0,"event_name":"Big Fish","player_choice":"Donut","floor":5.0,"gold_loss":0.0,"damage_taken":0.0},{"damage_healed":0.0,"max_hp_gain":0.0,"max_hp_loss":0.0,"gold_gain":0.0,"event_name":"FaceTrader","player_choice":"Trade","floor":14.0,"gold_loss":0.0,"damage_taken":0.0,"relics_obtained":["SsserpentHead"]},{"damage_healed":0.0,"max_hp_gain":0.0,"max_hp_loss":0.0,"gold_gain":0.0,"event_name":"Cursed Tome","player_choice":"Obtained Book","floor":19.0,"gold_loss":0.0,"damage_taken":21.0}],"is_beta":true,"boss_relics":[{"not_picked":["Tiny House","Fusion Hammer"],"picked":"Pandora\u0027s Box"}],"items_purged_floors":[12],"is_endless":false,"potions_floor_spawned":[2,10,11,18,21],"killed_by":"Slavers","ascension_level":20}