{"gold_per_floor":[366,376,376,389,402,402,436,586,586,9,28,45,72,82,82,82],"floor_reached":16,"playtime":536,"items_purged":["Doubt"],"score":222,"play_id":"2b06faf9-51cc-4ac2-8312-2e023c01df43","local_time":"20180915210131","is_ascension_mode":true,"campfire_choices":[{"data":"Streamline","floor":6.0,"key":"SMITH"},{"floor":15.0,"key":"REST"}],"neow_cost":"TEN_PERCENT_HP_LOSS","seed_source_timestamp":37687512537794,"circlet_count":0,"master_deck":["Strike_B","Strike_B","Strike_B","Strike_B","Defend_B","Defend_B","Defend_B","Defend_B","Zap","Dualcast","AscendersBane","Redo","Streamline+1","Hyperbeam","Gash","Reinforced Body","FTL","Steam Power","Rebound","Gash","Reprogram","Scrape+1"],"special_seed":0,"relics":["Cracked Core","Strawberry","Art of War","Question Card","Juzu Bracelet","Molten Egg 2"],"potions_floor_usage":[],"damage_taken":[{"damage":5.0,"enemies":"2 Louse","floor":1.0,"turns":2.0},{"damage":1.0,"enemies":"Cultist","floor":2.0,"turns":3.0},{"damage":0.0,"enemies":"Small Slimes","floor":4.0,"turns":2.0},{"damage":3.0,"enemies":"3 Louse","floor":5.0,"turns":3.0},{"damage":23.0,"enemies":"3 Sentries","floor":7.0,"turns":5.0},{"damage":11.0,"enemies":"Looter","floor":11.0,"turns":2.0},{"damage":0.0,"enemies":"Large Slime","floor":12.0,"turns":3.0},{"damage":11.0,"enemies":"Gremlin Nob","floor":13.0,"turns":3.0},{"damage":11.0,"enemies":"Exordium Wildlife","floor":14.0,"turns":3.0},{"damage":29,"enemies":"The Guardian","floor":16,"turns":5}],"seed_played":"-2308715723102401185","potions_obtained":[{"floor":1.0,"key":"EntropicBrew"},{"floor":7.0,"key":"Explosive Potion"},{"floor":13.0,"key":"LiquidBronze"}],"is_trial":false,"path_per_floor":["M","M","?","M","M","R","E","?","T","$","M","M","E","M","R"],"character_chosen":"DEFECT","items_purchased":["Rebound","Question Card","Juzu Bracelet"],"campfire_rested":1,"item_purchase_floors":[10,10,10],"current_hp_per_floor":[59,58,58,58,55,55,39,39,39,39,28,28,17,6,27,0],"gold":82,"neow_bonus":"TWO_FIFTY_GOLD","is_prod":false,"is_daily":false,"chose_seed":false,"campfire_upgraded":1,"win_rate":0,"timestamp":1537016491,"path_taken":["M","M","?","M","M","R","E","?","T","$","M","M","E","M","R","BOSS"],"build_version":"2018-09-12","purchased_purges":1,"victory":false,"max_hp_per_floor":[64,64,64,64,64,64,71,71,71,71,71,71,71,71,71,71],"card_choices":[{"not_picked":["Skim","Hello World"],"picked":"Redo","floor":1.0},{"not_picked":["Stack","Steam"],"picked":"Streamline","floor":2.0},{"not_picked":["Rip and Tear","Beam Cell"],"picked":"Reinforced Body","floor":4.0},{"not_picked":["Double Energy","Steam"],"picked":"FTL","floor":5.0},{"not_picked":["Rebound","White Noise"],"picked":"Steam Power","floor":7.0},{"not_picked":["Recycle","Ball Lightning","Coolheaded"],"picked":"Gash","floor":11.0},{"not_picked":["Force Field","Biased Cognition","Doom and Gloom","Consume"],"picked":"SKIP","floor":12.0},{"not_picked":["Thunder Strike","Skim","Ball Lightning"],"picked":"Reprogram","floor":13.0},{"not_picked":["Hologram","Coolheaded","Chaos"],"picked":"Scrape+1","floor":14.0}],"player_experience":342605,"relics_obtained":[{"floor":7.0,"key":"Strawberry"},{"floor":9.0,"key":"Art of War"},{"floor":13.0,"key":"Molten Egg 2"}],"event_choices":[{"event_name":"Match and Keep!","player_choice":"2 cards matched","floor":3.0,"damage_taken":0.0},{"event_name":"Liars Game","player_choice":"agreed","floor":8.0,"damage_taken":0.0}],"is_beta":true,"boss_relics":[],"items_purged_floors":[10],"is_endless":false,"potions_floor_spawned":[1,7,12,13],"killed_by":"The Guardian","ascension_level":19}