{"gold_per_floor":[109,120,139,151,151,151,151,171,224,224,244,244,244,263,263,338,338,354,366,114,114],"floor_reached":21,"playtime":770,"items_purged":[],"score":294,"play_id":"bb1f42bc-b18e-4224-ab8f-7dd744779249","local_time":"20180907195412","is_ascension_mode":true,"campfire_choices":[{"data":"Chaos","floor":6.0,"key":"SMITH"},{"data":"Zap","floor":10.0,"key":"SMITH"},{"floor":12.0,"key":"REST"},{"data":"Multi-Cast","floor":15.0,"key":"SMITH"}],"neow_cost":"NONE","seed_source_timestamp":0,"circlet_count":0,"master_deck":["Strike_B","Strike_B","Defend_B","Defend_B","Defend_B","Defend_B","Zap+1","Dualcast","AscendersBane","Multi-Cast+1","Rip and Tear","Hologram","Chaos+1","Rebound","Coolheaded","Leap","Undo","Echo Form","Go for the Eyes","Chaos+1","Loop","Apotheosis"],"special_seed":0,"relics":["Cracked Core","Pear","Lantern","Dream Catcher","Empty Cage"],"potions_floor_usage":[19,21],"damage_taken":[{"damage":7.0,"enemies":"Jaw Worm","floor":1.0,"turns":3.0},{"damage":9.0,"enemies":"Small Slimes","floor":2.0,"turns":4.0},{"damage":0.0,"enemies":"Cultist","floor":3.0,"turns":3.0},{"damage":15.0,"enemies":"3 Louse","floor":4.0,"turns":4.0},{"damage":14.0,"enemies":"Red Slaver","floor":8.0,"turns":2.0},{"damage":7.0,"enemies":"2 Fungi Beasts","floor":11.0,"turns":2.0},{"damage":0.0,"enemies":"Large Slime","floor":14.0,"turns":5.0},{"damage":34.0,"enemies":"Slime Boss","floor":16.0,"turns":10.0},{"damage":25,"enemies":"Spheric Guardian","floor":18,"turns":6},{"damage":28,"enemies":"Shell Parasite","floor":19,"turns":6},{"damage":25,"enemies":"Snake Plant","floor":21,"turns":2}],"seed_played":"-3202716110014702518","potions_obtained":[{"floor":2.0,"key":"AttackPotion"},{"floor":3.0,"key":"LiquidBronze"},{"floor":11.0,"key":"Dexterity Potion"},{"floor":18,"key":"Regen Potion"},{"floor":19,"key":"EssenceOfSteel"}],"is_trial":false,"path_per_floor":["M","M","M","M","$","R","?","M","T","R","M","R","?","M","R","B",null,"M","M","$"],"character_chosen":"DEFECT","items_purchased":["Loop","Apotheosis"],"campfire_rested":1,"item_purchase_floors":[20,20],"current_hp_per_floor":[57,48,48,33,33,33,36,22,22,22,15,39,39,39,39,5,62,37,23,23,0],"gold":114,"neow_bonus":"ONE_RANDOM_RARE_CARD","is_prod":false,"is_daily":false,"chose_seed":false,"campfire_upgraded":3,"win_rate":0,"timestamp":1536321252,"path_taken":["M","M","M","M","$","R","?","M","T","R","M","R","?","M","R","BOSS","M","M","$","M"],"build_version":"2018-09-06","purchased_purges":0,"victory":false,"max_hp_per_floor":[71,71,71,71,71,71,81,81,81,81,81,81,81,81,81,81,81,81,81,81,81],"card_choices":[{"not_picked":["Barrage","Leap"],"picked":"Rip and Tear","floor":1.0},{"not_picked":["Double Energy","Stack"],"picked":"Hologram","floor":2.0},{"not_picked":["Auto Shields","Sunder"],"picked":"Chaos","floor":3.0},{"not_picked":["Ball Lightning","Steam"],"picked":"Rebound","floor":4.0},{"not_picked":["Ball Lightning","Machine Learning"],"picked":"Coolheaded","floor":8.0},{"not_picked":["Scrape","Conserve Battery"],"picked":"Leap","floor":11.0},{"not_picked":["Compile Driver","Stack"],"picked":"Undo","floor":14.0},{"not_picked":["Multi-Cast","Fission"],"picked":"Echo Form","floor":16.0},{"not_picked":["Streamline","Hello World"],"picked":"Go for the Eyes","floor":18},{"not_picked":["Loop","Conserve Battery"],"picked":"Chaos+1","floor":19}],"player_experience":301786,"relics_obtained":[{"floor":9.0,"key":"Lantern"}],"event_choices":[{"event_name":"Scrap Ooze","player_choice":"success","floor":7.0,"damage_taken":7.0},{"event_name":"WeMeetAgain","player_choice":"Potion","floor":13.0,"damage_taken":0.0}],"is_beta":true,"boss_relics":[{"not_picked":["Pandora\u0027s Box","Velvet Choker"],"picked":"Empty Cage"}],"items_purged_floors":[],"is_endless":false,"potions_floor_spawned":[2,3,11,18,19],"killed_by":"Snake Plant","ascension_level":14}