{"gold_per_floor":[212,212,31,43,53,53,53,69,69,69,85,85,85,118,118,195,195,135,135,135,135,35,35,35,35,35,35],"floor_reached":27,"playtime":1006,"items_purged":["Pain","Strike_R"],"score":384,"play_id":"b54517c2-30fe-4e1b-9671-e236314e6355","local_time":"20190128182241","is_ascension_mode":true,"campfire_choices":[{"data":"Uppercut","floor":6.0,"key":"SMITH"},{"data":"Spot Weakness","floor":10.0,"key":"SMITH"},{"data":"Shrug It Off","floor":15.0,"key":"SMITH"},{"data":"Bash","floor":23,"key":"SMITH"}],"neow_cost":"NONE","seed_source_timestamp":33854577805849,"circlet_count":0,"master_deck":["AscendersBane","Strike_R","Strike_R","Strike_R","Defend_R","Defend_R","Defend_R","Defend_R","Bash+1","Spot Weakness+1","Uppercut+1","Shrug It Off+1","Impervious","Ghostly Armor","Limit Break"],"special_seed":0,"relics":["Burning Blood","WarpedTongs","Dodecahedron","Letter Opener","Ectoplasm","Juzu Bracelet","Red Skull"],"potions_floor_usage":[25],"damage_taken":[{"damage":6.0,"enemies":"2 Louse","floor":1.0,"turns":2.0},{"damage":5.0,"enemies":"Cultist","floor":4.0,"turns":4.0},{"damage":10.0,"enemies":"Jaw Worm","floor":5.0,"turns":4.0},{"damage":17.0,"enemies":"Lots of Slimes","floor":8.0,"turns":6.0},{"damage":0.0,"enemies":"2 Fungi Beasts","floor":11.0,"turns":3.0},{"damage":30.0,"enemies":"3 Sentries","floor":14.0,"turns":10.0},{"damage":42.0,"enemies":"Hexaghost","floor":16.0,"turns":12.0},{"damage":12,"enemies":"2 Thieves","floor":18,"turns":4},{"damage":1,"enemies":"Chosen","floor":19,"turns":6},{"damage":17,"enemies":"Snake Plant","floor":21,"turns":5},{"damage":29,"enemies":"Sentry and Sphere","floor":24,"turns":7},{"damage":41,"enemies":"Book of Stabbing","floor":25,"turns":8},{"damage":16,"enemies":"Slavers","floor":27,"turns":1}],"seed_played":"175504995910704218","potions_obtained":[{"floor":1.0,"key":"BloodPotion"},{"floor":11.0,"key":"GamblersBrew"},{"floor":21,"key":"Poison Potion"},{"floor":24,"key":"FairyPotion"}],"is_trial":false,"path_per_floor":["M","?","$","M","M","R","?","M","T","R","M","?","?","E","R","B",null,"M","M","?","M","$","R","M","E","T","E"],"character_chosen":"IRONCLAD","items_purchased":["Spot Weakness","Uppercut"],"campfire_rested":0,"item_purchase_floors":[3,3],"current_hp_per_floor":[72,72,72,73,69,69,69,58,58,58,64,64,69,45,45,9,66,60,65,65,54,54,54,31,15,15,0],"gold":35,"neow_bonus":"HUNDRED_GOLD","is_prod":false,"is_daily":false,"chose_seed":false,"campfire_upgraded":4,"win_rate":0,"timestamp":1548670961,"path_taken":["M","?","?","M","M","R","?","?","T","R","M","?","?","E","R","BOSS","M","M","?","M","$","R","M","E","T","E"],"build_version":"2019-01-23","purchased_purges":2,"victory":false,"max_hp_per_floor":[80,80,80,80,80,80,80,80,80,80,80,80,85,85,85,85,85,85,85,85,85,85,85,85,85,85,85],"card_choices":[{"not_picked":["Rage","Twin Strike","Havoc"],"picked":"SKIP","floor":1.0},{"not_picked":["Cleave","Feel No Pain","Warcry"],"picked":"SKIP","floor":4.0},{"not_picked":["Clash","Iron Wave","Pommel Strike"],"picked":"SKIP","floor":5.0},{"not_picked":["Rupture","Combust","Dual Wield"],"picked":"SKIP","floor":8.0},{"not_picked":["Twin Strike","Headbutt","Clothesline"],"picked":"SKIP","floor":11.0},{"not_picked":["Warcry","Havoc"],"picked":"Shrug It Off","floor":14.0},{"not_picked":["Offering","Berserk"],"picked":"Impervious","floor":16.0},{"not_picked":["Body Slam","Rampage","Warcry"],"picked":"SKIP","floor":18},{"not_picked":["True Grit","Wild Strike","Anger"],"picked":"SKIP","floor":19},{"not_picked":["Cleave+1","Wild Strike","Flex"],"picked":"SKIP","floor":21},{"not_picked":["Sword Boomerang","Thunderclap","Headbutt"],"picked":"SKIP","floor":24},{"not_picked":["Pommel Strike","Armaments"],"picked":"Limit Break","floor":25}],"player_experience":707594,"relics_obtained":[{"floor":9.0,"key":"Dodecahedron"},{"floor":14.0,"key":"Letter Opener"},{"floor":25,"key":"Juzu Bracelet"},{"floor":26,"key":"Red Skull"}],"event_choices":[{"damage_healed":0.0,"max_hp_gain":0.0,"max_hp_loss":0.0,"gold_gain":0.0,"event_name":"Accursed Blacksmith","player_choice":"Rummage","floor":2.0,"gold_loss":0.0,"damage_taken":0.0,"relics_obtained":["WarpedTongs"],"cards_obtained":["Pain"]},{"cards_removed":["Strike_R"],"damage_healed":0.0,"max_hp_gain":0.0,"max_hp_loss":0.0,"gold_gain":0.0,"event_name":"Purifier","player_choice":"Purged","floor":7.0,"gold_loss":0.0,"damage_taken":0.0},{"damage_healed":0.0,"max_hp_gain":0.0,"max_hp_loss":0.0,"gold_gain":0.0,"event_name":"Liars Game","player_choice":"Ignored","floor":12.0,"gold_loss":0.0,"damage_taken":0.0},{"damage_healed":0.0,"max_hp_gain":5.0,"max_hp_loss":0.0,"gold_gain":0.0,"event_name":"Big Fish","player_choice":"Donut","floor":13.0,"gold_loss":0.0,"damage_taken":0.0},{"damage_healed":0,"gold_gain":0,"player_choice":"Read","damage_taken":0,"max_hp_gain":0,"max_hp_loss":0,"event_name":"The Library","floor":20,"gold_loss":0,"cards_obtained":["Ghostly Armor"]}],"is_beta":true,"boss_relics":[{"not_picked":["Pandora\u0027s Box","White Beast Statue"],"picked":"Ectoplasm"}],"items_purged_floors":[3,22],"is_endless":false,"potions_floor_spawned":[1,11,14,21,24],"killed_by":"Slavers","ascension_level":13}