{"gold_per_floor":[119,132,82,7,7,7,24,24,77,95,72,101,114,146,146,250,250,264,275,275,275,175,175,205,205,228,228,244,244,224,257,257,361,361,380,396,413,425,437,467,195,206,253,263,60,77,77,88,88,88],"floor_reached":51,"playtime":4950,"items_purged":["Strike_R","Strike_R","Defend_R"],"score":739,"play_id":"be916a17-84c1-479c-9a69-c73e490077fb","local_time":"20190803025052","is_ascension_mode":true,"campfire_choices":[{"data":"Searing Blow+1","floor":6,"key":"SMITH"},{"data":"Searing Blow+2","floor":8,"key":"SMITH"},{"data":"Searing Blow+3","floor":15,"key":"SMITH"},{"data":"Searing Blow+4","floor":23,"key":"SMITH"},{"floor":25,"key":"REST"},{"data":"Searing Blow+5","floor":29,"key":"SMITH"},{"floor":32,"key":"REST"},{"data":"Searing Blow+6","floor":47,"key":"SMITH"},{"data":"Searing Blow+7","floor":49,"key":"SMITH"}],"neow_cost":"NONE","seed_source_timestamp":60662661755666,"circlet_count":0,"master_deck":["Strike_R","Strike_R","Defend_R+1","Defend_R","Defend_R+1","Bash","Searing Blow+8","Pommel Strike","Shrug It Off","Pommel Strike","Double Tap","Armaments+1","Armaments+1","Seeing Red+1"],"relics":["Burning Blood","War Paint","Bronze Scales","Kunai","Juzu Bracelet","Lizard Tail","Mercury Hourglass","Bag of Preparation","Meat on the Bone","Sozu","Shuriken","Omamori","PreservedInsect","Medical Kit"],"potions_floor_usage":[14,16,24,31,40,50,50],"damage_taken":[{"damage":1,"enemies":"Cultist","floor":1,"turns":4},{"damage":6,"enemies":"Jaw Worm","floor":2,"turns":4},{"damage":2,"enemies":"Small Slimes","floor":7,"turns":3},{"damage":5,"enemies":"Looter","floor":10,"turns":2},{"damage":4,"enemies":"3 Sentries","floor":12,"turns":7},{"damage":2,"enemies":"3 Louse","floor":13,"turns":3},{"damage":14,"enemies":"Gremlin Nob","floor":14,"turns":3},{"damage":16,"enemies":"Slime Boss","floor":16,"turns":8},{"damage":14,"enemies":"2 Thieves","floor":18,"turns":4},{"damage":19,"enemies":"Shell Parasite","floor":19,"turns":2},{"damage":40,"enemies":"Gremlin Leader","floor":24,"turns":7},{"damage":0,"enemies":"Chosen and Byrds","floor":28,"turns":6},{"damage":23,"enemies":"Book of Stabbing","floor":31,"turns":5},{"damage":87,"enemies":"Automaton","floor":33,"turns":8},{"damage":10,"enemies":"Orb Walker","floor":35,"turns":2},{"damage":2,"enemies":"3 Shapes","floor":36,"turns":3},{"damage":20,"enemies":"Maw","floor":37,"turns":6},{"damage":12,"enemies":"Jaw Worm Horde","floor":38,"turns":4},{"damage":24,"enemies":"3 Darklings","floor":39,"turns":6},{"damage":16,"enemies":"Nemesis","floor":40,"turns":3},{"damage":10,"enemies":"4 Shapes","floor":42,"turns":6},{"damage":0,"enemies":"Spire Growth","floor":44,"turns":2},{"damage":0,"enemies":"Sphere and 2 Shapes","floor":46,"turns":3},{"damage":0,"enemies":"3 Darklings","floor":48,"turns":6},{"damage":50,"enemies":"Time Eater","floor":50,"turns":5}],"seed_played":"-580165904912625671","potions_obtained":[{"floor":10,"key":"SkillPotion"},{"floor":13,"key":"Poison Potion"},{"floor":14,"key":"Explosive Potion"},{"floor":16,"key":"EssenceOfSteel"},{"floor":24,"key":"LiquidBronze"},{"floor":30,"key":"Regen Potion"},{"floor":33,"key":"AttackPotion"}],"is_trial":false,"path_per_floor":["M","M","?","$","?","R","M","R","T","M","$","E","M","E","R","B",null,"M","M","?","?","$","R","E","R","T","?","M","R","?","E","R","B",null,"M","M","M","M","M","E","$","M","T","M","$","M","R","M","R","B",null],"character_chosen":"IRONCLAD","items_purchased":["Shrug It Off","Omamori","Medical Kit"],"campfire_rested":2,"item_purchase_floors":[11,41,45],"current_hp_per_floor":[80,80,80,80,80,80,80,80,80,80,80,80,80,72,72,62,80,72,59,59,59,59,59,25,49,49,49,55,55,55,52,76,58,80,76,80,66,60,54,56,56,52,52,58,58,64,64,70,70,38],"gold":88,"neow_bonus":"RANDOM_COMMON_RELIC","is_prod":false,"is_daily":false,"chose_seed":false,"campfire_upgraded":7,"win_rate":0,"timestamp":1564789852,"path_taken":["M","M","?","$","?","R","?","R","T","M","$","E","M","E","R","BOSS","M","M","?","?","$","R","E","R","T","?","M","R","?","E","R","BOSS","M","M","M","M","M","E","$","M","T","M","$","M","R","M","R","BOSS"],"build_version":"2019-07-17","purchased_purges":3,"victory":true,"max_hp_per_floor":[80,80,80,80,80,80,80,80,80,80,80,80,80,80,80,80,80,80,80,80,80,80,80,80,80,80,80,80,80,80,80,80,80,80,80,80,80,80,80,80,80,80,80,80,80,80,80,80,80,80],"card_choices":[{"not_picked":["Perfected Strike","Second Wind"],"picked":"Searing Blow","floor":1},{"not_picked":["Pommel Strike","Twin Strike","Searing Blow"],"picked":"SKIP","floor":2},{"not_picked":["Corruption","Headbutt","Flame Barrier"],"picked":"SKIP","floor":7},{"not_picked":["Searing Blow","Flex"],"picked":"Pommel Strike","floor":10},{"not_picked":["Rage","Uppercut","Iron Wave"],"picked":"SKIP","floor":12},{"not_picked":["Sword Boomerang","True Grit","Burning Pact"],"picked":"SKIP","floor":13},{"not_picked":["Ghostly Armor","Perfected Strike"],"picked":"Pommel Strike","floor":14},{"not_picked":["Juggernaut","Reaper"],"picked":"Double Tap","floor":16},{"not_picked":["Anger","Body Slam+1"],"picked":"Armaments+1","floor":18},{"not_picked":["Rage","Twin Strike"],"picked":"Armaments+1","floor":19},{"not_picked":["Thunderclap","Intimidate","Armaments+1"],"picked":"SKIP","floor":24},{"not_picked":["Second Wind+1","Headbutt+1","Heavy Blade"],"picked":"SKIP","floor":28},{"not_picked":["Body Slam+1","Shrug It Off","Dropkick"],"picked":"SKIP","floor":31},{"not_picked":["Headbutt","Inflame+1","Second Wind+1"],"picked":"SKIP","floor":35},{"not_picked":["Rage","True Grit+1","Twin Strike+1"],"picked":"SKIP","floor":36},{"not_picked":["Body Slam+1","Twin Strike+1","Power Through"],"picked":"SKIP","floor":37},{"not_picked":["Armaments","Metallicize+1","Headbutt+1"],"picked":"SKIP","floor":38},{"not_picked":["Spot Weakness+1","Twin Strike+1","Shrug It Off"],"picked":"SKIP","floor":39},{"not_picked":["Reaper","Rage"],"picked":"Seeing Red+1","floor":40},{"not_picked":["Pommel Strike","Warcry","Sword Boomerang+1"],"picked":"SKIP","floor":42},{"not_picked":["Thunderclap","True Grit+1","Shockwave"],"picked":"SKIP","floor":44},{"not_picked":["Shrug It Off","Clash","Armaments"],"picked":"SKIP","floor":46},{"not_picked":["Cleave+1","Anger","Shrug It Off+1"],"picked":"SKIP","floor":48}],"player_experience":36328,"relics_obtained":[{"floor":9,"key":"Bronze Scales"},{"floor":12,"key":"Kunai"},{"floor":14,"key":"Juzu Bracelet"},{"floor":24,"key":"Mercury Hourglass"},{"floor":26,"key":"Bag of Preparation"},{"floor":31,"key":"Meat on the Bone"},{"floor":40,"key":"Shuriken"},{"floor":43,"key":"PreservedInsect"}],"event_choices":[{"cards_removed":["Strike_R"],"damage_healed":0,"gold_gain":0,"player_choice":"Card Removal","damage_taken":0,"max_hp_gain":0,"max_hp_loss":0,"event_name":"The Cleric","floor":3,"gold_loss":50},{"damage_healed":0,"gold_gain":0,"player_choice":"Forge","damage_taken":0,"max_hp_gain":0,"max_hp_loss":0,"event_name":"Accursed Blacksmith","floor":5,"gold_loss":0,"cards_upgraded":["Searing Blow"]},{"damage_healed":0,"gold_gain":0,"player_choice":"1 cards matched","damage_taken":0,"max_hp_gain":0,"max_hp_loss":0,"event_name":"Match and Keep!","floor":20,"gold_loss":0,"cards_obtained":["Bash"]},{"damage_healed":0,"gold_gain":0,"player_choice":"1 cards matched","damage_taken":0,"max_hp_gain":0,"max_hp_loss":0,"event_name":"Match and Keep!","floor":20,"gold_loss":0,"cards_obtained":["Bash"]},{"damage_healed":0,"gold_gain":0,"player_choice":"Ignored","damage_taken":0,"max_hp_gain":0,"max_hp_loss":0,"event_name":"Ghosts","floor":21,"gold_loss":0},{"cards_removed":["Bash"],"damage_healed":0,"gold_gain":0,"player_choice":"Elegance","damage_taken":0,"max_hp_gain":0,"max_hp_loss":0,"event_name":"Back to Basics","floor":27,"gold_loss":0},{"damage_healed":0,"gold_gain":0,"player_choice":"Bought 1 Potion","damage_taken":0,"max_hp_gain":0,"max_hp_loss":0,"event_name":"The Woman in Blue","floor":30,"gold_loss":0}],"is_beta":false,"boss_relics":[{"not_picked":["Busted Crown","Tiny House"],"picked":"Lizard Tail"},{"not_picked":["Fusion Hammer","Eternal Feather"],"picked":"Sozu"}],"items_purged_floors":[4,22,41],"is_endless":false,"potions_floor_spawned":[10,13,14,16,24,33,35,36,38,42,48],"ascension_level":1}