{"gold_per_floor":[112,112,112,112,112,112,31,56,56,100,125,125,149,182,182,275,275,294,344,365,365,186,227,227,227,252,252],"floor_reached":27,"playtime":1163,"items_purged":[],"score":510,"play_id":"94209114-d896-497f-ab42-a2552068a9c7","local_time":"20180914195635","is_ascension_mode":true,"campfire_choices":[{"data":"Creative AI","floor":6.0,"key":"SMITH"},{"data":"White Noise","floor":12.0,"key":"SMITH"},{"data":"Redo","floor":15.0,"key":"SMITH"},{"data":"Chill","floor":24.0,"key":"SMITH"}],"neow_cost":"NONE","seed_source_timestamp":399323937949,"circlet_count":0,"master_deck":["Defend_B","Defend_B","Defend_B","Zap","Dualcast","AscendersBane","Streamline","Cold Snap","Creative AI+1","Chill+1","White Noise+1","Consume","Rainbow","Leap","Redo+1","Echo Form","Blizzard+1","Rip and Tear+1","Loop+1","Stack+1","Hologram","Steam","Bite","Bite","Bite","Bite","Bite","BootSequence","Doom and Gloom","Reinforced Body"],"special_seed":0,"relics":["Cracked Core","Golden Idol","Omamori","Prayer Wheel","Gambling Chip","Whetstone","Astrolabe","Bottled Flame","Nloth\u0027s Gift","Oddly Smooth Stone"],"potions_floor_usage":[],"damage_taken":[{"damage":0.0,"enemies":"Small Slimes","floor":1.0,"turns":1.0},{"damage":0.0,"enemies":"Cultist","floor":8.0,"turns":1.0},{"damage":0.0,"enemies":"Gremlin Nob","floor":10.0,"turns":1.0},{"damage":3.0,"enemies":"2 Louse","floor":11.0,"turns":3.0},{"damage":4.0,"enemies":"Gremlin Gang","floor":13.0,"turns":3.0},{"damage":10.0,"enemies":"3 Sentries","floor":14.0,"turns":5.0},{"damage":23.0,"enemies":"The Guardian","floor":16.0,"turns":11.0},{"damage":8.0,"enemies":"Chosen","floor":18.0,"turns":5.0},{"damage":16.0,"enemies":"2 Thieves","floor":20.0,"turns":4.0},{"damage":16.0,"enemies":"Gremlin Leader","floor":23.0,"turns":6.0},{"damage":28,"enemies":"Slavers","floor":27,"turns":4}],"seed_played":"-8986333409600694615","potions_obtained":[{"floor":8.0,"key":"Explosive Potion"},{"floor":10.0,"key":"FearPotion"},{"floor":14.0,"key":"SpeedPotion"},{"floor":16.0,"key":"Dexterity Potion"}],"is_trial":false,"path_per_floor":["M","?","?","?","?","R","$","M","T","E","M","R","M","E","R","B",null,"M","?","M","?","$","E","R","?","T"],"character_chosen":"DEFECT","items_purchased":["Chill","BootSequence","Doom and Gloom"],"campfire_rested":0,"item_purchase_floors":[7,22,22],"current_hp_per_floor":[64,64,69,69,51,51,51,51,51,51,48,48,44,34,34,11,55,47,47,31,31,31,23,23,23,23,0],"gold":252,"neow_bonus":"THREE_ENEMY_KILL","is_prod":false,"is_daily":false,"chose_seed":false,"campfire_upgraded":4,"win_rate":0,"timestamp":1536926195,"path_taken":["M","?","?","?","?","R","$","?","T","E","M","R","M","E","R","BOSS","M","?","M","?","$","E","R","?","T","E"],"build_version":"2018-09-06","purchased_purges":0,"victory":false,"max_hp_per_floor":[71,64,69,69,69,69,69,69,69,69,69,69,69,69,69,69,69,69,69,69,48,48,48,48,48,48,48],"card_choices":[{"not_picked":["Compile Driver","Sweeping Beam"],"picked":"Streamline","floor":1.0},{"not_picked":["Storm","Coolheaded"],"picked":"White Noise","floor":8.0},{"not_picked":["Coolheaded","Rebound"],"picked":"Consume","floor":10.0},{"not_picked":["Redo","Beam Cell"],"picked":"Rainbow","floor":11.0},{"not_picked":["Lockon","Coolheaded","Heatsinks"],"picked":"SKIP","floor":11.0},{"not_picked":["Cold Snap","Coolheaded"],"picked":"Leap","floor":13.0},{"not_picked":["Sweeping Beam","Coolheaded","Cold Snap"],"picked":"SKIP","floor":13.0},{"not_picked":["Storm","Go for the Eyes"],"picked":"Redo","floor":14.0},{"not_picked":["Amplify","Buffer"],"picked":"Echo Form","floor":16.0},{"not_picked":["Undo","Barrage"],"picked":"Stack+1","floor":18.0},{"not_picked":["Beam Cell","Skim","Sweeping Beam"],"picked":"SKIP","floor":18.0},{"not_picked":["Chill","Compile Driver"],"picked":"Hologram","floor":20.0},{"not_picked":["Consume","Static Discharge"],"picked":"Steam","floor":20.0},{"not_picked":["Cold Snap","Hologram"],"picked":"Reinforced Body","floor":23.0}],"player_experience":325237,"relics_obtained":[{"floor":9.0,"key":"Prayer Wheel"},{"floor":10.0,"key":"Gambling Chip"},{"floor":14.0,"key":"Whetstone"},{"floor":23.0,"key":"Bottled Flame"},{"floor":26.0,"key":"Oddly Smooth Stone"}],"event_choices":[{"event_name":"Golden Idol","player_choice":"Lose Max HP","floor":2.0,"damage_taken":0.0},{"event_name":"Big Fish","player_choice":"Donut","floor":3.0,"damage_taken":0.0},{"event_name":"Match and Keep!","player_choice":"2 cards matched","floor":4.0,"damage_taken":0.0},{"event_name":"Scrap Ooze","player_choice":"success","floor":5.0,"damage_taken":18.0},{"event_name":"Nest","player_choice":"Stole From Cult","floor":19.0,"damage_taken":0.0},{"event_name":"Vampires","player_choice":"Became a vampire","floor":21.0,"damage_taken":0.0},{"event_name":"N\u0027loth","player_choice":"Traded a NeowsBlessing","floor":25.0,"damage_taken":0.0}],"is_beta":true,"boss_relics":[{"not_picked":["Philosopher\u0027s Stone","Runic Pyramid"],"picked":"Astrolabe"}],"items_purged_floors":[],"is_endless":false,"potions_floor_spawned":[8,10,14,16],"killed_by":"Slavers","ascension_level":17}