{"gold_per_floor":[115,40,40,50,60,86,86,86,86,86,86,102,102,16,16,16],"floor_reached":16,"playtime":389,"items_purged":[],"score":196,"play_id":"23c9be48-0ebf-437e-9f7c-55a4d488aa99","local_time":"20181208194028","is_ascension_mode":true,"campfire_choices":[{"data":"Chaos","floor":8,"key":"SMITH"},{"data":"Seek","floor":10,"key":"SMITH"},{"data":"Rainbow","floor":13,"key":"SMITH"},{"data":"Loop","floor":15,"key":"SMITH"}],"neow_cost":"NONE","seed_source_timestamp":40551702307550,"circlet_count":0,"master_deck":["AscendersBane","Strike_B+1","Strike_B","Strike_B","Strike_B","Defend_B","Defend_B","Defend_B","Defend_B","Zap","Dualcast+1","Hello World","Chaos+1","Rainbow+1","Steam Power","Compile Driver","Undo","Seek+1","Leap","Loop+1"],"special_seed":0,"relics":["Cracked Core","NeowsBlessing","Matryoshka","Golden Idol","Blood Vial","Unceasing Top"],"potions_floor_usage":[6,6],"damage_taken":[{"damage":0.0,"enemies":"Jaw Worm","floor":1.0,"turns":1.0},{"damage":0,"enemies":"Cultist","floor":4,"turns":1},{"damage":0,"enemies":"2 Louse","floor":5,"turns":1},{"damage":39,"enemies":"Gremlin Nob","floor":6,"turns":4},{"damage":0,"enemies":"Exordium Wildlife","floor":12,"turns":3},{"damage":10,"enemies":"Hexaghost","floor":16,"turns":8}],"seed_played":"4506974126908404280","potions_obtained":[{"floor":1.0,"key":"Dexterity Potion"},{"floor":5,"key":"SteroidPotion"}],"is_trial":false,"path_per_floor":["M","$","?","M","M","E","?","R","T","R","?","M","R","$","R","B"],"character_chosen":"DEFECT","items_purchased":["Chaos","Loop"],"campfire_rested":0,"item_purchase_floors":[2,14],"current_hp_per_floor":[64,64,64,64,64,25,25,25,25,25,6,8,8,8,8,0],"gold":16,"neow_bonus":"THREE_ENEMY_KILL","is_prod":false,"is_daily":false,"chose_seed":false,"campfire_upgraded":4,"win_rate":0,"timestamp":1544269228,"path_taken":["M","$","?","?","?","E","?","R","T","R","?","M","R","$","R","BOSS"],"build_version":"2018-12-06","purchased_purges":0,"victory":false,"max_hp_per_floor":[71,71,71,71,71,71,64,64,64,64,64,64,64,64,64,64],"card_choices":[{"not_picked":["Turbo","Redo"],"picked":"Hello World","floor":1.0},{"not_picked":["Streamline","Conserve Battery"],"picked":"Undo","floor":4},{"not_picked":["Rebound","Static Discharge","Compile Driver"],"picked":"SKIP","floor":5},{"not_picked":["Consume","Storm"],"picked":"Seek","floor":6},{"not_picked":["Coolheaded","Lockon"],"picked":"Leap","floor":12}],"player_experience":600521,"relics_obtained":[{"floor":6,"key":"Matryoshka"},{"floor":9,"key":"Blood Vial"},{"floor":9,"key":"Unceasing Top"}],"event_choices":[{"damage_healed":0,"gold_gain":0,"player_choice":"3 cards matched","damage_taken":0,"max_hp_gain":0,"max_hp_loss":0,"event_name":"Match and Keep!","floor":3,"gold_loss":0,"cards_obtained":["Rainbow","Steam Power","Compile Driver"]},{"damage_healed":0,"gold_gain":0,"player_choice":"Lose Max HP","damage_taken":0,"relics_obtained":["Golden Idol"],"max_hp_gain":0,"max_hp_loss":7,"event_name":"Golden Idol","floor":7,"gold_loss":0},{"damage_healed":0,"gold_gain":0,"player_choice":"Entered Light","damage_taken":19,"max_hp_gain":0,"max_hp_loss":0,"event_name":"Shining Light","floor":11,"gold_loss":0,"cards_upgraded":["Dualcast","Strike_B"]}],"is_beta":true,"boss_relics":[],"items_purged_floors":[],"is_endless":false,"potions_floor_spawned":[1,5],"killed_by":"Hexaghost","ascension_level":20}