{"gold_per_floor":[111,111,122,122,7,35,35,68,68,87,14,71,71,82,82,82],"floor_reached":16,"playtime":518,"items_purged":[],"score":239,"play_id":"2a0d367e-7c13-487d-bff7-afbc4897147a","local_time":"20181108170420","is_ascension_mode":true,"campfire_choices":[{"data":"Footwork","floor":7,"key":"SMITH"},{"data":"Noxious Fumes","floor":15,"key":"SMITH"}],"neow_cost":"NONE","seed_source_timestamp":353996968231,"circlet_count":0,"master_deck":["AscendersBane","Defend_G","Defend_G","Defend_G","Defend_G","Defend_G","Strike_G","Strike_G","Strike_G","Strike_G","Strike_G","Survivor","Neutralize+1","Dagger Spray","Footwork+1","Backflip","Backstab","Burst","Purity","Noxious Fumes+1"],"relics":["Ring of the Snake","NeowsBlessing","Oddly Smooth Stone","Omamori","The Courier","Torii"],"potions_floor_usage":[],"damage_taken":[{"damage":0,"enemies":"Jaw Worm","floor":1,"turns":1},{"damage":0,"enemies":"Small Slimes","floor":3,"turns":1},{"damage":0,"enemies":"Gremlin Nob","floor":6,"turns":1},{"damage":15,"enemies":"Lagavulin","floor":8,"turns":11},{"damage":0,"enemies":"Cultist","floor":10,"turns":4},{"damage":29,"enemies":"Gremlin Nob","floor":12,"turns":6},{"damage":8,"enemies":"Gremlin Gang","floor":14,"turns":6},{"damage":7,"enemies":"Hexaghost","floor":16,"turns":9}],"seed_played":"712905860955812719","potions_obtained":[{"floor":3,"key":"Weak Potion"},{"floor":12,"key":"GhostInAJar"}],"is_trial":false,"path_per_floor":["M","?","M","T","$","E","R","E","T","M","$","?","?","M","R","B"],"character_chosen":"THE_SILENT","items_purchased":["Footwork","Backflip","Purity"],"campfire_rested":0,"item_purchase_floors":[5,5,11],"current_hp_per_floor":[59,59,59,59,59,59,59,44,44,44,44,15,15,7,7,0],"gold":82,"neow_bonus":"THREE_ENEMY_KILL","is_prod":false,"is_daily":false,"chose_seed":false,"campfire_upgraded":2,"win_rate":0,"timestamp":1541667860,"path_taken":["M","?","M","?","?","E","R","E","T","?","$","?","?","M","R","BOSS"],"build_version":"2018-11-07","purchased_purges":0,"victory":false,"max_hp_per_floor":[66,66,66,66,66,66,66,66,66,66,66,66,66,66,66,66],"card_choices":[{"not_picked":["Bane","Cloak And Dagger","Distraction"],"picked":"SKIP","floor":1},{"not_picked":["Accuracy","Prepared"],"picked":"Dagger Spray","floor":3},{"not_picked":["Dagger Spray","Sucker Punch"],"picked":"Backstab","floor":6},{"not_picked":["All Out Attack","Quick Slash"],"picked":"Burst","floor":8},{"not_picked":["Poisoned Stab","Cloak And Dagger","Finisher"],"picked":"SKIP","floor":10},{"not_picked":["Backflip","Escape Plan"],"picked":"Noxious Fumes","floor":14}],"player_experience":514056,"relics_obtained":[{"floor":6,"key":"Oddly Smooth Stone"},{"floor":8,"key":"Omamori"},{"floor":9,"key":"The Courier"},{"floor":12,"key":"Torii"}],"event_choices":[{"damage_healed":0,"gold_gain":0,"player_choice":"Grow","damage_taken":0,"max_hp_gain":0,"max_hp_loss":0,"event_name":"Living Wall","floor":2,"gold_loss":0,"cards_upgraded":["Neutralize"]},{"damage_healed":0,"gold_gain":0,"player_choice":"Searched \u00272\u0027 times","damage_taken":0,"max_hp_gain":0,"max_hp_loss":0,"event_name":"Dead Adventurer","floor":12,"gold_loss":0},{"damage_healed":0,"gold_gain":0,"player_choice":"Ignored","damage_taken":0,"max_hp_gain":0,"max_hp_loss":0,"event_name":"Shining Light","floor":13,"gold_loss":0}],"is_beta":true,"boss_relics":[],"items_purged_floors":[],"is_endless":false,"potions_floor_spawned":[3,12],"killed_by":"Hexaghost","ascension_level":16}