{"gold_per_floor":[110,24,24,37,37,37,50,88,88,124,136,148],"floor_reached":12,"playtime":433,"items_purged":[],"score":94,"play_id":"798c91c3-23f6-4502-9157-3581a657f4e2","local_time":"20180923160228","is_ascension_mode":true,"campfire_choices":[{"data":"Limit Break","floor":6,"key":"SMITH"},{"floor":11,"key":"REST"}],"neow_cost":"TEN_PERCENT_HP_LOSS","seed_source_timestamp":282416178032,"circlet_count":0,"master_deck":["Strike_R","Strike_R","Strike_R","Strike_R","Strike_R","Defend_R","Defend_R","Defend_R","Defend_R","Bash","Limit Break+1","Shrug It Off","Spot Weakness","True Grit","Heavy Blade","Flame Barrier"],"relics":["Burning Blood","Golden Idol","Bottled Flame","MawBank"],"potions_floor_usage":[4,8],"damage_taken":[{"damage":6,"enemies":"Cultist","floor":1,"turns":3},{"damage":2,"enemies":"Jaw Worm","floor":4,"turns":4},{"damage":9,"enemies":"2 Louse","floor":7,"turns":2},{"damage":36,"enemies":"Gremlin Nob","floor":8,"turns":4},{"damage":17,"enemies":"Exordium Thugs","floor":10,"turns":4},{"damage":37,"enemies":"Lagavulin","floor":12,"turns":8}],"seed_played":"1357342136050496580","potions_obtained":[{"floor":4,"key":"Dexterity Potion"},{"floor":5,"key":"EssenceOfSteel"},{"floor":5,"key":"Poison Potion"},{"floor":8,"key":"Strength Potion"}],"is_trial":false,"path_per_floor":["M","$","?","M","?","R","M","E","T","M","R"],"character_chosen":"IRONCLAD","items_purchased":["Spot Weakness","Block Potion"],"campfire_rested":1,"item_purchase_floors":[2,2],"current_hp_per_floor":[72,72,54,58,58,58,55,25,25,14,35,0],"gold":148,"neow_bonus":"THREE_RARE_CARDS","is_prod":false,"is_daily":false,"chose_seed":false,"campfire_upgraded":1,"win_rate":0,"timestamp":1537689748,"path_taken":["M","?","?","M","?","R","?","E","T","M","R","E"],"build_version":"2018-09-20","purchased_purges":0,"victory":false,"max_hp_per_floor":[72,72,72,72,72,72,72,72,72,72,72,72],"card_choices":[{"not_picked":["Juggernaut","Impervious"],"picked":"Limit Break","floor":0},{"not_picked":["Heavy Blade","Rupture"],"picked":"Shrug It Off","floor":1},{"not_picked":["Body Slam","Iron Wave"],"picked":"True Grit","floor":4},{"not_picked":["Blood for Blood","Shockwave"],"picked":"Heavy Blade","floor":7},{"not_picked":["Iron Wave","Rampage"],"picked":"Flame Barrier","floor":8},{"not_picked":["Clash","Entrench","Iron Wave"],"picked":"SKIP","floor":10}],"player_experience":387339,"relics_obtained":[{"floor":8,"key":"Bottled Flame"},{"floor":9,"key":"MawBank"}],"event_choices":[{"event_name":"Golden Idol","player_choice":"Take Damage","floor":3,"damage_taken":0},{"event_name":"The Lab","player_choice":"Got Potions","floor":5,"damage_taken":0}],"is_beta":true,"boss_relics":[],"items_purged_floors":[],"is_endless":false,"potions_floor_spawned":[4,8],"killed_by":"Lagavulin","ascension_level":4}