{"gold_per_floor":[117,132,145,145,40,40,75,86,113,132,149,114,124,143,143,239,239,258,272,288,43,43,43,43,75,75,75,98,117,117,117,117,117],"floor_reached":33,"playtime":7638,"items_purged":[],"score":269,"play_id":"103795f7-5b73-42c8-801c-39cf6920b21b","local_time":"20190803162546","is_ascension_mode":false,"campfire_choices":[{"data":"Combust","floor":6,"key":"SMITH"},{"floor":15,"key":"REST"},{"floor":23,"key":"REST"},{"floor":27,"key":"REST"},{"floor":32,"key":"REST"}],"neow_cost":"","seed_source_timestamp":0,"circlet_count":0,"master_deck":["Strike_R+1","Strike_R+1","Strike_R+1","Strike_R+1","Strike_R+1","Defend_R+1","Defend_R+1","Defend_R+1","Defend_R+1","Bash","Combust+1","Iron Wave","Cleave","Blood for Blood","Flame Barrier","Bludgeon","Headbutt","Headbutt","Clothesline","Combust","Iron Wave","Thunderclap","Bludgeon","Juggernaut","Cleave","Seeing Red","Flex","Clothesline","Whirlwind","Ghostly Armor","Iron Wave","Headbutt","Perfected Strike+1"],"special_seed":0,"relics":["Burning Blood","Juzu Bracelet","Dream Catcher","Bag of Preparation","Runic Pyramid","Bronze Scales","Anchor","Question Card","Lantern"],"potions_floor_usage":[16,16,30,33],"damage_taken":[{"damage":11.0,"enemies":"Jaw Worm","floor":1.0,"turns":4.0},{"damage":1.0,"enemies":"Cultist","floor":2.0,"turns":4.0},{"damage":2.0,"enemies":"2 Louse","floor":3.0,"turns":3.0},{"damage":25,"enemies":"Gremlin Nob","floor":7,"turns":4},{"damage":11,"enemies":"Red Slaver","floor":8,"turns":3},{"damage":3,"enemies":"Exordium Thugs","floor":10,"turns":3},{"damage":1,"enemies":"2 Fungi Beasts","floor":11,"turns":2},{"damage":15,"enemies":"Looter","floor":13,"turns":3},{"damage":3,"enemies":"Large Slime","floor":14,"turns":4},{"damage":55,"enemies":"The Guardian","floor":16,"turns":10},{"damage":3,"enemies":"Chosen","floor":18,"turns":4},{"damage":32,"enemies":"2 Thieves","floor":19,"turns":4},{"damage":26,"enemies":"Cultist and Chosen","floor":20,"turns":5},{"damage":53,"enemies":"Slavers","floor":25,"turns":5},{"damage":12,"enemies":"3 Cultists","floor":29,"turns":4},{"damage":109,"enemies":"Champ","floor":33,"turns":12}],"seed_played":"4119404618821837446","potions_obtained":[{"floor":1.0,"key":"Energy Potion"},{"floor":2.0,"key":"Explosive Potion"},{"floor":8,"key":"Fire Potion"},{"floor":16,"key":"Energy Potion"},{"floor":19,"key":"SteroidPotion"},{"floor":30,"key":"FairyPotion"},{"floor":30,"key":"Fruit Juice"}],"is_trial":false,"path_per_floor":["M","M","M","?","$","R","E","M","T","M","M","$","M","M","R","B",null,"M","M","M","$","?","R","$","E","T","R","T","M","?","?","R","B"],"character_chosen":"IRONCLAD","items_purchased":["Blood for Blood","Flame Barrier","Combust","Clothesline","BloodPotion","Bronze Scales"],"campfire_rested":4,"item_purchase_floors":[5,5,12,21,21,21],"current_hp_per_floor":[75,80,80,80,80,80,61,56,56,59,64,64,55,58,80,31,80,80,54,34,34,34,58,58,11,11,35,35,29,34,34,59,0],"gold":117,"neow_bonus":"","is_prod":false,"is_daily":false,"chose_seed":false,"campfire_upgraded":1,"win_rate":0.0,"timestamp":1564863946,"path_taken":["M","M","M","?","$","R","E","M","T","M","M","?","M","M","R","BOSS","M","M","M","$","?","R","$","E","T","R","?","M","?","?","R","BOSS"],"build_version":"2019-07-17","purchased_purges":0,"victory":false,"max_hp_per_floor":[80,80,80,80,80,80,80,80,80,80,80,80,80,80,80,80,80,80,80,80,80,80,80,80,80,80,80,80,80,85,85,85,85],"card_choices":[{"not_picked":["True Grit","Shockwave"],"picked":"Combust","floor":1.0},{"not_picked":["Body Slam","True Grit"],"picked":"Iron Wave","floor":2.0},{"not_picked":["Carnage","Shrug It Off"],"picked":"Cleave","floor":3.0},{"not_picked":["Thunderclap","Dark Embrace"],"picked":"Bludgeon","floor":7},{"not_picked":["Warcry","Feel No Pain"],"picked":"Headbutt","floor":8},{"not_picked":["Thunderclap","Dropkick"],"picked":"Headbutt","floor":10},{"not_picked":["Armaments","Warcry"],"picked":"Clothesline","floor":11},{"not_picked":["Ghostly Armor","True Grit"],"picked":"Iron Wave","floor":13},{"not_picked":["Intimidate","Twin Strike"],"picked":"Thunderclap","floor":14},{"not_picked":["Searing Blow","Shrug It Off"],"picked":"Bludgeon","floor":15},{"not_picked":["Dark Embrace","Offering"],"picked":"Juggernaut","floor":16},{"not_picked":["Thunderclap","Headbutt"],"picked":"Cleave","floor":18},{"not_picked":["Dropkick+1","Cleave"],"picked":"Seeing Red","floor":19},{"not_picked":["Twin Strike+1","Uppercut"],"picked":"Flex","floor":20},{"not_picked":["Sword Boomerang","Cleave"],"picked":"Whirlwind","floor":23},{"not_picked":["True Grit+1","Burning Pact+1"],"picked":"Ghostly Armor","floor":25},{"not_picked":["Pommel Strike+1","Berserk","Dropkick"],"picked":"Iron Wave","floor":27},{"not_picked":["Clothesline","Warcry","Bloodletting"],"picked":"Headbutt","floor":29},{"not_picked":["Rampage+1","Sword Boomerang+1","Corruption"],"picked":"Perfected Strike+1","floor":32}],"player_experience":0,"relics_obtained":[{"floor":7,"key":"Dream Catcher"},{"floor":9,"key":"Bag of Preparation"},{"floor":25,"key":"Anchor"},{"floor":26,"key":"Question Card"},{"floor":28,"key":"Lantern"}],"event_choices":[{"damage_healed":0.0,"max_hp_gain":0.0,"max_hp_loss":0.0,"gold_gain":0.0,"event_name":"WeMeetAgain","player_choice":"Gave Potion","floor":4.0,"gold_loss":0.0,"damage_taken":0.0,"relics_obtained":["Juzu Bracelet"]},{"damage_healed":0,"gold_gain":0,"player_choice":"Simplicity","damage_taken":0,"max_hp_gain":0,"max_hp_loss":0,"event_name":"Back to Basics","floor":22,"gold_loss":0,"cards_upgraded":["Strike_R","Strike_R","Strike_R","Strike_R","Strike_R","Defend_R","Defend_R","Defend_R","Defend_R"]},{"damage_healed":0,"gold_gain":0,"player_choice":"Got Potions","damage_taken":0,"max_hp_gain":0,"max_hp_loss":0,"event_name":"Lab","floor":30,"gold_loss":0},{"damage_healed":0,"gold_gain":0,"player_choice":"Ignored","damage_taken":0,"max_hp_gain":0,"max_hp_loss":0,"event_name":"Ghosts","floor":31,"gold_loss":0}],"is_beta":false,"boss_relics":[{"not_picked":["Calling Bell","Fusion Hammer"],"picked":"Runic Pyramid"}],"items_purged_floors":[],"is_endless":false,"potions_floor_spawned":[1,2,8,16,19],"killed_by":"Champ","ascension_level":0}