{"gold_per_floor":[117,130,94,104,104,104,53,71,71,246,246,246,262,274,274,379,379,304],"floor_reached":18,"playtime":2091,"items_purged":[],"score":152,"play_id":"dc7638f5-7a02-4d97-8735-db6dafbdb57b","local_time":"20180709173320","is_ascension_mode":false,"campfire_choices":[{"data":"Creative AI","floor":6,"key":"SMITH"},{"data":"Loop","floor":11,"key":"SMITH"},{"data":"Streamline","floor":15,"key":"SMITH"}],"neow_cost":"NONE","seed_source_timestamp":0,"circlet_count":0,"master_deck":["Strike_B","Strike_B","Strike_B","Strike_B","Defend_B","Defend_B","Defend_B","Defend_B","Zap","Dualcast","All For One","Static Discharge","Leap","Loop+1","White Noise+1","Creative AI+1","Turbo","Machine Learning","Doubt","Injury","Streamline+1","Ball Lightning","Biased Cognition"],"special_seed":0,"relics":["Cracked Core","Orichalcum","Philosopher\u0027s Stone"],"potions_floor_usage":[14],"damage_taken":[{"damage":1.0,"enemies":"Jaw Worm","floor":1.0,"turns":3.0},{"damage":1.0,"enemies":"Cultist","floor":2.0,"turns":3.0},{"damage":0,"enemies":"Small Slimes","floor":4,"turns":3},{"damage":6,"enemies":"Exordium Wildlife","floor":8,"turns":4},{"damage":10,"enemies":"Large Slime","floor":13,"turns":5},{"damage":5,"enemies":"Looter","floor":14,"turns":4},{"damage":28,"enemies":"The Guardian","floor":16,"turns":10},{"damage":40,"enemies":"2 Thieves","floor":18,"turns":4}],"seed_played":"6979495607007536981","potions_obtained":[{"floor":8,"key":"Fire Potion"},{"floor":13,"key":"Dexterity Potion"},{"floor":14,"key":"Strength Potion"}],"is_trial":false,"path_per_floor":["M","M","$","M","?","R","$","M","T","?","R","?","M","M","R","B",null],"character_chosen":"DEFECT","items_purchased":["Loop","Turbo"],"campfire_rested":0,"item_purchase_floors":[3,7],"current_hp_per_floor":[74,73,73,73,73,73,73,67,67,67,67,67,57,52,52,24,75,35],"gold":304,"neow_bonus":"ONE_RANDOM_RARE_CARD","is_prod":false,"is_daily":false,"chose_seed":false,"campfire_upgraded":3,"win_rate":0,"timestamp":1531128800,"path_taken":["M","M","$","M","?","R","$","?","T","?","R","?","M","M","R","BOSS","M"],"build_version":"2018-07-05","purchased_purges":0,"victory":false,"max_hp_per_floor":[75,75,75,75,75,75,75,75,75,75,75,75,75,75,75,75,75,75],"card_choices":[{"not_picked":["Go for the Eyes","Hello World"],"picked":"Static Discharge","floor":1.0},{"not_picked":["Double Energy","Cold Snap"],"picked":"Leap","floor":2.0},{"not_picked":["Rip and Tear","Hologram"],"picked":"White Noise","floor":4},{"not_picked":["FTL","Streamline"],"picked":"Machine Learning","floor":8},{"not_picked":["Coolheaded","Steam"],"picked":"Streamline","floor":13},{"not_picked":["Rebound","Lockon"],"picked":"Ball Lightning","floor":14},{"not_picked":["Meteor Strike","Fission"],"picked":"Biased Cognition","floor":16}],"player_experience":71969,"relics_obtained":[{"floor":9,"key":"Orichalcum"}],"event_choices":[{"event_name":"Match and Keep!","player_choice":"1 cards matched","floor":5,"damage_taken":0},{"event_name":"Liars Game","player_choice":"agreed","floor":10,"damage_taken":0},{"event_name":"Accursed Blacksmith","player_choice":"Forge","floor":12,"damage_taken":0}],"boss_relics":[{"not_picked":["Black Star","Sozu"],"picked":"Philosopher\u0027s Stone"}],"items_purged_floors":[],"is_endless":false,"potions_floor_spawned":[8,13,14],"killed_by":"2 Thieves","ascension_level":0}