{"gold_per_floor":[117,131,131,131,8,8,8,8,8,20,20,51,65,76,76,178,178,198,42,42,142,412,444,444,473,473,473,473],"floor_reached":28,"playtime":930,"items_purged":[],"score":403,"play_id":"a1e5b1d0-c9d8-49e3-98da-dd4f0c5eaf09","local_time":"20181223115128","is_ascension_mode":true,"campfire_choices":[{"data":"True Grit","floor":6.0,"key":"SMITH"},{"data":"Whirlwind","floor":8.0,"key":"SMITH"},{"data":"Bludgeon","floor":11.0,"key":"SMITH"},{"data":"Shockwave","floor":15.0,"key":"SMITH"},{"data":"Immolate","floor":24.0,"key":"SMITH"},{"data":"Corruption","floor":27.0,"key":"SMITH"}],"neow_cost":"NONE","seed_source_timestamp":1966730361447,"circlet_count":0,"master_deck":["AscendersBane","Strike_R","Strike_R","Strike_R","Strike_R","Strike_R","Defend_R","Defend_R","Defend_R","Defend_R","Bash","Bludgeon+1","Thunderclap","Whirlwind+1","True Grit+1","Corruption+1","Shockwave+1","Immolate+1","Armaments+1","Infernal Blade","Flash of Steel","Exhume"],"special_seed":0,"relics":["Burning Blood","Dead Branch","WingedGreaves","Magic Flower","Philosopher\u0027s Stone","PreservedInsect","Charon\u0027s Ashes","Mercury Hourglass","Juzu Bracelet","Dream Catcher","Darkstone Periapt"],"potions_floor_usage":[28],"damage_taken":[{"damage":12.0,"enemies":"Jaw Worm","floor":1.0,"turns":2.0},{"damage":4.0,"enemies":"2 Louse","floor":2.0,"turns":3.0},{"damage":8.0,"enemies":"Small Slimes","floor":10.0,"turns":3.0},{"damage":16.0,"enemies":"Gremlin Nob","floor":12.0,"turns":3.0},{"damage":5.0,"enemies":"Looter","floor":13.0,"turns":3.0},{"damage":22.0,"enemies":"Red Slaver","floor":14.0,"turns":5.0},{"damage":12.0,"enemies":"Slime Boss","floor":16.0,"turns":5.0},{"damage":19.0,"enemies":"Chosen","floor":18.0,"turns":5.0},{"damage":6.0,"enemies":"Colosseum Slavers","floor":21.0,"turns":1.0},{"damage":20.0,"enemies":"Colosseum Nobs","floor":21.0,"turns":4.0},{"damage":4.0,"enemies":"Gremlin Leader","floor":23.0,"turns":4.0},{"damage":17.0,"enemies":"Slavers","floor":25.0,"turns":3.0},{"damage":16,"enemies":"Gremlin Leader","floor":28,"turns":1}],"seed_played":"-7262025654957119710","potions_obtained":[{"floor":2.0,"key":"SteroidPotion"},{"floor":10.0,"key":"PowerPotion"}],"is_trial":false,"path_per_floor":["M","M","?","T","$","R","?","R","T","M","R","E","M","M","R","B",null,"M","$","?","?","?","E","R","E","T","R","E"],"character_chosen":"IRONCLAD","items_purchased":["Whirlwind","True Grit","PreservedInsect"],"campfire_rested":0,"item_purchase_floors":[5,5,19],"current_hp_per_floor":[66,68,73,73,73,73,73,73,73,71,71,61,65,52,52,49,76,66,66,66,58,18,23,23,15,15,15,0],"gold":473,"neow_bonus":"ONE_RANDOM_RARE_CARD","is_prod":false,"is_daily":false,"chose_seed":false,"campfire_upgraded":6,"win_rate":0,"timestamp":1545537088,"path_taken":["M","M","?","?","$","R","?","R","T","M","R","E","M","M","R","BOSS","M","$","?","?","?","E","R","E","T","R","E"],"build_version":"2018-12-20","purchased_purges":0,"victory":false,"max_hp_per_floor":[80,80,85,85,85,85,85,85,85,85,85,85,85,85,85,85,85,85,85,85,85,85,85,85,85,85,85,85],"card_choices":[{"not_picked":["Heavy Blade","Shrug It Off"],"picked":"Thunderclap","floor":1.0},{"not_picked":["Rampage","Rage","Body Slam"],"picked":"SKIP","floor":2.0},{"not_picked":["Flex","Clothesline","Disarm"],"picked":"SKIP","floor":10.0},{"not_picked":["Heavy Blade","Pommel Strike"],"picked":"Corruption","floor":12.0},{"not_picked":["Dual Wield","Twin Strike","Iron Wave"],"picked":"SKIP","floor":13.0},{"not_picked":["Uppercut","Havoc"],"picked":"Shockwave","floor":14.0},{"not_picked":["Feed","Limit Break"],"picked":"Immolate","floor":16.0},{"not_picked":["Heavy Blade","Combust+1"],"picked":"Armaments+1","floor":18.0},{"not_picked":["Power Through","Flex","Warcry"],"picked":"SKIP","floor":23.0},{"not_picked":["Spot Weakness","Corruption"],"picked":"Exhume","floor":25.0}],"player_experience":632975,"relics_obtained":[{"floor":4.0,"key":"Dead Branch"},{"floor":9.0,"key":"WingedGreaves"},{"floor":12.0,"key":"Magic Flower"},{"floor":21.0,"key":"Charon\u0027s Ashes"},{"floor":21.0,"key":"Mercury Hourglass"},{"floor":23.0,"key":"Juzu Bracelet"},{"floor":25.0,"key":"Dream Catcher"},{"floor":26.0,"key":"Darkstone Periapt"}],"event_choices":[{"damage_healed":0.0,"max_hp_gain":5.0,"max_hp_loss":0.0,"gold_gain":0.0,"event_name":"Big Fish","player_choice":"Donut","floor":3.0,"gold_loss":0.0,"damage_taken":0.0},{"damage_healed":0.0,"max_hp_gain":0.0,"max_hp_loss":0.0,"gold_gain":0.0,"event_name":"The Cleric","player_choice":"Leave","floor":7.0,"gold_loss":0.0,"damage_taken":0.0},{"damage_healed":0.0,"max_hp_gain":0.0,"max_hp_loss":0.0,"gold_gain":0.0,"event_name":"The Library","player_choice":"Read","floor":20.0,"gold_loss":0.0,"damage_taken":0.0,"cards_obtained":["Infernal Blade"]},{"damage_healed":0.0,"max_hp_gain":0.0,"max_hp_loss":0.0,"gold_gain":0.0,"event_name":"Colosseum","player_choice":"Fight","floor":21.0,"gold_loss":0.0,"damage_taken":0.0},{"damage_healed":0.0,"max_hp_gain":0.0,"max_hp_loss":0.0,"gold_gain":0.0,"event_name":"Colosseum","player_choice":"Fought Nobs","floor":21.0,"gold_loss":0.0,"damage_taken":0.0},{"damage_healed":0.0,"max_hp_gain":0.0,"max_hp_loss":0.0,"gold_gain":270.0,"event_name":"Knowing Skull","player_choice":"CARD GOLD GOLD GOLD ","floor":22.0,"potions_obtained":[],"gold_loss":0.0,"damage_taken":40.0,"cards_obtained":["Flash of Steel"]}],"is_beta":true,"boss_relics":[{"not_picked":["Eternal Feather","Calling Bell"],"picked":"Philosopher\u0027s Stone"}],"items_purged_floors":[],"is_endless":false,"potions_floor_spawned":[2,10,14,18,23],"killed_by":"Gremlin Leader","ascension_level":12}