{"gold_per_floor":[113,113,113,128,128,159,172,184,234,17,17],"floor_reached":11,"playtime":219,"items_purged":["Strike_B"],"score":196,"play_id":"481f4cee-88f8-4bda-9fa3-2f480bb51709","local_time":"20190427122843","is_ascension_mode":true,"campfire_choices":[],"neow_cost":"NONE","seed_source_timestamp":9574646717142,"circlet_count":0,"master_deck":["AscendersBane","Strike_B","Strike_B","Defend_B","Defend_B","Defend_B","Defend_B","Zap","Dualcast","Cold Snap","White Noise+1","Skim","Beam Cell","Consume"],"relics":["Cracked Core","NeowsBlessing","CultistMask","Pear","Potion Belt"],"potions_floor_usage":[],"damage_taken":[{"damage":0,"enemies":"Small Slimes","floor":1,"turns":1},{"damage":0,"enemies":"Jaw Worm","floor":4,"turns":1},{"damage":0,"enemies":"Lagavulin","floor":6,"turns":1},{"damage":0,"enemies":"Cultist","floor":7,"turns":3},{"damage":8,"enemies":"Blue Slaver","floor":8,"turns":2},{"damage":36,"enemies":"3 Sentries","floor":11,"turns":6}],"seed_played":"276822111284305162","potions_obtained":[{"floor":4,"key":"Swift Potion"},{"floor":7,"key":"SteroidPotion"}],"is_trial":false,"path_per_floor":["M","?","?","M","?","E","M","M","T","$","E"],"character_chosen":"DEFECT","items_purchased":["Swift Potion","FocusPotion"],"campfire_rested":0,"item_purchase_floors":[10,10],"current_hp_per_floor":[64,64,64,64,64,74,74,66,66,66,30],"gold":17,"neow_bonus":"THREE_ENEMY_KILL","is_prod":false,"is_daily":false,"chose_seed":false,"campfire_upgraded":0,"win_rate":0,"timestamp":1556339323,"path_taken":["M","?","?","?","?","E","?","M","T","$","E"],"build_version":"2019-01-23","purchased_purges":1,"victory":false,"max_hp_per_floor":[71,71,71,71,71,81,81,81,81,81,81],"card_choices":[{"not_picked":["Static Discharge","Reinforced Body"],"picked":"Cold Snap","floor":1},{"not_picked":["Go for the Eyes","Scrape"],"picked":"Skim","floor":4},{"not_picked":["Blizzard","Stack"],"picked":"Beam Cell","floor":6},{"not_picked":["Redo","Compile Driver"],"picked":"Consume","floor":7},{"not_picked":["Conserve Battery","Barrage","Beam Cell"],"picked":"SKIP","floor":8}],"player_experience":958998,"relics_obtained":[{"floor":6,"key":"Pear"},{"floor":9,"key":"Potion Belt"}],"event_choices":[{"damage_healed":0,"gold_gain":0,"cards_transformed":["Strike_B"],"player_choice":"Change","damage_taken":0,"max_hp_gain":0,"max_hp_loss":0,"event_name":"Living Wall","floor":2,"gold_loss":0,"cards_obtained":["White Noise"]},{"damage_healed":0,"gold_gain":0,"player_choice":"Upgraded","damage_taken":0,"max_hp_gain":0,"max_hp_loss":0,"event_name":"Upgrade Shrine","floor":3,"gold_loss":0,"cards_upgraded":["White Noise"]},{"damage_healed":0,"gold_gain":0,"player_choice":"Trade","damage_taken":0,"relics_obtained":["CultistMask"],"max_hp_gain":0,"max_hp_loss":0,"event_name":"FaceTrader","floor":5,"gold_loss":0}],"is_beta":false,"boss_relics":[],"items_purged_floors":[10],"is_endless":false,"potions_floor_spawned":[4,7,8],"killed_by":"3 Sentries","ascension_level":20}