{"gold_per_floor":[114,128,148,112,112,112,141,161,161,161,60,70,70,90,90,90],"floor_reached":16,"playtime":671,"items_purged":[],"score":204,"play_id":"8138e300-6da8-41ec-a73a-cc69d06ca96b","local_time":"20190426221531","is_ascension_mode":true,"campfire_choices":[{"data":"Buffer","floor":6.0,"key":"SMITH"},{"data":"Coolheaded","floor":10.0,"key":"SMITH"},{"data":"Deep Breath","floor":13.0,"key":"SMITH"},{"data":"Steam Power","floor":15,"key":"SMITH"}],"neow_cost":"PERCENT_DAMAGE","seed_source_timestamp":10867214387461,"circlet_count":0,"master_deck":["AscendersBane","Strike_B","Strike_B","Strike_B","Defend_B","Defend_B","Defend_B","Zap","Dualcast","Buffer+1","Steam Power+1","Coolheaded+1","Turbo","Meteor Strike","Deep Breath+1"],"special_seed":0,"relics":["Cracked Core","Gambling Chip","Gremlin Horn"],"potions_floor_usage":[16,16,16],"damage_taken":[{"damage":0.0,"enemies":"Cultist","floor":1.0,"turns":3.0},{"damage":5.0,"enemies":"Small Slimes","floor":2.0,"turns":4.0},{"damage":0.0,"enemies":"2 Louse","floor":3.0,"turns":3.0},{"damage":15.0,"enemies":"Lagavulin","floor":7.0,"turns":10.0},{"damage":12.0,"enemies":"Large Slime","floor":8.0,"turns":5.0},{"damage":6.0,"enemies":"Looter","floor":12.0,"turns":2.0},{"damage":0.0,"enemies":"Gremlin Gang","floor":14.0,"turns":3.0},{"damage":18,"enemies":"Slime Boss","floor":16,"turns":8}],"seed_played":"2066162933955231363","potions_obtained":[{"floor":1.0,"key":"EntropicBrew"},{"floor":3.0,"key":"Dexterity Potion"}],"is_trial":false,"path_per_floor":["M","M","M","?","?","R","E","M","T","R","$","M","R","M","R","B"],"character_chosen":"DEFECT","items_purchased":["Deep Breath"],"campfire_rested":0,"item_purchase_floors":[11],"current_hp_per_floor":[46,41,41,41,41,41,26,14,14,14,14,8,8,8,8,0],"gold":90,"neow_bonus":"TRANSFORM_TWO_CARDS","is_prod":false,"is_daily":false,"chose_seed":false,"campfire_upgraded":4,"win_rate":0,"timestamp":1556288131,"path_taken":["M","?","M","?","?","R","E","M","T","R","$","M","R","M","R","BOSS"],"build_version":"2019-01-23","purchased_purges":0,"victory":false,"max_hp_per_floor":[71,71,71,71,71,71,71,71,71,71,71,71,71,71,71,71],"card_choices":[{"not_picked":["Static Discharge","Loop"],"picked":"Coolheaded","floor":1.0},{"not_picked":["Chaos","Go for the Eyes"],"picked":"Turbo","floor":2.0},{"not_picked":["Sweeping Beam","Turbo","Force Field"],"picked":"SKIP","floor":3.0},{"not_picked":["Leap","Hologram"],"picked":"Meteor Strike","floor":7.0},{"not_picked":["FTL","Hologram","Force Field"],"picked":"SKIP","floor":8.0},{"not_picked":["Fusion","Redo","Stack"],"picked":"SKIP","floor":12.0},{"not_picked":["Streamline","BootSequence","Turbo"],"picked":"SKIP","floor":14.0}],"player_experience":954997,"relics_obtained":[{"floor":7.0,"key":"Gambling Chip"},{"floor":9.0,"key":"Gremlin Horn"}],"event_choices":[{"damage_healed":0.0,"max_hp_gain":0.0,"max_hp_loss":0.0,"gold_gain":0.0,"event_name":"World of Goop","player_choice":"Left Gold","floor":4.0,"gold_loss":36.0,"damage_taken":0.0},{"damage_healed":0.0,"max_hp_gain":0.0,"max_hp_loss":0.0,"gold_gain":0.0,"event_name":"Scrap Ooze","player_choice":"Fled","floor":5.0,"gold_loss":0.0,"damage_taken":0.0}],"is_beta":false,"boss_relics":[],"items_purged_floors":[],"is_endless":false,"potions_floor_spawned":[1,3,12],"killed_by":"Slime Boss","ascension_level":20}