{"gold_per_floor":[116,116,191,211,211,244,244,271,271,148,174,174],"floor_reached":12,"playtime":262,"items_purged":[],"score":184,"play_id":"ce6d2ca9-fc16-43cb-bb24-403e75ad46f3","local_time":"20180809201213","is_ascension_mode":true,"campfire_choices":[],"neow_cost":"NONE","seed_source_timestamp":0,"circlet_count":0,"master_deck":["Strike_B","Strike_B","Strike_B","Defend_B","Defend_B","Defend_B","Defend_B","Zap","Dualcast","AscendersBane","FTL","Cold Snap","Consume","Multi-Cast","Loop","Panacea"],"special_seed":0,"relics":["Cracked Core","NeowsBlessing","Bird Faced Urn","DataDisk","Singing Bowl","Mercury Hourglass"],"potions_floor_usage":[],"damage_taken":[{"damage":0.0,"enemies":"Small Slimes","floor":1.0,"turns":1.0},{"damage":0.0,"enemies":"2 Louse","floor":4.0,"turns":1.0},{"damage":0.0,"enemies":"Gremlin Nob","floor":6.0,"turns":1.0},{"damage":17.0,"enemies":"Lagavulin","floor":8.0,"turns":6.0},{"damage":34,"enemies":"Gremlin Nob","floor":11,"turns":5}],"seed_played":"-9200557056791967149","potions_obtained":[{"floor":1.0,"key":"Block Potion"},{"floor":4.0,"key":"EssenceOfSteel"}],"is_trial":false,"path_per_floor":["M","$","?","M","?","E","?","E","T","$","E"],"character_chosen":"DEFECT","items_purchased":["Loop","Panacea"],"campfire_rested":0,"item_purchase_floors":[10,10],"current_hp_per_floor":[68,68,57,57,50,50,55,38,38,38,8,0],"gold":174,"neow_bonus":"THREE_ENEMY_KILL","is_prod":false,"is_daily":false,"chose_seed":false,"campfire_upgraded":0,"win_rate":0,"timestamp":1533816733,"path_taken":["M","$","?","M","?","E","?","E","T","?","E","?"],"build_version":"2018-08-02","purchased_purges":0,"victory":false,"max_hp_per_floor":[75,75,75,75,75,75,80,80,80,80,82,82],"card_choices":[{"not_picked":["Scrape","Sweeping Beam"],"picked":"FTL","floor":1.0},{"not_picked":["Hologram","Gash"],"picked":"Cold Snap","floor":4.0},{"not_picked":["Gash","Beam Cell"],"picked":"Consume","floor":6.0},{"not_picked":["Hello World","Redo"],"picked":"Multi-Cast","floor":8.0},{"not_picked":["Multi-Cast","Cold Snap","Blizzard"],"picked":"Singing Bowl","floor":11}],"player_experience":221889,"relics_obtained":[{"floor":6.0,"key":"Bird Faced Urn"},{"floor":8.0,"key":"DataDisk"},{"floor":9.0,"key":"Singing Bowl"},{"floor":11,"key":"Mercury Hourglass"}],"event_choices":[{"event_name":"World of Goop","player_choice":"Gather Gold","floor":3.0,"damage_taken":0.0},{"event_name":"Golden Wing","player_choice":"Card Removal","floor":5.0,"damage_taken":0.0},{"event_name":"Big Fish","player_choice":"Donut","floor":7.0,"damage_taken":0.0}],"is_beta":false,"boss_relics":[],"items_purged_floors":[],"is_endless":false,"potions_floor_spawned":[1,4],"ascension_level":11}