{"gold_per_floor":[117,192,202,215,228,259,259,269,293,305,305,317,317],"floor_reached":13,"playtime":570,"items_purged":[],"score":151,"play_id":"821e037a-9bc2-444b-a864-f112f7d090d1","local_time":"20180902154953","is_ascension_mode":true,"campfire_choices":[{"data":"Chaos","floor":7.0,"key":"SMITH"}],"neow_cost":"NONE","seed_source_timestamp":0,"circlet_count":0,"master_deck":["Strike_B","Strike_B","Strike_B","Strike_B+1","Defend_B","Defend_B","Defend_B","Defend_B","Zap+1","Dualcast","AscendersBane","Chill","Loop","Compile Driver","Streamline+1","Chaos+1","Glacier","Turbo","Cold Snap"],"special_seed":0,"relics":["Cracked Core","Sundial","Whetstone","Boot"],"potions_floor_usage":[],"damage_taken":[{"damage":7.0,"enemies":"Jaw Worm","floor":1.0,"turns":2.0},{"damage":0.0,"enemies":"2 Louse","floor":3.0,"turns":3.0},{"damage":4.0,"enemies":"Small Slimes","floor":4.0,"turns":4.0},{"damage":11.0,"enemies":"Blue Slaver","floor":5.0,"turns":3.0},{"damage":16.0,"enemies":"Lagavulin","floor":6.0,"turns":6.0},{"damage":0.0,"enemies":"Exordium Wildlife","floor":8.0,"turns":2.0},{"damage":11.0,"enemies":"Looter","floor":10.0,"turns":2.0},{"damage":0.0,"enemies":"Large Slime","floor":12.0,"turns":6.0},{"damage":0,"enemies":"Exordium Thugs","floor":13,"turns":1}],"seed_played":"-2023754526321251536","potions_obtained":[{"floor":4.0,"key":"FocusPotion"},{"floor":5.0,"key":"SkillPotion"},{"floor":6.0,"key":"Swift Potion"}],"is_trial":false,"path_per_floor":["M","?","M","M","M","E","R","M","T","M","T","M"],"character_chosen":"DEFECT","items_purchased":[],"campfire_rested":0,"item_purchase_floors":[],"current_hp_per_floor":[57,46,46,42,31,15,15,15,15,4,4,4,4],"gold":317,"neow_bonus":"UPGRADE_CARD","is_prod":false,"is_daily":false,"chose_seed":false,"campfire_upgraded":1,"win_rate":0,"timestamp":1535874593,"path_taken":["M","?","M","M","M","E","R","M","T","M","?","M","M"],"build_version":"2018-08-30","purchased_purges":0,"victory":false,"max_hp_per_floor":[71,71,71,71,71,71,71,71,71,71,71,71,71],"card_choices":[{"not_picked":["Barrage","Go for the Eyes"],"picked":"Chill","floor":1.0},{"not_picked":["Beam Cell","Turbo"],"picked":"Loop","floor":3.0},{"not_picked":["Redo","Rebound"],"picked":"Compile Driver","floor":4.0},{"not_picked":["Self Repair","Static Discharge"],"picked":"Streamline","floor":5.0},{"not_picked":["BootSequence","Reboot"],"picked":"Chaos","floor":6.0},{"not_picked":["Doom and Gloom","Genetic Algorithm"],"picked":"Glacier","floor":8.0},{"not_picked":["Compile Driver","Melter"],"picked":"Turbo","floor":10.0},{"not_picked":["Conserve Battery","Scrape"],"picked":"Cold Snap","floor":12.0}],"player_experience":295324,"relics_obtained":[{"floor":6.0,"key":"Sundial"},{"floor":9.0,"key":"Whetstone"},{"floor":11.0,"key":"Boot"}],"event_choices":[{"event_name":"World of Goop","player_choice":"Gather Gold","floor":2.0,"damage_taken":0.0}],"is_beta":true,"boss_relics":[],"items_purged_floors":[],"is_endless":false,"potions_floor_spawned":[4,5,6],"killed_by":"Exordium Thugs","ascension_level":14}