{"gold_per_floor":[12,27,42,42,42,42,77,91,91,91,91,91,103,113,113,189,189,207,207,221,0,0],"floor_reached":22,"playtime":1190,"items_purged":[],"score":378,"play_id":"aabf247f-b9cc-4afb-96d2-e2ee5e966e33","local_time":"20180915114258","is_ascension_mode":true,"campfire_choices":[{"data":"Zap","floor":6.0,"key":"SMITH"},{"data":"Redo","floor":10.0,"key":"SMITH"},{"data":"Reboot","floor":15.0,"key":"SMITH"}],"neow_cost":"NO_GOLD","seed_source_timestamp":3555405820495,"circlet_count":0,"master_deck":["Defend_B","Defend_B","Defend_B","Defend_B","Zap+1","Dualcast","AscendersBane","Reboot+1","Cold Snap","Ball Lightning","Doom and Gloom","Seek","Redo+1","Parasite","Turbo","Go for the Eyes","Biased Cognition","Streamline","Bite","Bite","Bite","Bite","Bite"],"special_seed":0,"relics":["Cracked Core","Strawberry","Smiling Mask","Inserter"],"potions_floor_usage":[22],"damage_taken":[{"damage":20.0,"enemies":"Small Slimes","floor":1.0,"turns":3.0},{"damage":0.0,"enemies":"Cultist","floor":2.0,"turns":3.0},{"damage":3.0,"enemies":"2 Louse","floor":3.0,"turns":3.0},{"damage":16.0,"enemies":"Lagavulin","floor":7.0,"turns":5.0},{"damage":4.0,"enemies":"Looter","floor":8.0,"turns":2.0},{"damage":7.0,"enemies":"Large Slime","floor":13.0,"turns":3.0},{"damage":6.0,"enemies":"3 Louse","floor":14.0,"turns":2.0},{"damage":22.0,"enemies":"Slime Boss","floor":16.0,"turns":9.0},{"damage":11.0,"enemies":"Chosen","floor":18.0,"turns":4.0},{"damage":33.0,"enemies":"3 Byrds","floor":20.0,"turns":5.0},{"damage":49,"enemies":"Centurion and Healer","floor":22,"turns":5}],"seed_played":"-5192423538266199280","potions_obtained":[{"floor":3.0,"key":"FearPotion"},{"floor":7.0,"key":"PowerPotion"},{"floor":16.0,"key":"PowerPotion"},{"floor":20.0,"key":"PowerPotion"}],"is_trial":false,"path_per_floor":["M","M","M","?","?","R","E","M","T","R","?","?","M","M","R","B",null,"M","?","M","?"],"character_chosen":"DEFECT","items_purchased":[],"campfire_rested":0,"item_purchase_floors":[],"current_hp_per_floor":[44,44,41,41,41,41,32,28,28,28,33,53,46,40,40,18,67,56,56,29,29,0],"gold":0,"neow_bonus":"THREE_RARE_CARDS","is_prod":false,"is_daily":false,"chose_seed":false,"campfire_upgraded":3,"win_rate":0,"timestamp":1536982978,"path_taken":["M","M","M","?","?","R","E","M","T","R","?","?","M","M","R","BOSS","M","?","M","?","?"],"build_version":"2018-09-12","purchased_purges":0,"victory":false,"max_hp_per_floor":[71,71,71,71,71,71,78,78,78,78,83,83,83,83,83,83,83,83,58,58,58,58],"card_choices":[{"not_picked":["Amplify","Thunder Strike"],"picked":"Reboot","floor":0.0},{"not_picked":["Tempest","Scrape"],"picked":"Cold Snap","floor":1.0},{"not_picked":["Cold Snap","Redo"],"picked":"Ball Lightning","floor":2.0},{"not_picked":["Steam","Turbo"],"picked":"Doom and Gloom","floor":3.0},{"not_picked":["Stack","Lockon"],"picked":"Seek","floor":7.0},{"not_picked":["Turbo","Beam Cell"],"picked":"Redo","floor":8.0},{"not_picked":["Steam","Sweeping Beam"],"picked":"Turbo","floor":13.0},{"not_picked":["Conserve Battery","Steam"],"picked":"Go for the Eyes","floor":14.0},{"not_picked":["Core Surge","Buffer"],"picked":"Biased Cognition","floor":16.0},{"not_picked":["Go for the Eyes","Leap"],"picked":"Streamline","floor":18.0},{"not_picked":["Scrape","Conserve Battery","Rip and Tear"],"picked":"SKIP","floor":20.0}],"player_experience":333574,"relics_obtained":[{"floor":7.0,"key":"Strawberry"},{"floor":9.0,"key":"Smiling Mask"}],"event_choices":[{"event_name":"Scrap Ooze","player_choice":"unsuccessful","floor":4.0,"damage_taken":0.0},{"event_name":"Purifier","player_choice":"One Purge","floor":5.0,"damage_taken":0.0},{"event_name":"Big Fish","player_choice":"Donut","floor":11.0,"damage_taken":0.0},{"event_name":"Mushrooms","player_choice":"Healed and dodged fight","floor":12.0,"damage_taken":0.0},{"event_name":"Vampires","player_choice":"Became a vampire","floor":19.0,"damage_taken":0.0},{"event_name":"Masked Bandits","player_choice":"Paid Fearfully","floor":21,"damage_taken":0}],"is_beta":true,"boss_relics":[{"not_picked":["Astrolabe","Orrery"],"picked":"Inserter"}],"items_purged_floors":[],"is_endless":false,"potions_floor_spawned":[3,7,8,16,20],"killed_by":"Centurion and Healer","ascension_level":18}