{"gold_per_floor":[118,129,145,220,235,235,235,235,303,303,338,355,355,530,530,530],"floor_reached":16,"playtime":321,"items_purged":[],"score":160,"play_id":"37914560-1d52-43fe-ba09-b760d97451b4","local_time":"20180823180456","is_ascension_mode":true,"campfire_choices":[{"data":"Chaos","floor":6,"key":"SMITH"},{"data":"Redo","floor":8,"key":"SMITH"},{"data":"Dualcast","floor":10,"key":"SMITH"},{"data":"Chill","floor":13,"key":"SMITH"},{"floor":15,"key":"REST"}],"neow_cost":"NONE","seed_source_timestamp":1436162145696,"circlet_count":0,"master_deck":["Strike_B","Strike_B","Strike_B","Strike_B","Defend_B","Defend_B","Defend_B","Defend_B","Zap","Dualcast+1","AscendersBane","Ball Lightning","Chaos+1","Redo+1","Chill+1","Melter"],"relics":["Cracked Core","NeowsBlessing","Vajra","Singing Bowl","Omamori"],"potions_floor_usage":[5,16],"damage_taken":[{"damage":0,"enemies":"Small Slimes","floor":1,"turns":1},{"damage":0,"enemies":"2 Louse","floor":2,"turns":1},{"damage":0,"enemies":"Cultist","floor":3,"turns":1},{"damage":20,"enemies":"Gremlin Gang","floor":5,"turns":3},{"damage":30,"enemies":"Gremlin Nob","floor":11,"turns":4},{"damage":0,"enemies":"2 Fungi Beasts","floor":12,"turns":2},{"damage":29,"enemies":"Slime Boss","floor":16,"turns":5}],"seed_played":"2329419962208516014","potions_obtained":[{"floor":1,"key":"Swift Potion"},{"floor":3,"key":"AttackPotion"},{"floor":5,"key":"GamblersBrew"}],"is_trial":false,"path_per_floor":["M","M","M","?","M","R","?","R","T","R","E","M","R","?","R"],"character_chosen":"DEFECT","items_purchased":[],"campfire_rested":1,"item_purchase_floors":[],"current_hp_per_floor":[68,68,68,57,37,37,37,37,37,37,7,7,7,7,29,0],"gold":530,"neow_bonus":"THREE_ENEMY_KILL","is_prod":false,"is_daily":false,"chose_seed":false,"campfire_upgraded":4,"win_rate":0,"timestamp":1535018696,"path_taken":["M","M","M","?","M","R","?","R","T","R","E","?","R","?","R","BOSS"],"build_version":"2018-08-16","purchased_purges":0,"victory":false,"max_hp_per_floor":[75,75,75,75,75,75,75,75,75,75,75,75,75,75,75,75],"card_choices":[{"not_picked":["Static Discharge","Barrage"],"picked":"Ball Lightning","floor":1},{"not_picked":["Leap","Loop"],"picked":"Chaos","floor":2},{"not_picked":["Steam","Beam Cell"],"picked":"Redo","floor":3},{"not_picked":["Gash","Conserve Battery","Barrage"],"picked":"SKIP","floor":5},{"not_picked":["Hyperbeam","Hologram"],"picked":"Chill","floor":11},{"not_picked":["Sweeping Beam","Compile Driver"],"picked":"Melter","floor":12}],"player_experience":261613,"relics_obtained":[{"floor":9,"key":"Singing Bowl"},{"floor":11,"key":"Omamori"}],"event_choices":[{"event_name":"World of Goop","player_choice":"Gather Gold","floor":4,"damage_taken":0},{"event_name":"Wheel of Change","player_choice":"Relic","floor":7,"damage_taken":0},{"event_name":"Liars Game","player_choice":"agreed","floor":14,"damage_taken":0}],"is_beta":false,"boss_relics":[],"items_purged_floors":[],"is_endless":false,"potions_floor_spawned":[1,3,5,11],"killed_by":"Slime Boss","ascension_level":12}