{"gold_per_floor":[111,131,131,131,81,81,112,112,181,82,96,129,129,129,129,225,225,235,235,262,177,29,29,60,60,60,60],"floor_reached":27,"playtime":948,"items_purged":[],"score":291,"play_id":"a37edd2d-dd3e-4f46-a46d-ef428b79e87f","local_time":"20180722120952","is_ascension_mode":true,"campfire_choices":[{"data":"Zap","floor":6,"key":"SMITH"},{"floor":8,"key":"REST"},{"data":"Dualcast","floor":13,"key":"SMITH"},{"data":"Capacitor","floor":15,"key":"SMITH"},{"data":"Defragment","floor":23,"key":"SMITH"}],"neow_cost":"NONE","seed_source_timestamp":13757378502846,"circlet_count":0,"master_deck":["Strike_B","Strike_B","Strike_B","Defend_B","Defend_B","Defend_B","Defend_B","Zap+1","Dualcast+1","Core Surge","Capacitor+1","Chaos+1","Glacier","Cold Snap","FTL","Conserve Battery","Lockon","Echo Form","Sunder","Writhe","Turbo","Loop","Defragment+1","Coolheaded"],"relics":["FrozenCore","Torii","Question Card","Sundial","The Courier","Juzu Bracelet","Orichalcum","Ornamental Fan","Art of War","Mercury Hourglass"],"potions_floor_usage":[27,27,27],"damage_taken":[{"damage":0,"enemies":"2 Louse","floor":1,"turns":2},{"damage":1,"enemies":"Cultist","floor":2,"turns":3},{"damage":43,"enemies":"3 Sentries","floor":7,"turns":9},{"damage":1,"enemies":"Small Slimes","floor":11,"turns":2},{"damage":19,"enemies":"Lagavulin","floor":12,"turns":6},{"damage":25,"enemies":"Slime Boss","floor":16,"turns":12},{"damage":15,"enemies":"Chosen","floor":18,"turns":6},{"damage":33,"enemies":"Gremlin Leader","floor":24,"turns":11},{"damage":22,"enemies":"Slavers","floor":27,"turns":1}],"seed_played":"58214692922431958","potions_obtained":[{"floor":2,"key":"Strength Potion"},{"floor":11,"key":"PowerPotion"},{"floor":16,"key":"Weak Potion"},{"floor":24,"key":"FocusPotion"}],"is_trial":false,"path_per_floor":["M","M","?","?","?","R","E","R","T","$","M","E","R","T","R","B",null,"M","?","T","?","$","R","E","?","T"],"character_chosen":"DEFECT","items_purchased":["Cold Snap","FTL","Turbo","Loop","Defragment"],"campfire_rested":1,"item_purchase_floors":[10,10,22,22,22],"current_hp_per_floor":[75,74,74,79,79,79,36,60,60,60,59,40,40,40,40,15,64,49,49,49,49,49,49,16,16,16,0],"gold":60,"neow_bonus":"ONE_RANDOM_RARE_CARD","is_prod":false,"is_daily":false,"chose_seed":false,"campfire_upgraded":4,"win_rate":0,"timestamp":1532232592,"path_taken":["M","M","?","?","?","R","E","R","T","$","M","E","R","?","R","BOSS","M","?","?","?","?","R","E","?","T","E"],"build_version":"2018-07-19v2","purchased_purges":0,"victory":false,"max_hp_per_floor":[75,75,75,80,80,80,80,80,80,80,80,80,80,80,80,80,80,80,80,80,80,80,80,80,80,80,80],"card_choices":[{"not_picked":["Rebound","Tempest"],"picked":"Capacitor","floor":1},{"not_picked":["Redo","Capacitor"],"picked":"Chaos","floor":2},{"not_picked":["Cold Snap","Capacitor"],"picked":"Glacier","floor":7},{"not_picked":["Ball Lightning","Steam Power","Compile Driver"],"picked":"Conserve Battery","floor":11},{"not_picked":["Fission","Thunder Strike","Melter"],"picked":"Lockon","floor":12},{"not_picked":["Multi-Cast","Thunder Strike","Rainbow"],"picked":"Echo Form","floor":16},{"not_picked":["Sweeping Beam","Barrage+1","Hologram+1"],"picked":"Sunder","floor":18},{"not_picked":["Streamline+1","Go for the Eyes","Stack"],"picked":"Coolheaded","floor":24}],"player_experience":151540,"relics_obtained":[{"floor":7,"key":"Torii"},{"floor":9,"key":"Question Card"},{"floor":12,"key":"Sundial"},{"floor":14,"key":"The Courier"},{"floor":20,"key":"Orichalcum"},{"floor":24,"key":"Art of War"},{"floor":26,"key":"Mercury Hourglass"}],"event_choices":[{"event_name":"Accursed Blacksmith","player_choice":"Forge","floor":3,"damage_taken":0},{"event_name":"Big Fish","player_choice":"Donut","floor":4,"damage_taken":0},{"event_name":"The Cleric","player_choice":"Card Removal","floor":5,"damage_taken":0},{"event_name":"The Mausoleum","player_choice":"Yes","floor":19,"damage_taken":0},{"event_name":"Addict","player_choice":"Obtained Relic","floor":21,"damage_taken":0},{"event_name":"Cursed Tome","player_choice":"Ignored","floor":25,"damage_taken":0}],"is_beta":false,"boss_relics":[{"not_picked":["Philosopher\u0027s Stone","Snecko Eye"],"picked":"FrozenCore"}],"items_purged_floors":[],"is_endless":false,"potions_floor_spawned":[2,11,16,24],"killed_by":"Slavers","ascension_level":5}