{"gold_per_floor":[116,128,128,128,148,163,163,163,163,54,54,80,93,118,118,220,220,233,160,4,17,17,17,50,50,100,200,200,212,237,255,255,357,357,370,592,592,95,112,137,137,205,280,297,297,315,315,329,329,329],"floor_reached":51,"playtime":2770,"items_purged":["Strike_R","Strike_R","Defend_R","Finesse"],"score":1160,"play_id":"5770d306-d622-4917-99f9-7a09f265a5b5","local_time":"20190128152330","is_ascension_mode":true,"campfire_choices":[{"data":"Bash","floor":7.0,"key":"SMITH"},{"data":"Metamorphosis","floor":11.0,"key":"SMITH"},{"data":"Armaments","floor":15.0,"key":"SMITH"},{"data":"Perfected Strike","floor":23.0,"key":"SMITH"},{"data":"Pommel Strike","floor":25.0,"key":"SMITH"},{"data":"Defend_R","floor":28.0,"key":"PURGE"},{"floor":32.0,"key":"REST"},{"data":"Doubt","floor":45.0,"key":"PURGE"},{"data":"Parasite","floor":49.0,"key":"PURGE"}],"neow_cost":"TEN_PERCENT_HP_LOSS","seed_source_timestamp":20665082853668,"circlet_count":0,"master_deck":["AscendersBane","Strike_R","Strike_R","Strike_R","Defend_R","Bash+1","Metamorphosis+1","Perfected Strike+1","Dual Wield+1","Evolve","Armaments+1","Impervious","Pommel Strike+1","Perfected Strike+1","Battle Trance+1","Seeing Red","Perfected Strike+1","Perfected Strike","Exhume","Shrug It Off+1","Perfected Strike+1","Perfected Strike+1"],"special_seed":0,"relics":["Black Blood","Pen Nib","Matryoshka","Smiling Mask","Orichalcum","Red Mask","Bag of Marbles","Art of War","Peace Pipe","Kunai","The Courier","Velvet Choker","Centennial Puzzle","Ancient Tea Set","Bottled Flame","Molten Egg 2","Vajra","Bottled Tornado","Pear"],"potions_floor_usage":[50,50],"damage_taken":[{"damage":9.0,"enemies":"Jaw Worm","floor":1.0,"turns":4.0},{"damage":13.0,"enemies":"2 Louse","floor":2.0,"turns":2.0},{"damage":0.0,"enemies":"Cultist","floor":5.0,"turns":3.0},{"damage":12.0,"enemies":"Looter","floor":6.0,"turns":3.0},{"damage":34.0,"enemies":"Gremlin Nob","floor":12.0,"turns":4.0},{"damage":9.0,"enemies":"Lots of Slimes","floor":13.0,"turns":4.0},{"damage":23.0,"enemies":"3 Sentries","floor":14.0,"turns":5.0},{"damage":12.0,"enemies":"Hexaghost","floor":16.0,"turns":4.0},{"damage":16.0,"enemies":"Spheric Guardian","floor":18.0,"turns":4.0},{"damage":17.0,"enemies":"2 Thieves","floor":21.0,"turns":4.0},{"damage":17.0,"enemies":"Masked Bandits","floor":24.0,"turns":5.0},{"damage":2.0,"enemies":"Colosseum Slavers","floor":27.0,"turns":3.0},{"damage":13.0,"enemies":"Colosseum Nobs","floor":27.0,"turns":4.0},{"damage":8.0,"enemies":"Cultist and Chosen","floor":29.0,"turns":4.0},{"damage":41.0,"enemies":"Book of Stabbing","floor":30.0,"turns":5.0},{"damage":2.0,"enemies":"Chosen and Byrds","floor":31.0,"turns":4.0},{"damage":63.0,"enemies":"Automaton","floor":33.0,"turns":8.0},{"damage":7.0,"enemies":"Orb Walker","floor":35.0,"turns":3.0},{"damage":10.0,"enemies":"3 Darklings","floor":39.0,"turns":3.0},{"damage":69.0,"enemies":"Giant Head","floor":40.0,"turns":8.0},{"damage":6.0,"enemies":"4 Shapes","floor":44.0,"turns":6.0},{"damage":2.0,"enemies":"Jaw Worm Horde","floor":46.0,"turns":4.0},{"damage":23.0,"enemies":"Writhing Mass","floor":48.0,"turns":5.0},{"damage":56,"enemies":"Donu and Deca","floor":50,"turns":6}],"seed_played":"1542869331562609570","potions_obtained":[{"floor":4.0,"key":"SmokeBomb"},{"floor":4.0,"key":"Fire Potion"},{"floor":4.0,"key":"Swift Potion"},{"floor":14.0,"key":"Poison Potion"},{"floor":16.0,"key":"Dexterity Potion"},{"floor":24.0,"key":"FairyPotion"},{"floor":27.0,"key":"FearPotion"},{"floor":35.0,"key":"Regen Potion"},{"floor":40.0,"key":"Ancient Potion"},{"floor":44.0,"key":"PowerPotion"}],"is_trial":false,"path_per_floor":["M","M","?","?","M","M","R","?","T","$","R","E","M","E","R","B",null,"M","$","$","M","?","R","?","R","T","?","R","M","E","M","R","B",null,"M","?","?","$","M","E","?","T","T","M","R","M","?","M","R","B",null],"character_chosen":"IRONCLAD","items_purchased":["Evolve","Pommel Strike","Perfected Strike","FearPotion","Centennial Puzzle","Ancient Tea Set","Bottled Flame"],"campfire_rested":1,"item_purchase_floors":[10,19,20,20,38,38,38],"current_hp_per_floor":[69,62,62,62,68,62,62,62,62,62,62,34,31,14,14,8,56,50,50,50,43,43,43,36,36,36,41,41,43,12,20,41,17,58,61,61,61,61,61,16,72,72,82,82,82,82,82,69,69,23],"gold":329,"neow_bonus":"RANDOM_COLORLESS_2","is_prod":false,"is_daily":false,"chose_seed":false,"campfire_upgraded":5,"win_rate":0,"timestamp":1548660210,"path_taken":["M","M","?","?","?","M","R","?","T","$","R","E","M","E","R","BOSS","M","?","$","M","?","R","?","R","T","?","R","M","E","M","R","BOSS","M","?","?","$","M","E","?","?","T","M","R","?","?","M","R","BOSS"],"build_version":"2019-01-23","purchased_purges":4,"victory":true,"max_hp_per_floor":[72,72,72,72,72,72,72,72,72,72,72,72,72,72,72,72,72,72,72,72,72,72,72,72,72,72,72,72,72,72,72,72,72,72,72,72,72,72,72,72,72,72,82,82,82,82,82,82,79,79],"card_choices":[{"not_picked":["Pommel Strike","Hemokinesis"],"picked":"Perfected Strike","floor":1.0},{"not_picked":["Blood for Blood","Searing Blow","Flex"],"picked":"SKIP","floor":2.0},{"not_picked":["Blood for Blood","Searing Blow","Flex"],"picked":"SKIP","floor":2.0},{"not_picked":["Blood for Blood","Anger","Feel No Pain"],"picked":"SKIP","floor":5.0},{"not_picked":["Metallicize","Heavy Blade"],"picked":"Dual Wield","floor":6.0},{"not_picked":["Intimidate","Iron Wave","Anger"],"picked":"SKIP","floor":12.0},{"not_picked":["Disarm","Spot Weakness","Power Through"],"picked":"SKIP","floor":13.0},{"not_picked":["Seeing Red","Warcry","Armaments"],"picked":"SKIP","floor":14.0},{"not_picked":["Seeing Red","Warcry"],"picked":"Armaments","floor":14.0},{"not_picked":["Feed","Bludgeon"],"picked":"Impervious","floor":16.0},{"not_picked":["Hemokinesis","Inflame","Cleave"],"picked":"SKIP","floor":18.0},{"not_picked":["Armaments","Clash"],"picked":"Battle Trance+1","floor":21.0},{"not_picked":["Anger","Burning Pact"],"picked":"Seeing Red","floor":27.0},{"not_picked":["Wild Strike","Iron Wave"],"picked":"Perfected Strike+1","floor":29.0},{"not_picked":["Burning Pact","True Grit","Clash"],"picked":"SKIP","floor":30.0},{"not_picked":["Anger","Armaments"],"picked":"Perfected Strike","floor":31.0},{"not_picked":["Fiend Fire","Dark Embrace"],"picked":"Exhume","floor":33.0},{"not_picked":["Clothesline+1","Iron Wave","Fire Breathing+1"],"picked":"SKIP","floor":35.0},{"not_picked":["Iron Wave","Twin Strike","Headbutt+1"],"picked":"SKIP","floor":39.0},{"not_picked":["Feel No Pain+1","Havoc","Anger"],"picked":"SKIP","floor":40.0},{"not_picked":["Clothesline+1","Shockwave"],"picked":"Shrug It Off+1","floor":44.0},{"not_picked":["Clash+1","Armaments"],"picked":"Perfected Strike+1","floor":46.0},{"not_picked":["Carnage+1","Thunderclap+1","Pummel+1"],"picked":"SKIP","floor":48.0}],"player_experience":700815,"relics_obtained":[{"floor":9.0,"key":"Pen Nib"},{"floor":12.0,"key":"Matryoshka"},{"floor":14.0,"key":"Smiling Mask"},{"floor":24.0,"key":"Red Mask"},{"floor":26.0,"key":"Bag of Marbles"},{"floor":26.0,"key":"Art of War"},{"floor":27.0,"key":"Peace Pipe"},{"floor":27.0,"key":"Kunai"},{"floor":30.0,"key":"The Courier"},{"floor":40.0,"key":"Molten Egg 2"},{"floor":42.0,"key":"Vajra"},{"floor":42.0,"key":"Bottled Tornado"},{"floor":43.0,"key":"Pear"}],"event_choices":[{"damage_healed":0.0,"max_hp_gain":0.0,"max_hp_loss":0.0,"gold_gain":0.0,"event_name":"Living Wall","player_choice":"Grow","floor":3.0,"gold_loss":0.0,"damage_taken":0.0,"cards_upgraded":["Perfected Strike"]},{"damage_healed":0.0,"max_hp_gain":0.0,"max_hp_loss":0.0,"gold_gain":0.0,"event_name":"Lab","player_choice":"Got Potions","floor":4.0,"gold_loss":0.0,"damage_taken":0.0},{"damage_healed":0.0,"max_hp_gain":0.0,"max_hp_loss":0.0,"gold_gain":0.0,"event_name":"Upgrade Shrine","player_choice":"Upgraded","floor":8.0,"gold_loss":0.0,"damage_taken":0.0,"cards_upgraded":["Dual Wield"]},{"damage_healed":0.0,"max_hp_gain":0.0,"max_hp_loss":0.0,"gold_gain":0.0,"event_name":"The Mausoleum","player_choice":"Opened","floor":22.0,"gold_loss":0.0,"damage_taken":0.0,"relics_obtained":["Orichalcum"]},{"damage_healed":0.0,"max_hp_gain":0.0,"max_hp_loss":0.0,"gold_gain":0.0,"event_name":"Masked Bandits","player_choice":"Fought Bandits","floor":24.0,"gold_loss":0.0,"damage_taken":0.0},{"damage_healed":0.0,"max_hp_gain":0.0,"max_hp_loss":0.0,"gold_gain":0.0,"event_name":"Colosseum","player_choice":"Fight","floor":27.0,"gold_loss":0.0,"damage_taken":0.0},{"damage_healed":0.0,"max_hp_gain":0.0,"max_hp_loss":0.0,"gold_gain":0.0,"event_name":"Colosseum","player_choice":"Fought Nobs","floor":27.0,"gold_loss":0.0,"damage_taken":0.0},{"damage_healed":0.0,"max_hp_gain":0.0,"max_hp_loss":0.0,"gold_gain":222.0,"event_name":"Tomb of Lord Red Mask","player_choice":"Wore Mask","floor":36.0,"gold_loss":0.0,"damage_taken":0.0},{"cards_removed":["Defend_R"],"damage_healed":0.0,"max_hp_gain":0.0,"max_hp_loss":0.0,"gold_gain":0.0,"event_name":"Falling","player_choice":"Removed Skill","floor":37.0,"gold_loss":0.0,"damage_taken":0.0},{"damage_healed":56.0,"max_hp_gain":0.0,"max_hp_loss":0.0,"gold_gain":0.0,"event_name":"MindBloom","player_choice":"Heal","floor":41.0,"gold_loss":0.0,"damage_taken":0.0,"cards_obtained":["Doubt"]},{"damage_healed":0.0,"max_hp_gain":0.0,"max_hp_loss":0.0,"gold_gain":0.0,"event_name":"Duplicator","player_choice":"Copied","floor":47.0,"gold_loss":0.0,"damage_taken":0.0,"cards_obtained":["Perfected Strike"]}],"is_beta":true,"boss_relics":[{"not_picked":["Tiny House","White Beast Statue"],"picked":"Black Blood"},{"not_picked":["Runic Cube","Black Star"],"picked":"Velvet Choker"}],"items_purged_floors":[10,19,20,38],"is_endless":false,"potions_floor_spawned":[6,12,14,16,21,24,27,27,35,40,44,46],"ascension_level":12}