{"gold_per_floor":[13,13,13,13,37,55,55,79,79,79,95,120,120,145,145,145],"floor_reached":16,"playtime":595,"items_purged":[],"score":188,"play_id":"16e19765-f2da-42cb-abad-f83a2644f1b4","local_time":"20181209171815","is_ascension_mode":true,"campfire_choices":[{"data":"Genetic Algorithm","floor":7.0,"key":"SMITH"},{"data":"Go for the Eyes","floor":10.0,"key":"SMITH"},{"data":"Loop","floor":15,"key":"SMITH"}],"neow_cost":"NO_GOLD","seed_source_timestamp":1127712814902,"circlet_count":0,"master_deck":["AscendersBane","Strike_B","Strike_B","Strike_B","Strike_B","Defend_B","Defend_B","Defend_B+1","Defend_B","Zap","Dualcast","Forethought","Forethought+1","Loop+1","Genetic Algorithm+1","Ball Lightning","Go for the Eyes+1","Self Repair","Buffer","Glacier"],"special_seed":0,"relics":["Cracked Core","Golden Idol","Cables"],"potions_floor_usage":[11,11,12,13,16,16],"damage_taken":[{"damage":11.0,"enemies":"2 Louse","floor":1.0,"turns":3.0},{"damage":10.0,"enemies":"Small Slimes","floor":5.0,"turns":3.0},{"damage":2.0,"enemies":"Jaw Worm","floor":6.0,"turns":4.0},{"damage":10.0,"enemies":"Large Slime","floor":8.0,"turns":6.0},{"damage":15,"enemies":"Gremlin Gang","floor":11,"turns":4},{"damage":0,"enemies":"Looter","floor":12,"turns":3},{"damage":12,"enemies":"Exordium Wildlife","floor":14,"turns":6},{"damage":26,"enemies":"Slime Boss","floor":16,"turns":10}],"seed_played":"-5757286021874029716","potions_obtained":[{"floor":5.0,"key":"Poison Potion"},{"floor":8.0,"key":"Regen Potion"},{"floor":11,"key":"Regen Potion"},{"floor":13,"key":"FocusPotion"},{"floor":13,"key":"Fruit Juice"},{"floor":14,"key":"SkillPotion"}],"is_trial":false,"path_per_floor":["M","?","?","?","M","M","R","M","T","R","M","M","?","M","R","B"],"character_chosen":"DEFECT","items_purchased":[],"campfire_rested":0,"item_purchase_floors":[],"current_hp_per_floor":[53,53,53,34,24,22,22,12,12,12,9,25,30,25,25,0],"gold":145,"neow_bonus":"RANDOM_COLORLESS_2","is_prod":false,"is_daily":false,"chose_seed":false,"campfire_upgraded":3,"win_rate":0,"timestamp":1544347095,"path_taken":["M","?","?","?","?","M","R","M","T","R","M","M","?","M","R","BOSS"],"build_version":"2018-12-06","purchased_purges":0,"victory":false,"max_hp_per_floor":[71,64,64,64,64,64,64,64,64,64,64,64,69,69,69,69],"card_choices":[{"not_picked":["Hologram","Turbo"],"picked":"Loop","floor":1.0},{"not_picked":["Coolheaded","Conserve Battery"],"picked":"Genetic Algorithm","floor":5.0},{"not_picked":["Rebound","Compile Driver"],"picked":"Ball Lightning","floor":6.0},{"not_picked":["Compile Driver","Cold Snap"],"picked":"Go for the Eyes","floor":8.0},{"not_picked":["Genetic Algorithm","Hologram"],"picked":"Self Repair","floor":11},{"not_picked":["Double Energy","Self Repair"],"picked":"Buffer","floor":12},{"not_picked":["Steam","Streamline"],"picked":"Glacier","floor":14}],"player_experience":608556,"relics_obtained":[{"floor":9.0,"key":"Cables"}],"event_choices":[{"damage_healed":0.0,"max_hp_gain":0.0,"max_hp_loss":7.0,"gold_gain":0.0,"event_name":"Golden Idol","player_choice":"Lose Max HP","floor":2.0,"gold_loss":0.0,"damage_taken":0.0,"relics_obtained":["Golden Idol"]},{"damage_healed":0.0,"max_hp_gain":0.0,"max_hp_loss":0.0,"gold_gain":0.0,"event_name":"The Cleric","player_choice":"Leave","floor":3.0,"gold_loss":0.0,"damage_taken":0.0},{"damage_healed":0.0,"max_hp_gain":0.0,"max_hp_loss":0.0,"gold_gain":0.0,"event_name":"Shining Light","player_choice":"Entered Light","floor":4.0,"gold_loss":0.0,"damage_taken":19.0,"cards_upgraded":["Forethought","Defend_B"]},{"damage_healed":0,"gold_gain":0,"player_choice":"Got Potions","damage_taken":0,"max_hp_gain":0,"max_hp_loss":0,"event_name":"Lab","floor":13,"gold_loss":0}],"is_beta":true,"boss_relics":[],"items_purged_floors":[],"is_endless":false,"potions_floor_spawned":[5,8,11,14],"killed_by":"Slime Boss","ascension_level":20}