{"gold_per_floor":[213,225,72,72,72,72,94,94,94,10,20,17,37,337,337,337],"floor_reached":16,"playtime":1066,"items_purged":["Neutralize"],"score":90,"play_id":"c7be623c-ffb5-41ee-a75a-076dc0c7c9a1","local_time":"20190809224111","is_ascension_mode":false,"campfire_choices":[{"data":"Footwork","floor":6,"key":"SMITH"},{"data":"Deflect","floor":8,"key":"SMITH"},{"floor":15,"key":"REST"}],"neow_cost":"NONE","seed_source_timestamp":1583438619116300,"circlet_count":0,"master_deck":["Strike_G","Strike_G","Strike_G","Strike_G","Defend_G","Defend_G","Defend_G","Defend_G","Defend_G","Survivor","Deflect","Deflect+1","Footwork+1","Predator","Quick Slash","Acrobatics","Blade Dance"],"relics":["Ring of the Snake","Pear","Odd Mushroom","Darkstone Periapt","Old Coin"],"potions_floor_usage":[],"damage_taken":[{"damage":1,"enemies":"Cultist","floor":1,"turns":7},{"damage":0,"enemies":"Jaw Worm","floor":2,"turns":6},{"damage":16,"enemies":"The Mushroom Lair","floor":7,"turns":13},{"damage":0,"enemies":"Small Slimes","floor":11,"turns":4},{"damage":9,"enemies":"Exordium Thugs","floor":12,"turns":5},{"damage":0,"enemies":"3 Louse","floor":13,"turns":5},{"damage":49,"enemies":"Hexaghost","floor":16,"turns":11}],"seed_played":"2864271970451672751","potions_obtained":[{"floor":12,"key":"Poison Potion"},{"floor":13,"key":"Regen Potion"}],"is_trial":false,"path_per_floor":["M","M","$","?","T","R","?","R","T","$","M","M","M","?","R","B"],"character_chosen":"THE_SILENT","items_purchased":["Footwork","Predator","Quick Slash"],"campfire_rested":1,"item_purchase_floors":[3,10,10],"current_hp_per_floor":[69,69,69,62,72,72,56,56,56,56,56,47,47,44,68,19],"gold":337,"neow_bonus":"HUNDRED_GOLD","is_prod":false,"is_daily":false,"chose_seed":false,"campfire_upgraded":2,"win_rate":0.0,"timestamp":1565383271,"path_taken":["M","M","$","?","?","R","?","R","T","$","M","M","?","?","R","BOSS"],"build_version":"2019-07-17","purchased_purges":1,"victory":false,"max_hp_per_floor":[70,70,70,70,80,80,80,80,80,80,80,80,80,80,80,80],"card_choices":[{"not_picked":["Slice","Distraction"],"picked":"Deflect","floor":1},{"not_picked":["Terror","Dagger Spray"],"picked":"Deflect","floor":2},{"not_picked":["All Out Attack","Deadly Poison"],"picked":"Acrobatics","floor":11},{"not_picked":["Dagger Spray","Sucker Punch","Deadly Poison"],"picked":"SKIP","floor":12},{"not_picked":["Sucker Punch","Endless Agony"],"picked":"Blade Dance","floor":13}],"player_experience":366592,"relics_obtained":[{"floor":5,"key":"Pear"},{"floor":7,"key":"Odd Mushroom"},{"floor":9,"key":"Darkstone Periapt"}],"event_choices":[{"cards_removed":["Strike_G"],"damage_healed":0,"gold_gain":0,"player_choice":"Card Removal","damage_taken":7,"max_hp_gain":0,"max_hp_loss":0,"event_name":"Golden Wing","floor":4,"gold_loss":0},{"damage_healed":0,"gold_gain":0,"player_choice":"Fought Mushrooms","damage_taken":0,"max_hp_gain":0,"max_hp_loss":0,"event_name":"Mushrooms","floor":7,"gold_loss":0},{"damage_healed":0,"gold_gain":0,"player_choice":"Success","damage_taken":3,"relics_obtained":["Old Coin"],"max_hp_gain":0,"max_hp_loss":0,"event_name":"Scrap Ooze","floor":14,"gold_loss":0}],"is_beta":false,"boss_relics":[],"items_purged_floors":[3],"is_endless":false,"potions_floor_spawned":[12,13],"killed_by":"Hexaghost","ascension_level":0}