{"gold_per_floor":[109,109,125,142,155,165,165,179,202,202,29,58,77,104,104,200,200,125,40,40,60,60,60,85,85,111,123,42,141,141,141,141,242,242,256,256,356,356,19,19,44,56,68,80,108,120,132,163,175,187],"floor_reached":51,"playtime":3599,"items_purged":["Defend_B","Writhe"],"score":634,"play_id":"2bb2f4cb-9e4a-4197-b73d-1027a4ff0754","local_time":"20190810114105","is_ascension_mode":false,"campfire_choices":[{"floor":7,"key":"REST"},{"data":"Defragment","floor":10,"key":"SMITH"},{"floor":15,"key":"REST"},{"floor":23,"key":"REST"},{"floor":25,"key":"REST"},{"floor":30,"key":"REST"},{"floor":32,"key":"REST"},{"data":"Rainbow","floor":40,"key":"SMITH"},{"data":"Reinforced Body","floor":42,"key":"SMITH"},{"floor":46,"key":"REST"},{"floor":49,"key":"REST"}],"neow_cost":"NONE","seed_source_timestamp":37989602391803,"circlet_count":0,"master_deck":["Strike_B","Strike_B","Strike_B","Defend_B","Defend_B","Defend_B","Zap","Dualcast","Genetic Algorithm","Capacitor","Turbo","Streamline","Defragment+1","Barrage","Hologram","Reinforced Body+1","White Noise","Ball Lightning","Force Field+1","Fusion+1","Meteor Strike","Reinforced Body","Rainbow+1","Turbo","Writhe","Heatsinks+1","Go for the Eyes+1"],"relics":["Cracked Core","Juzu Bracelet","Blood Vial","Kunai","Smiling Mask","Inserter","Happy Flower","Pen Nib","PreservedInsect","Bag of Preparation","Runic Pyramid","Ice Cream","MawBank","Bag of Marbles","NlothsMask"],"potions_floor_usage":[12,24,27,27,27,33,50],"damage_taken":[{"damage":1,"enemies":"Small Slimes","floor":1,"turns":3},{"damage":6,"enemies":"Jaw Worm","floor":3,"turns":3},{"damage":1,"enemies":"Cultist","floor":4,"turns":4},{"damage":6,"enemies":"Exordium Wildlife","floor":5,"turns":3},{"damage":5,"enemies":"Looter","floor":6,"turns":3},{"damage":0,"enemies":"Red Slaver","floor":8,"turns":3},{"damage":7,"enemies":"Lagavulin","floor":12,"turns":7},{"damage":7,"enemies":"2 Fungi Beasts","floor":13,"turns":4},{"damage":37,"enemies":"Hexaghost","floor":16,"turns":7},{"damage":32,"enemies":"2 Thieves","floor":18,"turns":5},{"damage":21,"enemies":"Spheric Guardian","floor":21,"turns":5},{"damage":40,"enemies":"Book of Stabbing","floor":24,"turns":8},{"damage":23,"enemies":"Cultist and Chosen","floor":27,"turns":6},{"damage":31,"enemies":"Champ","floor":33,"turns":13},{"damage":16,"enemies":"Orb Walker","floor":35,"turns":5},{"damage":37,"enemies":"3 Shapes","floor":45,"turns":7},{"damage":39,"enemies":"Spire Growth","floor":48,"turns":7},{"damage":39,"enemies":"Time Eater","floor":50,"turns":15}],"seed_played":"-2400769202194149278","potions_obtained":[{"floor":1,"key":"Fire Potion"},{"floor":6,"key":"AttackPotion"},{"floor":13,"key":"FearPotion"},{"floor":21,"key":"Swift Potion"},{"floor":24,"key":"Regen Potion"},{"floor":27,"key":"Energy Potion"},{"floor":45,"key":"Fruit Juice"}],"is_trial":false,"path_per_floor":["M","?","M","M","M","M","R","M","T","R","$","E","M","T","R","B",null,"M","?","$","M","?","R","E","R","T","M","$","?","R","?","R","B",null,"M","?","?","?","$","R","T","R","T","?","M","R","?","M","R","B",null],"character_chosen":"DEFECT","items_purchased":["Hologram","Reinforced Body","Reinforced Body","Ice Cream"],"campfire_rested":8,"item_purchase_floors":[11,11,28,39],"current_hp_per_floor":[74,67,61,60,54,49,71,71,71,71,71,66,61,61,75,38,75,43,43,43,24,24,46,8,30,30,24,24,24,46,46,68,39,75,59,59,59,75,75,75,75,75,75,75,38,60,60,23,45,13],"gold":199,"neow_bonus":"RANDOM_COMMON_RELIC","is_prod":false,"is_daily":false,"chose_seed":false,"campfire_upgraded":3,"win_rate":0.0,"timestamp":1565451665,"path_taken":["M","?","M","M","M","M","R","M","T","R","$","E","M","?","R","BOSS","M","?","$","M","?","R","E","R","T","M","$","?","R","?","R","BOSS","M","?","?","?","$","R","?","R","T","?","M","R","?","M","R","BOSS"],"build_version":"2019-07-17","purchased_purges":2,"victory":true,"max_hp_per_floor":[75,75,75,75,75,75,75,75,75,75,75,75,75,75,75,75,75,75,75,75,75,75,75,75,75,75,75,75,75,75,75,75,75,75,75,75,75,75,75,75,75,75,75,75,75,75,75,75,75,80],"card_choices":[{"not_picked":["Turbo","Gash"],"picked":"Genetic Algorithm","floor":1},{"not_picked":["Redo","Conserve Battery"],"picked":"Capacitor","floor":3},{"not_picked":["Hello World","Redo"],"picked":"Turbo","floor":4},{"not_picked":["Rebound","Chaos"],"picked":"Streamline","floor":5},{"not_picked":["Sweeping Beam","Amplify"],"picked":"Defragment","floor":6},{"not_picked":["BootSequence","Chill"],"picked":"Barrage","floor":8},{"not_picked":["Steam","Beam Cell"],"picked":"White Noise","floor":12},{"not_picked":["Consume","Loop"],"picked":"Ball Lightning","floor":13},{"not_picked":["Beam Cell+1","Darkness"],"picked":"Force Field+1","floor":18},{"not_picked":["Blizzard","Darkness+1"],"picked":"Fusion+1","floor":21},{"not_picked":["Conserve Battery","Go for the Eyes+1"],"picked":"Meteor Strike","floor":24},{"not_picked":["Reprogram","Darkness","Steam"],"picked":"SKIP","floor":27},{"not_picked":["Thunder Strike","Fission"],"picked":"Rainbow","floor":33},{"not_picked":["Beam Cell+1","Ball Lightning"],"picked":"Turbo","floor":35},{"not_picked":["Barrage+1","Stack+1"],"picked":"Heatsinks+1","floor":45},{"not_picked":["Stack","Sweeping Beam"],"picked":"Go for the Eyes+1","floor":48}],"player_experience":48613,"relics_obtained":[{"floor":9,"key":"Blood Vial"},{"floor":12,"key":"Kunai"},{"floor":14,"key":"Smiling Mask"},{"floor":24,"key":"PreservedInsect"},{"floor":26,"key":"Bag of Preparation"},{"floor":41,"key":"MawBank"},{"floor":43,"key":"Bag of Marbles"}],"event_choices":[{"cards_removed":["Strike_B"],"damage_healed":0,"gold_gain":0,"player_choice":"Card Removal","damage_taken":7,"max_hp_gain":0,"max_hp_loss":0,"event_name":"Golden Wing","floor":2,"gold_loss":0},{"damage_healed":0,"gold_gain":0,"player_choice":"Obtained Relic","damage_taken":0,"relics_obtained":["Happy Flower"],"max_hp_gain":0,"max_hp_loss":0,"event_name":"Addict","floor":19,"gold_loss":85},{"damage_healed":0,"gold_gain":0,"player_choice":"Opened","damage_taken":0,"relics_obtained":["Pen Nib"],"max_hp_gain":0,"max_hp_loss":0,"event_name":"The Mausoleum","floor":22,"gold_loss":0,"cards_obtained":["Writhe"]},{"damage_healed":0,"gold_gain":99,"player_choice":"Stole From Cult","damage_taken":0,"max_hp_gain":0,"max_hp_loss":0,"event_name":"Nest","floor":29,"gold_loss":0},{"damage_healed":0,"gold_gain":0,"player_choice":"Ignored","damage_taken":0,"max_hp_gain":0,"max_hp_loss":0,"event_name":"Cursed Tome","floor":31,"gold_loss":0},{"damage_healed":0,"gold_gain":0,"player_choice":"Ignored","damage_taken":0,"max_hp_gain":0,"max_hp_loss":0,"event_name":"Tomb of Lord Red Mask","floor":36,"gold_loss":0},{"damage_healed":0,"gold_gain":100,"player_choice":"Pray","damage_taken":0,"max_hp_gain":0,"max_hp_loss":0,"event_name":"Golden Shrine","floor":37,"gold_loss":0},{"damage_healed":19,"gold_gain":0,"player_choice":"Writhe","damage_taken":0,"max_hp_gain":0,"max_hp_loss":0,"event_name":"Winding Halls","floor":38,"gold_loss":0,"cards_obtained":["Writhe"]},{"damage_healed":0,"gold_gain":0,"player_choice":"Trade","damage_taken":0,"relics_obtained":["NlothsMask"],"max_hp_gain":0,"max_hp_loss":0,"event_name":"FaceTrader","floor":44,"gold_loss":0},{"damage_healed":0,"gold_gain":0,"player_choice":"Ignored","damage_taken":0,"max_hp_gain":0,"max_hp_loss":0,"event_name":"Mysterious Sphere","floor":47,"gold_loss":0}],"is_beta":false,"boss_relics":[{"not_picked":["Runic Dome","Eternal Feather"],"picked":"Inserter"},{"not_picked":["FrozenCore","Snecko Eye"],"picked":"Runic Pyramid"}],"items_purged_floors":[11,39],"is_endless":false,"potions_floor_spawned":[1,6,13,21,24,27,45],"ascension_level":0}