{"gold_per_floor":[109,119,119,119,139,153,153,153,176,191,191,223,173,186,186,291,291,291,291,291,291,291,291,291,291,291,206,206,206,206,206,206,206,206,206,206,131,131,131,131,131,131,131,131,131,131,131,131,131,131],"floor_reached":51,"playtime":1265,"items_purged":["Strike_R"],"score":1101,"play_id":"326d708a-4f0f-43ca-aae1-045566d28be2","local_time":"20181102200637","is_ascension_mode":true,"campfire_choices":[{"data":"Searing Blow","floor":7.0,"key":"SMITH"},{"data":"Searing Blow+1","floor":11.0,"key":"SMITH"},{"data":"Searing Blow+2","floor":15.0,"key":"SMITH"},{"data":"Searing Blow+3","floor":23.0,"key":"SMITH"},{"data":"Searing Blow+4","floor":25.0,"key":"SMITH"},{"data":"Searing Blow+5","floor":30.0,"key":"SMITH"},{"data":"Searing Blow+6","floor":32.0,"key":"SMITH"},{"data":"Searing Blow+7","floor":40.0,"key":"SMITH"},{"data":"Searing Blow+9","floor":45.0,"key":"SMITH"},{"data":"Searing Blow+10","floor":49,"key":"SMITH"}],"neow_cost":"NONE","seed_source_timestamp":0,"circlet_count":0,"master_deck":["Strike_R+1","Defend_R+1","Defend_R+1","Defend_R+1","Defend_R+1","Bash+1","Searing Blow+11","Dual Wield+1","Shockwave+1","Anger+1","Offering+1","Ghostly Armor+1","RitualDagger+1","Armaments+1","Immolate+1","Battle Trance+1","Headbutt+1"],"special_seed":0,"relics":["Burning Blood","NeowsBlessing","Pen Nib","Orichalcum","Bronze Scales","Ectoplasm","Juzu Bracelet","Girya","Cursed Key","Self Forming Clay","Mark of the Bloom"],"potions_floor_usage":[50],"damage_taken":[{"damage":0.0,"enemies":"2 Louse","floor":1.0,"turns":1.0},{"damage":0.0,"enemies":"Small Slimes","floor":2.0,"turns":1.0},{"damage":0.0,"enemies":"Cultist","floor":5.0,"turns":1.0},{"damage":11.0,"enemies":"3 Louse","floor":6.0,"turns":4.0},{"damage":10.0,"enemies":"Red Slaver","floor":10.0,"turns":3.0},{"damage":12.0,"enemies":"Gremlin Nob","floor":12.0,"turns":4.0},{"damage":4.0,"enemies":"Blue Slaver","floor":14.0,"turns":3.0},{"damage":18.0,"enemies":"Hexaghost","floor":16.0,"turns":7.0},{"damage":4.0,"enemies":"Shell Parasite","floor":18.0,"turns":2.0},{"damage":0.0,"enemies":"Chosen","floor":21.0,"turns":3.0},{"damage":6.0,"enemies":"Sentry and Sphere","floor":22.0,"turns":3.0},{"damage":18.0,"enemies":"Snake Plant","floor":24.0,"turns":2.0},{"damage":0.0,"enemies":"Chosen and Byrds","floor":28.0,"turns":3.0},{"damage":6.0,"enemies":"3 Cultists","floor":31.0,"turns":4.0},{"damage":63.0,"enemies":"Champ","floor":33.0,"turns":7.0},{"damage":6.0,"enemies":"3 Darklings","floor":35.0,"turns":2.0},{"damage":17.0,"enemies":"3 Shapes","floor":36.0,"turns":3.0},{"damage":0.0,"enemies":"Sphere and 2 Shapes","floor":38.0,"turns":2.0},{"damage":6.0,"enemies":"Reptomancer","floor":41.0,"turns":2.0},{"damage":8,"enemies":"4 Shapes","floor":47,"turns":3},{"damage":0,"enemies":"Maw","floor":48,"turns":4},{"damage":16,"enemies":"Donu and Deca","floor":50,"turns":4}],"seed_played":"2623056578539285231","potions_obtained":[{"floor":5.0,"key":"Dexterity Potion"},{"floor":10.0,"key":"SpeedPotion"},{"floor":12.0,"key":"SpeedPotion"},{"floor":24.0,"key":"EssenceOfSteel"},{"floor":35.0,"key":"GamblersBrew"},{"floor":41.0,"key":"GamblersBrew"},{"floor":48,"key":"Swift Potion"}],"is_trial":false,"path_per_floor":["M","M","?","?","M","M","R","?","T","M","R","E","?","M","R","B",null,"M","?","?","M","M","R","M","R","T","?","M","?","R","M","R","B",null,"M","M","$","M","?","R","E","?","T","?","R","?","M","M","R","B",null],"character_chosen":"IRONCLAD","items_purchased":[],"campfire_rested":0,"item_purchase_floors":[],"current_hp_per_floor":[78,80,64,64,70,65,65,65,65,61,61,55,55,57,57,45,71,73,73,73,79,79,79,67,67,67,67,73,67,67,67,67,10,63,63,52,52,58,58,58,58,58,58,58,58,58,50,50,50,34],"gold":131,"neow_bonus":"THREE_ENEMY_KILL","is_prod":false,"is_daily":false,"chose_seed":false,"campfire_upgraded":10,"win_rate":0,"timestamp":1541160397,"path_taken":["M","M","?","?","?","M","R","?","T","M","R","E","?","M","R","BOSS","M","?","?","M","M","R","M","R","T","?","M","?","R","M","R","BOSS","M","M","$","M","?","R","E","?","T","?","R","?","M","M","R","BOSS"],"build_version":"2018-11-01v2","purchased_purges":1,"victory":true,"max_hp_per_floor":[80,80,80,80,80,80,80,80,80,80,80,80,80,80,80,80,80,80,80,80,80,80,80,80,80,80,80,80,80,80,80,80,80,80,80,80,80,80,80,80,80,76,76,76,76,76,76,76,76,76],"card_choices":[{"not_picked":["Armaments","Fire Breathing"],"picked":"Perfected Strike","floor":1.0},{"not_picked":["Twin Strike","Intimidate"],"picked":"Searing Blow","floor":2.0},{"not_picked":["Flex","Iron Wave","Metallicize"],"picked":"SKIP","floor":5.0},{"not_picked":["Sever Soul","Twin Strike"],"picked":"Dual Wield","floor":6.0},{"not_picked":["Flex","Havoc"],"picked":"Shockwave","floor":10.0},{"not_picked":["Barricade","Blood for Blood"],"picked":"Anger","floor":12.0},{"not_picked":["Metallicize","Rampage","Thunderclap"],"picked":"SKIP","floor":14.0},{"not_picked":["Rage+1","Pommel Strike","Armaments"],"picked":"SKIP","floor":18.0},{"not_picked":["Flex","Perfected Strike","Reckless Charge"],"picked":"SKIP","floor":21.0},{"not_picked":["Sentinel","Warcry"],"picked":"Ghostly Armor","floor":22.0},{"not_picked":["Power Through","Rupture","Second Wind+1"],"picked":"SKIP","floor":24.0},{"not_picked":["Cleave","Pommel Strike","Thunderclap"],"picked":"SKIP","floor":28.0},{"not_picked":["Combust+1","Cleave"],"picked":"Armaments+1","floor":31.0},{"not_picked":["Bludgeon","Reaper"],"picked":"Immolate","floor":33.0},{"not_picked":["Rage+1","Iron Wave+1","Shockwave+1"],"picked":"SKIP","floor":35.0},{"not_picked":["Thunderclap+1","Clothesline+1","Battle Trance"],"picked":"SKIP","floor":36.0},{"not_picked":["Thunderclap+1","Clothesline+1"],"picked":"Battle Trance","floor":36.0},{"not_picked":["Metallicize+1","Thunderclap","Body Slam"],"picked":"SKIP","floor":38.0},{"not_picked":["Fire Breathing","Reckless Charge+1","Inflame"],"picked":"SKIP","floor":41.0},{"not_picked":["Havoc+1","Flex+1","Sword Boomerang+1"],"picked":"SKIP","floor":47},{"not_picked":["Bloodletting","Clothesline+1"],"picked":"Headbutt+1","floor":48}],"player_experience":484260,"relics_obtained":[{"floor":9.0,"key":"Orichalcum"},{"floor":12.0,"key":"Bronze Scales"},{"floor":26.0,"key":"Juzu Bracelet"},{"floor":41.0,"key":"Self Forming Clay"}],"event_choices":[{"damage_healed":0.0,"max_hp_gain":0.0,"max_hp_loss":0.0,"gold_gain":0.0,"event_name":"Shining Light","player_choice":"Entered Light","floor":3.0,"gold_loss":0.0,"damage_taken":16.0,"cards_upgraded":["Defend_R","Strike_R"]},{"cards_removed":["Perfected Strike"],"damage_healed":0.0,"max_hp_gain":0.0,"max_hp_loss":0.0,"gold_gain":0.0,"event_name":"WeMeetAgain","player_choice":"Gave Card","floor":4.0,"gold_loss":0.0,"damage_taken":0.0,"relics_obtained":["Pen Nib"]},{"cards_removed":["Strike_R"],"damage_healed":0.0,"max_hp_gain":0.0,"max_hp_loss":0.0,"gold_gain":0.0,"event_name":"Purifier","player_choice":"Purged","floor":8.0,"gold_loss":0.0,"damage_taken":0.0},{"cards_removed":["Strike_R"],"damage_healed":0.0,"max_hp_gain":0.0,"max_hp_loss":0.0,"gold_gain":0.0,"event_name":"The Cleric","player_choice":"Card Removal","floor":13.0,"gold_loss":50.0,"damage_taken":0.0},{"damage_healed":0.0,"max_hp_gain":0.0,"max_hp_loss":0.0,"gold_gain":0.0,"event_name":"Vampires","player_choice":"Ignored","floor":19.0,"gold_loss":0.0,"damage_taken":0.0},{"damage_healed":0.0,"max_hp_gain":0.0,"max_hp_loss":0.0,"gold_gain":0.0,"cards_transformed":["Strike_R"],"event_name":"Transmorgrifier","player_choice":"Transformed","floor":20.0,"gold_loss":0.0,"damage_taken":0.0,"cards_obtained":["Offering"]},{"damage_healed":0.0,"max_hp_gain":0.0,"max_hp_loss":0.0,"gold_gain":0.0,"event_name":"Addict","player_choice":"Obtained Relic","floor":27.0,"gold_loss":85.0,"damage_taken":0.0,"relics_obtained":["Girya"]},{"damage_healed":0.0,"max_hp_gain":0.0,"max_hp_loss":0.0,"gold_gain":0.0,"event_name":"Nest","player_choice":"Joined the Cult","floor":29.0,"gold_loss":0.0,"damage_taken":6.0,"cards_obtained":["RitualDagger"]},{"damage_healed":0.0,"max_hp_gain":0.0,"max_hp_loss":0.0,"gold_gain":0.0,"event_name":"Tomb of Lord Red Mask","player_choice":"Ignored","floor":39.0,"gold_loss":0.0,"damage_taken":0.0},{"damage_healed":0.0,"max_hp_gain":0.0,"max_hp_loss":4.0,"gold_gain":0.0,"event_name":"Winding Halls","player_choice":"Max HP","floor":42.0,"gold_loss":0.0,"damage_taken":0.0},{"damage_healed":0.0,"max_hp_gain":0.0,"max_hp_loss":0.0,"gold_gain":0.0,"event_name":"MindBloom","player_choice":"Upgrade","floor":44.0,"gold_loss":0.0,"damage_taken":0.0,"cards_upgraded":["Defend_R","Defend_R","Defend_R","Bash","Searing Blow","Dual Wield","Shockwave","Anger","Offering","Ghostly Armor","RitualDagger","Immolate","Battle Trance"],"relics_obtained":["Mark of the Bloom"]},{"damage_healed":0,"gold_gain":0,"player_choice":"Ignored","damage_taken":0,"max_hp_gain":0,"max_hp_loss":0,"event_name":"Transmorgrifier","floor":46,"gold_loss":0}],"is_beta":true,"boss_relics":[{"not_picked":["Mark of Pain","Empty Cage"],"picked":"Ectoplasm"},{"not_picked":["Pandora\u0027s Box","Calling Bell"],"picked":"Cursed Key"}],"items_purged_floors":[37],"is_endless":false,"potions_floor_spawned":[5,10,12,18,21,24,35,36,41,48],"ascension_level":8}