{"gold_per_floor":[112,112,126,138,157,157,186,201,228,228,256,267,267,283,283,359,359,370,330,272,297,277,277,306,324,324,324,272,322,322,340,340,340],"floor_reached":33,"playtime":1156,"items_purged":[],"score":550,"play_id":"e81978cc-7ed5-4e74-8564-b2fa0fdc8cef","local_time":"20180916092121","is_ascension_mode":true,"campfire_choices":[{"data":"Dualcast","floor":6.0,"key":"SMITH"},{"data":"Darkness","floor":10.0,"key":"SMITH"},{"data":"Hologram","floor":15.0,"key":"SMITH"},{"floor":23.0,"key":"REST"},{"floor":27.0,"key":"REST"},{"floor":30.0,"key":"REST"},{"data":"Darkness","floor":32.0,"key":"SMITH"}],"neow_cost":"NONE","seed_source_timestamp":0,"circlet_count":0,"master_deck":["Strike_B","Strike_B","Strike_B","Strike_B","Defend_B+1","Defend_B","Defend_B","Defend_B+1","Zap+1","Dualcast+1","AscendersBane","Cold Snap","Darkness+1","Hologram+1","Beam Cell","Streamline","BootSequence","Glacier","Reboot","Reboot","Ball Lightning","Loop","Turbo","Stack+1","FTL","All For One","Compile Driver","Darkness+1"],"special_seed":0,"relics":["Cracked Core","Du-Vu Doll","War Paint","DataDisk","Black Star","Red Mask","PreservedInsect","Bag of Marbles","Letter Opener"],"potions_floor_usage":[],"damage_taken":[{"damage":1.0,"enemies":"Cultist","floor":1.0,"turns":3.0},{"damage":5.0,"enemies":"Jaw Worm","floor":3.0,"turns":3.0},{"damage":3.0,"enemies":"Small Slimes","floor":4.0,"turns":2.0},{"damage":4.0,"enemies":"Looter","floor":5.0,"turns":3.0},{"damage":6.0,"enemies":"Gremlin Nob","floor":7.0,"turns":3.0},{"damage":1.0,"enemies":"3 Louse","floor":8.0,"turns":4.0},{"damage":17.0,"enemies":"3 Sentries","floor":11.0,"turns":5.0},{"damage":0.0,"enemies":"Red Slaver","floor":12.0,"turns":2.0},{"damage":0.0,"enemies":"2 Fungi Beasts","floor":14.0,"turns":2.0},{"damage":18.0,"enemies":"Slime Boss","floor":16.0,"turns":6.0},{"damage":5.0,"enemies":"Spheric Guardian","floor":18.0,"turns":5.0},{"damage":32.0,"enemies":"Masked Bandits","floor":21.0,"turns":4.0},{"damage":41.0,"enemies":"Slavers","floor":24.0,"turns":8.0},{"damage":4.0,"enemies":"Chosen","floor":25.0,"turns":4.0},{"damage":13.0,"enemies":"Snake Plant","floor":31.0,"turns":4.0},{"damage":45,"enemies":"Automaton","floor":33,"turns":6}],"seed_played":"8252650729325311090","potions_obtained":[{"floor":4.0,"key":"Fire Potion"},{"floor":5.0,"key":"Energy Potion"},{"floor":21.0,"key":"Swift Potion"},{"floor":22.0,"key":"SkillPotion"}],"is_trial":false,"path_per_floor":["M","$","M","M","M","R","E","M","T","R","E","M","?","M","R","B",null,"M","$","$","?","?","R","E","M","T","R","$","?","R","M","R"],"character_chosen":"DEFECT","items_purchased":["Loop","Turbo","Compile Driver"],"campfire_rested":3,"item_purchase_floors":[19,20,28],"current_hp_per_floor":[63,63,58,55,51,51,45,44,44,44,27,27,71,71,71,53,67,62,62,62,30,30,51,10,6,6,27,27,27,48,35,35,0],"gold":340,"neow_bonus":"UPGRADE_CARD","is_prod":false,"is_daily":false,"chose_seed":false,"campfire_upgraded":4,"win_rate":0,"timestamp":1537060881,"path_taken":["M","?","M","M","M","R","E","M","T","R","E","M","?","M","R","BOSS","M","?","$","?","?","R","E","M","T","R","$","?","R","?","R","BOSS"],"build_version":"2018-09-12","purchased_purges":0,"victory":false,"max_hp_per_floor":[71,71,71,71,71,71,71,71,71,71,71,71,71,71,71,71,71,71,71,71,71,71,71,71,71,71,71,71,71,71,71,71,71],"card_choices":[{"not_picked":["Rebound","Turbo"],"picked":"Cold Snap","floor":1.0},{"not_picked":["Chaos","Coolheaded"],"picked":"Darkness","floor":3.0},{"not_picked":["Rebound","Conserve Battery"],"picked":"Hologram","floor":4.0},{"not_picked":["Scrape","Barrage"],"picked":"Beam Cell","floor":5.0},{"not_picked":["Coolheaded","Stack"],"picked":"Fusion","floor":7.0},{"not_picked":["Steam Power","Stack"],"picked":"Streamline","floor":8.0},{"not_picked":["Sweeping Beam","Beam Cell"],"picked":"BootSequence","floor":11.0},{"not_picked":["Gash","Hello World"],"picked":"Glacier","floor":12.0},{"not_picked":["Loop","Go for the Eyes"],"picked":"Reboot","floor":14.0},{"not_picked":["Meteor Strike","Hyperbeam"],"picked":"Reboot","floor":16.0},{"not_picked":["Compile Driver","Turbo"],"picked":"Ball Lightning","floor":18.0},{"not_picked":["Streamline","Beam Cell"],"picked":"Stack+1","floor":21.0},{"not_picked":["Leap","Hologram"],"picked":"FTL","floor":24.0},{"not_picked":["Coolheaded","Redo"],"picked":"All For One","floor":25.0},{"not_picked":["Sweeping Beam","Doom and Gloom"],"picked":"Darkness","floor":31.0}],"player_experience":349133,"relics_obtained":[{"floor":7.0,"key":"Du-Vu Doll"},{"floor":9.0,"key":"War Paint"},{"floor":11.0,"key":"DataDisk"},{"floor":21.0,"key":"Red Mask"},{"floor":24.0,"key":"PreservedInsect"},{"floor":24.0,"key":"Bag of Marbles"},{"floor":26.0,"key":"Letter Opener"}],"event_choices":[{"event_name":"Bonfire Elementals","player_choice":"UNCOMMON","floor":13.0,"damage_taken":0.0},{"event_name":"Masked Bandits","player_choice":"Fought Bandits","floor":21.0,"damage_taken":0.0},{"event_name":"The Woman in Blue","player_choice":"Bought 1 Potion","floor":22.0,"damage_taken":0.0},{"event_name":"Nest","player_choice":"Stole From Cult","floor":29.0,"damage_taken":0.0}],"is_beta":true,"boss_relics":[{"not_picked":["Pandora\u0027s Box","Runic Pyramid"],"picked":"Black Star"}],"items_purged_floors":[],"is_endless":false,"potions_floor_spawned":[4,5,7,11,12,14,21],"killed_by":"Automaton","ascension_level":20}