{"gold_per_floor":[217,233,213,232,40,74,34,34,84,118,118,80,80,96,96,96],"floor_reached":16,"playtime":596,"items_purged":["Strike_G"],"score":216,"play_id":"7aba940c-c37e-4b2c-9e18-74a3f9024268","local_time":"20190222220114","is_ascension_mode":true,"campfire_choices":[{"data":"Flechettes","floor":8.0,"key":"SMITH"},{"data":"Well Laid Plans","floor":11.0,"key":"SMITH"},{"floor":15,"key":"REST"}],"neow_cost":"NONE","seed_source_timestamp":11043239064829,"circlet_count":0,"master_deck":["AscendersBane","Defend_G","Defend_G","Defend_G","Defend_G","Defend_G","Strike_G","Strike_G","Strike_G","Strike_G","Survivor","Neutralize","Backflip","Flechettes+1","Well Laid Plans+1","Masterful Stab","Blur"],"special_seed":0,"relics":["Ring of the Snake","Happy Flower","Oddly Smooth Stone","Pear"],"potions_floor_usage":[16],"damage_taken":[{"damage":9.0,"enemies":"Jaw Worm","floor":1.0,"turns":6.0},{"damage":3.0,"enemies":"Cultist","floor":2.0,"turns":5.0},{"damage":0.0,"enemies":"2 Louse","floor":4.0,"turns":3.0},{"damage":25.0,"enemies":"Lagavulin","floor":6.0,"turns":6.0},{"damage":4.0,"enemies":"Looter","floor":7.0,"turns":4.0},{"damage":17.0,"enemies":"Gremlin Nob","floor":10.0,"turns":4.0},{"damage":5,"enemies":"Exordium Thugs","floor":14,"turns":4},{"damage":38,"enemies":"Slime Boss","floor":16,"turns":10}],"seed_played":"-2532248268554305053","potions_obtained":[{"floor":1.0,"key":"PowerPotion"},{"floor":3.0,"key":"SmokeBomb"},{"floor":10.0,"key":"Swift Potion"}],"is_trial":false,"path_per_floor":["M","M","?","M","$","E","M","R","T","E","R","?","?","M","R","B"],"character_chosen":"THE_SILENT","items_purchased":["Flechettes","Well Laid Plans"],"campfire_rested":1,"item_purchase_floors":[5,5],"current_hp_per_floor":[50,47,47,47,47,22,18,18,18,11,11,11,11,6,28,0],"gold":96,"neow_bonus":"HUNDRED_GOLD","is_prod":false,"is_daily":false,"chose_seed":false,"campfire_upgraded":2,"win_rate":0,"timestamp":1550844074,"path_taken":["M","M","?","M","$","E","?","R","T","E","R","?","?","M","R","BOSS"],"build_version":"2019-02-06","purchased_purges":1,"victory":false,"max_hp_per_floor":[66,66,66,66,66,66,66,66,66,76,76,76,76,76,76,76],"card_choices":[{"not_picked":["Bane","Endless Agony","Flying Knee"],"picked":"SKIP","floor":1.0},{"not_picked":["Dagger Throw","Flying Knee"],"picked":"Backflip","floor":2.0},{"not_picked":["Infinite Blades","Underhanded Strike","PiercingWail"],"picked":"SKIP","floor":4.0},{"not_picked":["Poisoned Stab","Sucker Punch","Slice"],"picked":"SKIP","floor":6.0},{"not_picked":["Dagger Throw","Well Laid Plans"],"picked":"Masterful Stab","floor":7.0},{"not_picked":["Dodge and Roll","Prepared","Storm of Steel"],"picked":"SKIP","floor":10.0},{"not_picked":["PiercingWail","Sucker Punch"],"picked":"Blur","floor":14}],"player_experience":807180,"relics_obtained":[{"floor":6.0,"key":"Happy Flower"},{"floor":9.0,"key":"Oddly Smooth Stone"},{"floor":10.0,"key":"Pear"}],"event_choices":[{"damage_healed":0.0,"max_hp_gain":0.0,"max_hp_loss":0.0,"gold_gain":0.0,"event_name":"The Woman in Blue","player_choice":"Bought 1 Potion","floor":3.0,"gold_loss":0.0,"damage_taken":0.0},{"damage_healed":0.0,"max_hp_gain":0.0,"max_hp_loss":0.0,"gold_gain":0.0,"event_name":"World of Goop","player_choice":"Left Gold","floor":12.0,"gold_loss":38.0,"damage_taken":0.0},{"damage_healed":0,"gold_gain":0,"player_choice":"Leave","damage_taken":0,"max_hp_gain":0,"max_hp_loss":0,"event_name":"FaceTrader","floor":13,"gold_loss":0}],"is_beta":true,"boss_relics":[],"items_purged_floors":[5],"is_endless":false,"potions_floor_spawned":[1,4,10],"killed_by":"Slime Boss","ascension_level":20}