{"gold_per_floor":[113,113,38,54,54,54,81,99,99,114,14,43,43,57,57,131,131,151,151,170,29,48,48,59,59,59,59,59,59,79,94,94,167,167,186,186,286,286,312,312,339,147,174,193,53,65,80,99,99,99],"floor_reached":51,"playtime":2620,"items_purged":["Strike_R","Strike_R","Strike_R","Perfected Strike+1","Bash+1"],"score":1538,"play_id":"d2979c89-e44e-4616-a998-a9585c3d430c","local_time":"20190210034057","is_ascension_mode":true,"campfire_choices":[{"data":"Armaments","floor":6.0,"key":"SMITH"},{"data":"Whirlwind","floor":13.0,"key":"SMITH"},{"data":"True Grit","floor":15.0,"key":"SMITH"},{"floor":23.0,"key":"REST"},{"data":"Double Tap","floor":25.0,"key":"SMITH"},{"data":"Havoc","floor":28.0,"key":"SMITH"},{"data":"Second Wind","floor":32.0,"key":"SMITH"},{"data":"Burning Pact","floor":40.0,"key":"SMITH"},{"data":"Impatience","floor":49,"key":"SMITH"}],"neow_cost":"NONE","seed_source_timestamp":0,"circlet_count":0,"master_deck":["AscendersBane","Defend_R","Defend_R","Defend_R","Defend_R","Offering","Armaments+1","Whirlwind+1","True Grit+1","Double Tap+1","Pommel Strike+1","Shrug It Off","Havoc+1","Second Wind+1","Burning Pact+1","Impatience+1","Parasite"],"special_seed":0,"relics":["Black Blood","Sundial","Boot","Singing Bowl","The Courier","Empty Cage","Bird Faced Urn","Charon\u0027s Ashes","Whetstone","Oddly Smooth Stone","Dream Catcher"],"potions_floor_usage":[48,50],"damage_taken":[{"damage":13.0,"enemies":"2 Louse","floor":1.0,"turns":3.0},{"damage":7.0,"enemies":"Cultist","floor":4.0,"turns":4.0},{"damage":19.0,"enemies":"Gremlin Nob","floor":7.0,"turns":3.0},{"damage":8.0,"enemies":"Jaw Worm","floor":8.0,"turns":3.0},{"damage":12.0,"enemies":"Blue Slaver","floor":10.0,"turns":3.0},{"damage":25.0,"enemies":"Lagavulin","floor":12.0,"turns":6.0},{"damage":6.0,"enemies":"Large Slime","floor":14.0,"turns":4.0},{"damage":11.0,"enemies":"Slime Boss","floor":16.0,"turns":7.0},{"damage":6.0,"enemies":"3 Byrds","floor":18.0,"turns":1.0},{"damage":35.0,"enemies":"Spheric Guardian","floor":20.0,"turns":8.0},{"damage":6.0,"enemies":"3 Cultists","floor":22.0,"turns":2.0},{"damage":8.0,"enemies":"Snecko","floor":24.0,"turns":3.0},{"damage":25.0,"enemies":"Chosen and Byrds","floor":30.0,"turns":5.0},{"damage":9.0,"enemies":"Snake Plant","floor":31.0,"turns":3.0},{"damage":20.0,"enemies":"Champ","floor":33.0,"turns":7.0},{"damage":10.0,"enemies":"3 Darklings","floor":35.0,"turns":4.0},{"damage":6.0,"enemies":"Mind Bloom Boss Battle","floor":37.0,"turns":2.0},{"damage":6,"enemies":"Nemesis","floor":41,"turns":5},{"damage":6,"enemies":"3 Shapes","floor":44,"turns":3},{"damage":6,"enemies":"Jaw Worm Horde","floor":46,"turns":2},{"damage":0,"enemies":"Writhing Mass","floor":47,"turns":4},{"damage":6,"enemies":"4 Shapes","floor":48,"turns":2},{"damage":6,"enemies":"Donu and Deca","floor":50,"turns":3}],"seed_played":"2842288955064055324","potions_obtained":[{"floor":2.0,"key":"Block Potion"},{"floor":2.0,"key":"PowerPotion"},{"floor":12.0,"key":"Energy Potion"},{"floor":16.0,"key":"Explosive Potion"},{"floor":18.0,"key":"Regen Potion"},{"floor":22.0,"key":"Poison Potion"},{"floor":47,"key":"Swift Potion"}],"is_trial":false,"path_per_floor":["M","?","$","M","?","R","E","M","T","M","$","E","R","M","R","B",null,"M","?","M","$","M","R","M","R","T","?","R","?","M","M","R","B",null,"M","?","?","?","T","R","E","$","T","M","$","M","M","M","R","B",null],"character_chosen":"IRONCLAD","items_purchased":["Shrug It Off","Impatience"],"campfire_rested":1,"item_purchase_floors":[21,42],"current_hp_per_floor":[61,61,61,60,55,55,42,40,40,34,34,17,17,19,19,14,63,63,40,13,13,15,41,41,41,41,41,41,41,24,21,21,9,73,75,75,79,81,81,81,87,87,87,93,93,99,101,103,103,103],"gold":99,"neow_bonus":"ONE_RANDOM_RARE_CARD","is_prod":false,"is_daily":false,"chose_seed":false,"campfire_upgraded":8,"win_rate":0,"timestamp":1549741257,"path_taken":["M","?","$","M","?","R","E","M","T","M","$","E","R","M","R","BOSS","M","?","M","$","M","R","M","R","T","?","R","?","?","M","R","BOSS","M","?","?","?","?","R","E","?","T","M","$","M","M","M","R","BOSS"],"build_version":"2019-02-06","purchased_purges":5,"victory":true,"max_hp_per_floor":[75,75,75,75,75,75,75,75,75,75,75,77,77,79,79,79,79,79,84,86,86,88,88,90,90,90,90,90,90,92,92,92,94,94,96,91,91,93,93,93,95,95,95,97,97,99,101,103,103,103],"card_choices":[{"not_picked":["Intimidate","Heavy Blade"],"picked":"Armaments","floor":1.0},{"not_picked":["Dropkick","Battle Trance"],"picked":"Perfected Strike","floor":4.0},{"not_picked":["Body Slam","Reckless Charge"],"picked":"Whirlwind","floor":7.0},{"not_picked":["Cleave","Dropkick","Anger"],"picked":"SKIP","floor":8.0},{"not_picked":["Havoc","Shrug It Off"],"picked":"True Grit","floor":10.0},{"not_picked":["Metallicize","Sever Soul","Corruption"],"picked":"Singing Bowl","floor":12.0},{"not_picked":["Armaments","Fire Breathing","Hemokinesis"],"picked":"Singing Bowl","floor":14.0},{"not_picked":["Bludgeon","Barricade"],"picked":"Double Tap","floor":16.0},{"not_picked":["Iron Wave","Blood for Blood+1"],"picked":"Pommel Strike+1","floor":18.0},{"not_picked":["Infernal Blade","Pommel Strike","True Grit"],"picked":"Singing Bowl","floor":20.0},{"not_picked":["Clothesline","Searing Blow","Heavy Blade"],"picked":"Singing Bowl","floor":22.0},{"not_picked":["Twin Strike","Power Through","Pommel Strike"],"picked":"Singing Bowl","floor":24.0},{"not_picked":["Clash","Uppercut","True Grit"],"picked":"Singing Bowl","floor":30.0},{"not_picked":["Clash","Thunderclap+1"],"picked":"Second Wind","floor":31.0},{"not_picked":["Bludgeon","Brutality","Barricade"],"picked":"Singing Bowl","floor":33.0},{"not_picked":["Havoc","Entrench","Shrug It Off+1"],"picked":"Singing Bowl","floor":35.0},{"not_picked":["Havoc","Evolve"],"picked":"Burning Pact","floor":37.0},{"not_picked":["Swift Strike","Panacea","Transmutation"],"picked":"Singing Bowl","floor":38.0},{"not_picked":["Headbutt","Reaper","Thunderclap+1"],"picked":"Singing Bowl","floor":41},{"not_picked":["Shockwave+1","Armaments","Twin Strike+1"],"picked":"Singing Bowl","floor":44},{"not_picked":["Havoc+1","Warcry+1","True Grit"],"picked":"Singing Bowl","floor":46},{"not_picked":["Flex","Fire Breathing+1","Combust"],"picked":"Singing Bowl","floor":47},{"not_picked":["Corruption","Shrug It Off","Pommel Strike"],"picked":"Singing Bowl","floor":48}],"player_experience":770309,"relics_obtained":[{"floor":7.0,"key":"Boot"},{"floor":9.0,"key":"Singing Bowl"},{"floor":12.0,"key":"The Courier"},{"floor":26.0,"key":"Bird Faced Urn"},{"floor":37.0,"key":"Charon\u0027s Ashes"},{"floor":39.0,"key":"Whetstone"},{"floor":41,"key":"Oddly Smooth Stone"},{"floor":43,"key":"Dream Catcher"}],"event_choices":[{"damage_healed":0.0,"max_hp_gain":0.0,"max_hp_loss":0.0,"gold_gain":0.0,"event_name":"Lab","player_choice":"Got Potions","floor":2.0,"gold_loss":0.0,"damage_taken":0.0},{"damage_healed":0.0,"max_hp_gain":0.0,"max_hp_loss":0.0,"gold_gain":0.0,"event_name":"Scrap Ooze","player_choice":"Success","floor":5.0,"gold_loss":0.0,"damage_taken":5.0,"relics_obtained":["Sundial"]},{"damage_healed":0.0,"max_hp_gain":5.0,"max_hp_loss":0.0,"gold_gain":0.0,"event_name":"Forgotten Altar","player_choice":"Shed Blood","floor":19.0,"gold_loss":0.0,"damage_taken":28.0},{"damage_healed":0.0,"max_hp_gain":0.0,"max_hp_loss":0.0,"gold_gain":0.0,"event_name":"The Library","player_choice":"Read","floor":27.0,"gold_loss":0.0,"damage_taken":0.0,"cards_obtained":["Havoc"]},{"damage_healed":0.0,"max_hp_gain":0.0,"max_hp_loss":0.0,"gold_gain":0.0,"event_name":"N\u0027loth","player_choice":"Ignored","floor":29.0,"gold_loss":0.0,"damage_taken":0.0},{"damage_healed":0.0,"max_hp_gain":0.0,"max_hp_loss":5.0,"gold_gain":0.0,"event_name":"Winding Halls","player_choice":"Max HP","floor":36.0,"gold_loss":0.0,"damage_taken":0.0},{"damage_healed":0.0,"max_hp_gain":0.0,"max_hp_loss":0.0,"gold_gain":0.0,"event_name":"MindBloom","player_choice":"Fight","floor":37.0,"gold_loss":0.0,"damage_taken":0.0},{"damage_healed":0.0,"max_hp_gain":0.0,"max_hp_loss":0.0,"gold_gain":0.0,"event_name":"SensoryStone","player_choice":"Memory 1","floor":38.0,"gold_loss":0.0,"damage_taken":0.0}],"is_beta":true,"boss_relics":[{"not_picked":["Eternal Feather","Tiny House"],"picked":"Empty Cage"},{"not_picked":["White Beast Statue","Runic Cube"],"picked":"Black Blood"}],"items_purged_floors":[3,11,21,42,45],"is_endless":false,"potions_floor_spawned":[4,8,12,16,18,22,30,33,41,44,47],"ascension_level":17}