{"gold_per_floor":[368,72,72,88,88,88,163,163,163,178,178,0,32,51,51,51],"floor_reached":16,"playtime":387,"items_purged":["Strike_B"],"score":196,"play_id":"309acdc7-a88e-4cf0-a863-b342529fc6fa","local_time":"20190616122003","is_ascension_mode":true,"campfire_choices":[{"data":"Consume","floor":6.0,"key":"SMITH"},{"data":"Zap","floor":8.0,"key":"SMITH"},{"floor":11.0,"key":"REST"},{"data":"Gash","floor":15.0,"key":"SMITH"}],"neow_cost":"TEN_PERCENT_HP_LOSS","seed_source_timestamp":1478741651507,"circlet_count":0,"master_deck":["AscendersBane","Strike_B","Strike_B","Strike_B","Defend_B","Defend_B+1","Defend_B","Defend_B","Zap+1","Dualcast+1","Consume+1","All For One","Gash+1","Turbo"],"special_seed":0,"relics":["Cracked Core","ClockworkSouvenir","Regal Pillow"],"potions_floor_usage":[16],"damage_taken":[{"damage":1.0,"enemies":"Cultist","floor":1.0,"turns":3.0},{"damage":0.0,"enemies":"2 Louse","floor":4.0,"turns":3.0},{"damage":0.0,"enemies":"Jaw Worm","floor":10.0,"turns":3.0},{"damage":25.0,"enemies":"3 Sentries","floor":13.0,"turns":4.0},{"damage":15.0,"enemies":"Large Slime","floor":14.0,"turns":5.0},{"damage":34,"enemies":"The Guardian","floor":16,"turns":8}],"seed_played":"4694963656363432358","potions_obtained":[{"floor":1.0,"key":"AttackPotion"},{"floor":13.0,"key":"Regen Potion"}],"is_trial":false,"path_per_floor":["M","$","?","M","?","R","?","R","T","M","R","$","E","M","R","B"],"character_chosen":"DEFECT","items_purchased":["ClockworkSouvenir","All For One"],"campfire_rested":1,"item_purchase_floors":[2,12],"current_hp_per_floor":[63,63,44,44,49,49,38,38,38,38,58,58,33,18,18,0],"gold":51,"neow_bonus":"TWO_FIFTY_GOLD","is_prod":false,"is_daily":false,"chose_seed":false,"campfire_upgraded":3,"win_rate":0,"timestamp":1560658803,"path_taken":["M","$","?","M","?","R","?","R","T","M","R","$","E","M","R","BOSS"],"build_version":"2019-01-23","purchased_purges":1,"victory":false,"max_hp_per_floor":[64,64,64,64,69,69,69,69,69,69,69,69,69,69,69,69],"card_choices":[{"not_picked":["Go for the Eyes","Compile Driver","Streamline"],"picked":"SKIP","floor":1.0},{"not_picked":["Rebound","Fusion"],"picked":"Consume","floor":4.0},{"not_picked":["Consume","Rebound","Conserve Battery"],"picked":"SKIP","floor":10.0},{"not_picked":["Go for the Eyes","Machine Learning"],"picked":"Gash","floor":13.0},{"not_picked":["FTL","Go for the Eyes"],"picked":"Turbo","floor":14.0}],"player_experience":993851,"relics_obtained":[{"floor":13.0,"key":"Regal Pillow"}],"event_choices":[{"damage_healed":0.0,"max_hp_gain":0.0,"max_hp_loss":0.0,"gold_gain":0.0,"event_name":"Shining Light","player_choice":"Entered Light","floor":3.0,"gold_loss":0.0,"damage_taken":19.0,"cards_upgraded":["Defend_B","Dualcast"]},{"damage_healed":0.0,"max_hp_gain":5.0,"max_hp_loss":0.0,"gold_gain":0.0,"event_name":"Big Fish","player_choice":"Donut","floor":5.0,"gold_loss":0.0,"damage_taken":0.0},{"damage_healed":0.0,"max_hp_gain":0.0,"max_hp_loss":0.0,"gold_gain":75.0,"event_name":"World of Goop","player_choice":"Gather Gold","floor":7.0,"gold_loss":0.0,"damage_taken":11.0}],"is_beta":false,"boss_relics":[],"items_purged_floors":[2],"is_endless":false,"potions_floor_spawned":[1,13],"killed_by":"The Guardian","ascension_level":20}