{"gold_per_floor":[112,124,142,142,161,161,12,26,52,83,95,107,119,131,143,155],"floor_reached":16,"playtime":504,"items_purged":[],"score":156,"play_id":"3d4f6227-0c0b-40d1-93d4-f7e39540fe22","local_time":"20180907223016","is_ascension_mode":true,"campfire_choices":[{"floor":6,"key":"REST"},{"data":"Tempest","floor":11,"key":"SMITH"},{"data":"Seek","floor":13,"key":"SMITH"},{"floor":15,"key":"REST"}],"neow_cost":"NONE","seed_source_timestamp":11032999525427,"circlet_count":0,"master_deck":["Strike_B","Strike_B","Strike_B","Strike_B","Defend_B","Defend_B","Defend_B","Defend_B","Zap","Dualcast","AscendersBane","Seek+1","Tempest+1","Streamline","Static Discharge","Leap+1","Sunder","Self Repair","Glacier","Go for the Eyes+1","Decay"],"special_seed":0,"relics":["Cracked Core","Anchor","MawBank"],"potions_floor_usage":[],"damage_taken":[{"damage":2,"enemies":"Jaw Worm","floor":1,"turns":3},{"damage":17,"enemies":"Small Slimes","floor":2,"turns":3},{"damage":6,"enemies":"2 Louse","floor":3,"turns":2},{"damage":28,"enemies":"Exordium Thugs","floor":5,"turns":4},{"damage":0,"enemies":"3 Louse","floor":8,"turns":3},{"damage":11,"enemies":"2 Fungi Beasts","floor":10,"turns":3},{"damage":32,"enemies":"Slime Boss","floor":16,"turns":13}],"seed_played":"1378741799429632277","potions_obtained":[{"floor":1,"key":"FocusPotion"},{"floor":5,"key":"SpeedPotion"}],"is_trial":false,"path_per_floor":["M","M","M","?","M","R","$","M","T","M","R","?","R","?","R"],"character_chosen":"DEFECT","items_purchased":["Sunder","Self Repair"],"campfire_rested":2,"item_purchase_floors":[7,7],"current_hp_per_floor":[62,45,39,36,8,29,29,36,36,25,25,25,25,11,32,0],"gold":155,"neow_bonus":"ONE_RANDOM_RARE_CARD","is_prod":false,"is_daily":false,"chose_seed":false,"campfire_upgraded":2,"win_rate":0,"timestamp":1536330616,"path_taken":["M","M","M","?","M","R","$","M","T","M","R","?","R","?","R","BOSS"],"build_version":"2018-09-06","purchased_purges":0,"victory":false,"max_hp_per_floor":[71,71,71,71,71,71,71,71,71,71,71,71,71,71,71,71],"card_choices":[{"not_picked":["Rip and Tear","Steam"],"picked":"Tempest","floor":1},{"not_picked":["Self Repair","Go for the Eyes"],"picked":"Streamline","floor":2},{"not_picked":["Rebound","Force Field"],"picked":"Static Discharge","floor":3},{"not_picked":["Heatsinks","Hologram"],"picked":"Leap","floor":5},{"not_picked":["Barrage","Core Surge"],"picked":"Glacier","floor":8},{"not_picked":["Cold Snap","Barrage"],"picked":"Go for the Eyes","floor":10}],"player_experience":305670,"relics_obtained":[{"floor":9,"key":"MawBank"}],"event_choices":[{"event_name":"Scrap Ooze","player_choice":"success","floor":4,"damage_taken":3},{"event_name":"Wheel of Change","player_choice":"Curse","floor":12,"damage_taken":0},{"event_name":"Shining Light","player_choice":"Entered Light","floor":14,"damage_taken":0}],"is_beta":true,"boss_relics":[],"items_purged_floors":[],"is_endless":false,"potions_floor_spawned":[1,5,10],"killed_by":"Slime Boss","ascension_level":14}