{"gold_per_floor":[116,191,141,159,179,207,107,137,137,137,137,153,17,28,28,100,100,111,126,136,136,146,146],"floor_reached":23,"playtime":1164,"items_purged":["Strike_B","Strike_B"],"score":430,"play_id":"8d808a33-cd5d-49bf-98c3-cb6a16079380","local_time":"20180907221038","is_ascension_mode":true,"campfire_choices":[{"floor":10.0,"key":"REST"},{"floor":15.0,"key":"REST"}],"neow_cost":"NONE","seed_source_timestamp":0,"circlet_count":0,"master_deck":["Strike_B+1","Defend_B+1","Defend_B+1","Defend_B+1","Defend_B+1","Zap","Dualcast+1","AscendersBane","Barrage","Doom and Gloom+1","Ball Lightning","Darkness","Coolheaded","Darkness","Glacier","Rainbow","Redo","Reboot","Sunder+1","Glacier","Steam","Loop"],"special_seed":0,"relics":["Cracked Core","NeowsBlessing","Boot","Dead Branch","The Courier","Snecko Eye"],"potions_floor_usage":[23,23],"damage_taken":[{"damage":0.0,"enemies":"2 Louse","floor":1.0,"turns":1.0},{"damage":0.0,"enemies":"Jaw Worm","floor":4.0,"turns":1.0},{"damage":0.0,"enemies":"Small Slimes","floor":5.0,"turns":1.0},{"damage":35.0,"enemies":"Lagavulin","floor":6.0,"turns":5.0},{"damage":8.0,"enemies":"Gremlin Nob","floor":8.0,"turns":3.0},{"damage":15.0,"enemies":"Exordium Wildlife","floor":12.0,"turns":3.0},{"damage":0.0,"enemies":"Lots of Slimes","floor":14.0,"turns":1.0},{"damage":0.0,"enemies":"Slime Boss","floor":16.0,"turns":6.0},{"damage":13,"enemies":"Chosen","floor":18,"turns":4},{"damage":32,"enemies":"2 Thieves","floor":19,"turns":3},{"damage":14,"enemies":"Centurion and Healer","floor":20,"turns":5},{"damage":0,"enemies":"Chosen and Byrds","floor":22,"turns":5},{"damage":6,"enemies":"Gremlin Leader","floor":23,"turns":2}],"seed_played":"-6099786750755434690","potions_obtained":[{"floor":4.0,"key":"FearPotion"},{"floor":6.0,"key":"Fruit Juice"},{"floor":16.0,"key":"FocusPotion"},{"floor":19,"key":"Dexterity Potion"}],"is_trial":false,"path_per_floor":["M","?","?","M","M","E","$","E","T","R","?","M","$","M","R","B",null,"M","M","M","?","M"],"character_chosen":"DEFECT","items_purchased":["Coolheaded","Rainbow"],"campfire_rested":2,"item_purchase_floors":[7,13],"current_hp_per_floor":[64,53,53,53,53,23,23,15,15,37,22,7,7,7,29,29,64,51,19,5,5,5,0],"gold":146,"neow_bonus":"THREE_ENEMY_KILL","is_prod":false,"is_daily":false,"chose_seed":false,"campfire_upgraded":0,"win_rate":0,"timestamp":1536329438,"path_taken":["M","?","?","M","?","E","?","E","T","R","?","M","$","M","R","BOSS","M","M","?","?","?","E"],"build_version":"2018-09-06","purchased_purges":2,"victory":false,"max_hp_per_floor":[71,71,71,71,71,76,76,76,76,76,76,76,76,76,76,76,76,76,76,76,76,76,76],"card_choices":[{"not_picked":["Beam Cell","Gash"],"picked":"Barrage","floor":1.0},{"not_picked":["Scrape","Barrage"],"picked":"Doom and Gloom","floor":4.0},{"not_picked":["Consume","Rebound"],"picked":"Ball Lightning","floor":5.0},{"not_picked":["FTL","Genetic Algorithm"],"picked":"Darkness","floor":6.0},{"not_picked":["Consume","Reinforced Body"],"picked":"Darkness","floor":8.0},{"not_picked":["Chill","Doom and Gloom"],"picked":"Glacier","floor":12.0},{"not_picked":["Fusion","Scrape"],"picked":"Redo","floor":14.0},{"not_picked":["Seek","Rainbow"],"picked":"Reboot","floor":16.0},{"not_picked":["Beam Cell","Genetic Algorithm"],"picked":"Sunder+1","floor":18},{"not_picked":["Redo","Barrage"],"picked":"Glacier","floor":19},{"not_picked":["Gash","Cold Snap"],"picked":"Steam","floor":20},{"not_picked":["Barrage","Compile Driver"],"picked":"Loop","floor":22}],"player_experience":304046,"relics_obtained":[{"floor":6.0,"key":"Boot"},{"floor":8.0,"key":"Dead Branch"},{"floor":9.0,"key":"The Courier"}],"event_choices":[{"event_name":"World of Goop","player_choice":"Gather Gold","floor":2.0,"damage_taken":0.0},{"event_name":"The Cleric","player_choice":"Card Removal","floor":3.0,"damage_taken":0.0},{"event_name":"Shining Light","player_choice":"Entered Light","floor":11.0,"damage_taken":0.0},{"event_name":"Back to Basics","player_choice":"Simplicity","floor":21,"damage_taken":0}],"is_beta":true,"boss_relics":[{"not_picked":["Philosopher\u0027s Stone","Astrolabe"],"picked":"Snecko Eye"}],"items_purged_floors":[7,13],"is_endless":false,"potions_floor_spawned":[4,6,16,19],"killed_by":"Gremlin Leader","ascension_level":14}