{"gold_per_floor":[113,113,388,403,18,48,48,82,82,94,94,74,94,124,124,198,198,210,225,225],"floor_reached":20,"playtime":825,"items_purged":["Regret"],"score":438,"play_id":"e08f132d-93b6-4f7c-ad97-870deb4c3646","local_time":"20181128200748","is_ascension_mode":true,"campfire_choices":[{"data":"Dagger Spray","floor":7.0,"key":"SMITH"},{"data":"Neutralize","floor":11.0,"key":"SMITH"},{"floor":15,"key":"REST"}],"neow_cost":"NONE","seed_source_timestamp":4493416313747,"circlet_count":0,"master_deck":["AscendersBane","Defend_G","Defend_G","Defend_G+1","Defend_G","Defend_G","Strike_G","Strike_G","Strike_G","Strike_G","Strike_G","Survivor","Neutralize+1","Dagger Spray+1","Backflip","Master of Strategy+1","Setup","Tools of the Trade","Deadly Poison+1","Burst+1"],"special_seed":0,"relics":["Ring of the Snake","NeowsBlessing","The Courier","Toxic Egg 2","War Paint","Gremlin Horn","Busted Crown"],"potions_floor_usage":[14,14,16,20],"damage_taken":[{"damage":0.0,"enemies":"Cultist","floor":1.0,"turns":1.0},{"damage":0.0,"enemies":"Small Slimes","floor":4.0,"turns":1.0},{"damage":0.0,"enemies":"Lagavulin","floor":6.0,"turns":1.0},{"damage":25.0,"enemies":"3 Sentries","floor":8.0,"turns":7.0},{"damage":5.0,"enemies":"2 Louse","floor":10.0,"turns":4.0},{"damage":2.0,"enemies":"Exordium Thugs","floor":12.0,"turns":4.0},{"damage":3.0,"enemies":"Looter","floor":13.0,"turns":4.0},{"damage":28,"enemies":"Gremlin Nob","floor":14,"turns":5},{"damage":14,"enemies":"The Guardian","floor":16,"turns":12},{"damage":12,"enemies":"3 Byrds","floor":18,"turns":5},{"damage":6,"enemies":"Chosen","floor":19,"turns":5},{"damage":54,"enemies":"Shelled Parasite and Fungi","floor":20,"turns":6}],"seed_played":"-7896779775292072815","potions_obtained":[{"floor":10.0,"key":"SkillPotion"},{"floor":14,"key":"EssenceOfSteel"},{"floor":16,"key":"GamblersBrew"}],"is_trial":false,"path_per_floor":["M","M","?","?","M","$","E","R","E","T","M","R","M","M","E","R","B",null,"M","M","M"],"character_chosen":"THE_SILENT","items_purchased":["Master of Strategy","Setup","GhostInAJar"],"campfire_rested":1,"item_purchase_floors":[5,5,5],"current_hp_per_floor":[59,64,64,64,64,64,64,39,39,34,34,32,29,1,22,8,55,43,37,0],"gold":225,"neow_bonus":"THREE_ENEMY_KILL","is_prod":false,"is_daily":false,"chose_seed":false,"campfire_upgraded":2,"win_rate":0,"timestamp":1543406868,"path_taken":["M","?","?","M","$","E","R","E","T","M","R","?","?","E","R","BOSS","M","?","M"],"build_version":"2018-11-15","purchased_purges":1,"victory":false,"max_hp_per_floor":[66,71,71,71,71,71,71,71,71,71,71,71,71,71,71,71,71,71,71,71],"card_choices":[{"not_picked":["Sucker Punch","Unload"],"picked":"Dagger Spray","floor":1.0},{"not_picked":["Masterful Stab","Cloak And Dagger"],"picked":"Backflip","floor":4.0},{"not_picked":["Flying Knee","Backflip","Concentrate"],"picked":"SKIP","floor":6.0},{"not_picked":["Escape Plan","Dodge and Roll"],"picked":"Tools of the Trade","floor":8.0},{"not_picked":["Backflip+1","Outmaneuver+1","Flechettes"],"picked":"SKIP","floor":10.0},{"not_picked":["Blade Dance+1","Quick Slash","Backflip+1"],"picked":"SKIP","floor":12.0},{"not_picked":["Riddle With Holes","Cloak And Dagger+1"],"picked":"Deadly Poison+1","floor":13.0},{"not_picked":["Deadly Poison+1","Setup+1"],"picked":"Burst+1","floor":14},{"not_picked":["Eviscerate"],"picked":"SKIP","floor":18},{"not_picked":["Flying Knee"],"picked":"SKIP","floor":19}],"player_experience":575921,"relics_obtained":[{"floor":6.0,"key":"The Courier"},{"floor":8.0,"key":"Toxic Egg 2"},{"floor":9.0,"key":"War Paint"},{"floor":14,"key":"Gremlin Horn"}],"event_choices":[{"damage_healed":0.0,"max_hp_gain":5.0,"max_hp_loss":0.0,"gold_gain":0.0,"event_name":"Big Fish","player_choice":"Donut","floor":2.0,"gold_loss":0.0,"damage_taken":0.0},{"damage_healed":0.0,"max_hp_gain":0.0,"max_hp_loss":0.0,"gold_gain":275.0,"event_name":"Golden Shrine","player_choice":"Desecrate","floor":3.0,"gold_loss":0.0,"damage_taken":0.0,"cards_obtained":["Regret"]}],"is_beta":true,"boss_relics":[{"not_picked":["HoveringKite","Empty Cage"],"picked":"Busted Crown"}],"items_purged_floors":[5],"is_endless":false,"potions_floor_spawned":[10,13,14,16],"killed_by":"Shelled Parasite and Fungi","ascension_level":20}