{"gold_per_floor":[119,194,344,360,43,43,71,71,94,113,132,164,164,183,183,261,261,274,274,47,47,47,47,63,63,114,126,76,76,76,89,89,166,166,166],"floor_reached":35,"playtime":1104,"items_purged":["Doubt"],"score":776,"play_id":"c90e8947-c4ae-4521-8745-01bb0d95da3f","local_time":"20190106123921","is_ascension_mode":true,"campfire_choices":[{"data":"Magnetism","floor":6.0,"key":"SMITH"},{"data":"Zap","floor":8.0,"key":"SMITH"},{"data":"Dualcast","floor":13.0,"key":"SMITH"},{"floor":15.0,"key":"REST"},{"data":"Apotheosis","floor":23.0,"key":"SMITH"},{"data":"Reinforced Body","floor":25.0,"key":"SMITH"},{"data":"Consume","floor":29.0,"key":"SMITH"},{"floor":32.0,"key":"REST"}],"neow_cost":"NONE","seed_source_timestamp":4602877631702,"circlet_count":0,"master_deck":["AscendersBane","Strike_B","Strike_B","Strike_B","Strike_B","Defend_B+1","Defend_B+1","Defend_B","Defend_B","Zap+1","Dualcast+1","FTL","Magnetism+1","Biased Cognition","Streamline","Turbo","Ball Lightning","Reinforced Body+1","Leap","Echo Form","Apotheosis+1","Auto Shields","Loop+1","Consume+1","Tempest+1","Creative AI"],"special_seed":0,"relics":["Cracked Core","NeowsBlessing","Prayer Wheel","War Paint","Bird Faced Urn","White Beast Statue","DataDisk","Bronze Scales","Eternal Feather"],"potions_floor_usage":[],"damage_taken":[{"damage":0.0,"enemies":"2 Louse","floor":1.0,"turns":1.0},{"damage":0.0,"enemies":"Small Slimes","floor":4.0,"turns":1.0},{"damage":0.0,"enemies":"3 Sentries","floor":7.0,"turns":1.0},{"damage":2.0,"enemies":"Jaw Worm","floor":10.0,"turns":3.0},{"damage":6.0,"enemies":"2 Fungi Beasts","floor":11.0,"turns":2.0},{"damage":32.0,"enemies":"Lagavulin","floor":12.0,"turns":7.0},{"damage":16.0,"enemies":"Gremlin Gang","floor":14.0,"turns":4.0},{"damage":28.0,"enemies":"Hexaghost","floor":16.0,"turns":9.0},{"damage":12.0,"enemies":"Spheric Guardian","floor":18.0,"turns":4.0},{"damage":15.0,"enemies":"3 Byrds","floor":24.0,"turns":5.0},{"damage":27.0,"enemies":"Snake Plant","floor":27.0,"turns":4.0},{"damage":12.0,"enemies":"Snecko","floor":31.0,"turns":5.0},{"damage":44.0,"enemies":"Collector","floor":33.0,"turns":7.0},{"damage":36,"enemies":"3 Darklings","floor":35,"turns":4}],"seed_played":"-4512358265863342036","potions_obtained":[{"floor":4.0,"key":"SpeedPotion"},{"floor":14.0,"key":"Strength Potion"},{"floor":18.0,"key":"PowerPotion"},{"floor":31.0,"key":"Dexterity Potion"},{"floor":33.0,"key":"PowerPotion"}],"is_trial":false,"path_per_floor":["M","?","?","M","$","R","E","R","T","M","M","E","R","M","R","B",null,"M","?","$","?","?","R","M","R","T","M","?","R","$","M","R","B",null,"M"],"character_chosen":"DEFECT","items_purchased":["Hello World","Magnetism","Apotheosis","Auto Shields"],"campfire_rested":2,"item_purchase_floors":[5,5,20,20],"current_hp_per_floor":[64,53,53,53,53,53,53,53,53,51,45,13,13,3,24,2,54,48,48,48,48,71,71,60,60,60,41,41,41,41,37,58,24,59,27],"gold":166,"neow_bonus":"THREE_ENEMY_KILL","is_prod":false,"is_daily":false,"chose_seed":false,"campfire_upgraded":6,"win_rate":0,"timestamp":1546749561,"path_taken":["M","?","?","M","$","R","E","R","T","M","M","E","R","M","R","BOSS","M","?","$","?","?","R","M","R","T","?","?","R","$","M","R","BOSS","M"],"build_version":"2019-01-03v4","purchased_purges":1,"victory":false,"max_hp_per_floor":[71,71,71,71,71,71,71,71,71,71,71,71,71,71,71,71,71,71,71,71,71,71,71,71,71,71,71,71,71,71,71,71,71,71,71],"card_choices":[{"not_picked":["Sweeping Beam","Cold Snap","Go for the Eyes"],"picked":"SKIP","floor":1.0},{"not_picked":["Barrage","Aggregate"],"picked":"FTL","floor":4.0},{"not_picked":["Fusion","Conserve Battery"],"picked":"Biased Cognition","floor":7.0},{"not_picked":["Conserve Battery","Redo"],"picked":"Streamline","floor":10.0},{"not_picked":["Gash","Turbo","Heatsinks"],"picked":"SKIP","floor":10.0},{"not_picked":["Gash","Heatsinks"],"picked":"Turbo","floor":10.0},{"not_picked":["Barrage","Compile Driver","Steam Power"],"picked":"SKIP","floor":11.0},{"not_picked":["Force Field","Compile Driver","Cold Snap"],"picked":"SKIP","floor":11.0},{"not_picked":["Compile Driver","Ball Lightning","Fusion"],"picked":"SKIP","floor":12.0},{"not_picked":["Compile Driver","Fusion"],"picked":"Ball Lightning","floor":12.0},{"not_picked":["Reprogram","Capacitor"],"picked":"Reinforced Body","floor":14.0},{"not_picked":["Capacitor","Gash"],"picked":"Leap","floor":14.0},{"not_picked":["Reboot","All For One"],"picked":"Echo Form","floor":16.0},{"not_picked":["Gash","Beam Cell+1","Cold Snap"],"picked":"SKIP","floor":18.0},{"not_picked":["Stack","Steam Power","Aggregate"],"picked":"SKIP","floor":18.0},{"not_picked":["Barrage+1","Gash"],"picked":"Loop+1","floor":24.0},{"not_picked":["Steam Power","Barrage","Ball Lightning"],"picked":"SKIP","floor":24.0},{"not_picked":["Chill","Ball Lightning+1"],"picked":"Consume","floor":27.0},{"not_picked":["Turbo","Steam","Sweeping Beam"],"picked":"SKIP","floor":27.0},{"not_picked":["White Noise","Redo"],"picked":"Tempest+1","floor":31.0},{"not_picked":["Conserve Battery","Biased Cognition","Ball Lightning"],"picked":"SKIP","floor":31.0},{"not_picked":["Fission","Biased Cognition"],"picked":"Creative AI","floor":33.0}],"player_experience":675109,"relics_obtained":[{"floor":7.0,"key":"Prayer Wheel"},{"floor":9.0,"key":"War Paint"},{"floor":12.0,"key":"Bird Faced Urn"},{"floor":26.0,"key":"DataDisk"}],"event_choices":[{"damage_healed":0.0,"max_hp_gain":0.0,"max_hp_loss":0.0,"gold_gain":75.0,"event_name":"World of Goop","player_choice":"Gather Gold","floor":2.0,"gold_loss":0.0,"damage_taken":11.0},{"damage_healed":0.0,"max_hp_gain":0.0,"max_hp_loss":0.0,"gold_gain":150.0,"event_name":"Liars Game","player_choice":"AGREE","floor":3.0,"gold_loss":0.0,"damage_taken":0.0,"cards_obtained":["Doubt"]},{"damage_healed":0.0,"max_hp_gain":0.0,"max_hp_loss":0.0,"gold_gain":0.0,"event_name":"Beggar","player_choice":"Ignored","floor":19.0,"gold_loss":0.0,"damage_taken":0.0},{"cards_removed":["Hello World"],"damage_healed":23.0,"max_hp_gain":0.0,"max_hp_loss":0.0,"gold_gain":0.0,"event_name":"Bonfire Elementals","player_choice":"Offered Uncommon","floor":22.0,"gold_loss":0.0,"damage_taken":0.0},{"damage_healed":0.0,"max_hp_gain":0.0,"max_hp_loss":0.0,"gold_gain":0.0,"event_name":"WeMeetAgain","player_choice":"Paid Gold","floor":28.0,"gold_loss":50.0,"damage_taken":0.0,"relics_obtained":["Bronze Scales"]}],"is_beta":true,"boss_relics":[{"not_picked":["Fusion Hammer","Empty Cage"],"picked":"White Beast Statue"},{"not_picked":["Pandora\u0027s Box","Snecko Eye"],"picked":"Eternal Feather"}],"items_purged_floors":[5],"is_endless":false,"potions_floor_spawned":[4,14,16,18,24,27,31,33],"killed_by":"3 Darklings","ascension_level":20}