{"gold_per_floor":[20,20,295,316,329,329,348,348,372,3,26,26,66,66,66,186,186,211,310,331,126,0,34,53,53,77,77],"floor_reached":27,"playtime":1252,"items_purged":["Regret"],"score":395,"play_id":"726c4d93-801f-4deb-8697-bb6bfec6c180","local_time":"20181007115713","is_ascension_mode":true,"campfire_choices":[{"data":"Zap","floor":6.0,"key":"SMITH"},{"data":"Hologram","floor":8.0,"key":"SMITH"},{"data":"Dualcast","floor":15.0,"key":"SMITH"}],"neow_cost":"NO_GOLD","seed_source_timestamp":805982119368,"circlet_count":0,"master_deck":["Defend_B","Defend_B","Defend_B","Defend_B","Zap+1","Dualcast+1","AscendersBane","Electrodynamics","Reinforced Body","BootSequence","Hologram+1","Capacitor","Glacier","Creative AI","Steam Power","Core Surge","Echo Form","Recycle","Turbo","Darkness","Bite","Bite","Bite","Bite","Bite"],"special_seed":0,"relics":["Cracked Core","Golden Idol","Happy Flower","Regal Pillow","Potion Belt","Velvet Choker","Bag of Marbles","Art of War"],"potions_floor_usage":[23,23,27],"damage_taken":[{"damage":7.0,"enemies":"Small Slimes","floor":1.0,"turns":4.0},{"damage":4.0,"enemies":"2 Louse","floor":4.0,"turns":2.0},{"damage":9.0,"enemies":"Cultist","floor":5.0,"turns":4.0},{"damage":6.0,"enemies":"Red Slaver","floor":7.0,"turns":3.0},{"damage":1.0,"enemies":"Exordium Wildlife","floor":11.0,"turns":2.0},{"damage":10.0,"enemies":"3 Sentries","floor":13.0,"turns":5.0},{"damage":27.0,"enemies":"Slime Boss","floor":16.0,"turns":9.0},{"damage":0.0,"enemies":"3 Byrds","floor":18.0,"turns":2.0},{"damage":6.0,"enemies":"Spheric Guardian","floor":20.0,"turns":4.0},{"damage":26,"enemies":"Slavers","floor":23,"turns":3},{"damage":17,"enemies":"Shelled Parasite and Fungi","floor":24,"turns":10},{"damage":40,"enemies":"Gremlin Leader","floor":27,"turns":10}],"seed_played":"7703346552444714962","potions_obtained":[{"floor":1.0,"key":"LiquidBronze"},{"floor":4.0,"key":"Block Potion"},{"floor":7.0,"key":"Explosive Potion"},{"floor":18.0,"key":"SteroidPotion"},{"floor":20.0,"key":"PowerPotion"},{"floor":24,"key":"Fire Potion"}],"is_trial":false,"path_per_floor":["M","?","?","M","M","R","M","R","T","$","M","$","E","?","R","B",null,"M","?","M","$","?","E","M","?","T"],"character_chosen":"DEFECT","items_purchased":["Glacier","Creative AI","Regal Pillow","Fire Potion","Bag of Marbles"],"campfire_rested":0,"item_purchase_floors":[10,10,10,21,21],"current_hp_per_floor":[61,61,61,57,48,48,42,42,42,42,41,41,31,31,31,4,53,53,53,47,47,47,21,6,6,6,0],"gold":77,"neow_bonus":"THREE_RARE_CARDS","is_prod":false,"is_daily":false,"chose_seed":false,"campfire_upgraded":3,"win_rate":0,"timestamp":1538884633,"path_taken":["M","?","?","M","?","R","M","R","T","$","?","$","E","?","R","BOSS","M","?","?","$","?","E","M","?","T","E"],"build_version":"2018-10-04","purchased_purges":1,"victory":false,"max_hp_per_floor":[75,69,69,69,69,69,69,69,69,69,69,69,69,69,69,69,69,69,69,69,69,69,69,69,69,69,69],"card_choices":[{"not_picked":["Creative AI","Rainbow"],"picked":"Electrodynamics","floor":0.0},{"not_picked":["Go for the Eyes","Rebound"],"picked":"Reinforced Body","floor":1.0},{"not_picked":["Reinforced Body","Doom and Gloom"],"picked":"BootSequence","floor":4.0},{"not_picked":["Reprogram","Redo"],"picked":"Hologram","floor":5.0},{"not_picked":["Stack","Lockon"],"picked":"Capacitor","floor":7.0},{"not_picked":["BootSequence","Skim"],"picked":"Steam Power","floor":11.0},{"not_picked":["Ball Lightning","Stack"],"picked":"Core Surge","floor":13.0},{"not_picked":["Meteor Strike","Thunder Strike"],"picked":"Echo Form","floor":16.0},{"not_picked":["Coolheaded","Leap"],"picked":"Recycle","floor":18.0},{"not_picked":["Ball Lightning","Hologram"],"picked":"Turbo","floor":20.0},{"not_picked":["Coolheaded","Hologram","Lockon"],"picked":"SKIP","floor":23},{"not_picked":["Rebound","Melter"],"picked":"Darkness","floor":24}],"player_experience":420086,"relics_obtained":[{"floor":9.0,"key":"Happy Flower"},{"floor":13.0,"key":"Potion Belt"},{"floor":23,"key":"Blood Vial"},{"floor":26,"key":"Art of War"}],"event_choices":[{"event_name":"Golden Idol","player_choice":"Lose Max HP","floor":2.0,"damage_taken":0.0},{"event_name":"Golden Shrine","player_choice":"Desecrate","floor":3.0,"damage_taken":0.0},{"event_name":"Liars Game","player_choice":"disagreed","floor":14.0,"damage_taken":0.0},{"event_name":"Nest","player_choice":"Stole From Cult","floor":19.0,"damage_taken":0.0},{"event_name":"Masked Bandits","player_choice":"Paid Fearfully","floor":22.0,"damage_taken":0.0},{"event_name":"Vampires","player_choice":"Became a vampire (Vial)","floor":25,"damage_taken":0}],"is_beta":true,"boss_relics":[{"not_picked":["Coffee Dripper","Inserter"],"picked":"Velvet Choker"}],"items_purged_floors":[10],"is_endless":false,"potions_floor_spawned":[1,4,7,18,20,24],"killed_by":"Gremlin Leader","ascension_level":12}