{"gold_per_floor":[114,12,12,24,43,43,58,58,58,78,93,106,29,45,45,45],"floor_reached":16,"playtime":611,"items_purged":[],"score":106,"play_id":"fb72eab6-c225-497d-b17c-e3baa459a1a7","local_time":"20180810231220","is_ascension_mode":true,"campfire_choices":[{"data":"Perfected Strike","floor":6,"key":"SMITH"},{"data":"Searing Blow","floor":15,"key":"SMITH"}],"neow_cost":"NONE","seed_source_timestamp":28591896846923,"circlet_count":0,"master_deck":["Strike_R","Strike_R","Strike_R","Strike_R","Strike_R","Defend_R","Defend_R","Defend_R","Defend_R","Bash","Shrug It Off","Perfected Strike+1","Metallicize","Twin Strike","Pommel Strike","Wild Strike","Regret","Twin Strike","Wild Strike","Entrench","Searing Blow+1","Whirlwind"],"relics":["Velvet Choker","Pen Nib","Bottled Lightning"],"potions_floor_usage":[16],"damage_taken":[{"damage":0,"enemies":"2 Louse","floor":1,"turns":3},{"damage":2,"enemies":"Cultist","floor":4,"turns":4},{"damage":4,"enemies":"Small Slimes","floor":5,"turns":2},{"damage":3,"enemies":"3 Louse","floor":7,"turns":3},{"damage":7,"enemies":"Large Slime","floor":10,"turns":3},{"damage":2,"enemies":"Exordium Wildlife","floor":11,"turns":3},{"damage":26,"enemies":"Gremlin Gang","floor":12,"turns":5},{"damage":9,"enemies":"Lots of Slimes","floor":14,"turns":4},{"damage":28,"enemies":"The Guardian","floor":16,"turns":6}],"seed_played":"4547206411065539257","potions_obtained":[{"floor":3,"key":"FearPotion"},{"floor":3,"key":"Weak Potion"},{"floor":3,"key":"LiquidBronze"}],"is_trial":false,"path_per_floor":["M","$","?","M","M","R","M","?","T","M","M","M","$","M","R"],"character_chosen":"IRONCLAD","items_purchased":["Perfected Strike","Metallicize","Searing Blow"],"campfire_rested":0,"item_purchase_floors":[2,2,13],"current_hp_per_floor":[80,80,80,78,74,74,71,71,71,64,62,36,36,27,27,0],"gold":45,"neow_bonus":"BOSS_RELIC","is_prod":false,"is_daily":false,"chose_seed":false,"campfire_upgraded":2,"win_rate":0,"timestamp":1533913940,"path_taken":["M","$","?","M","M","R","M","?","T","M","M","M","$","M","R","BOSS"],"build_version":"2018-08-09","purchased_purges":0,"victory":false,"max_hp_per_floor":[80,80,80,80,80,80,80,80,80,80,80,80,80,80,80,80],"card_choices":[{"not_picked":["Uppercut","Sword Boomerang"],"picked":"Shrug It Off","floor":1},{"not_picked":["Blood for Blood","Entrench"],"picked":"Twin Strike","floor":4},{"not_picked":["Intimidate","Dropkick"],"picked":"Pommel Strike","floor":5},{"not_picked":["Whirlwind","Twin Strike"],"picked":"Wild Strike","floor":7},{"not_picked":["Flex","Clothesline"],"picked":"Twin Strike","floor":10},{"not_picked":["Intimidate","Inflame"],"picked":"Wild Strike","floor":11},{"not_picked":["Hemokinesis","Sever Soul"],"picked":"Entrench","floor":12},{"not_picked":["Exhume","Thunderclap"],"picked":"Whirlwind","floor":14}],"player_experience":224907,"relics_obtained":[{"floor":9,"key":"Bottled Lightning"}],"event_choices":[{"event_name":"The Lab","player_choice":"Got Potions","floor":3,"damage_taken":0},{"event_name":"Big Fish","player_choice":"Box","floor":8,"damage_taken":0}],"is_beta":false,"boss_relics":[],"items_purged_floors":[],"is_endless":false,"potions_floor_spawned":[5,10,12,14],"killed_by":"The Guardian","ascension_level":2}