{"gold_per_floor":[109,122,138,138,154,154,154,154,203,217,217,230,245,256,256,353,353,366,316,264,264,264,299,299,331,331,331,347,347,364,378,378,378],"floor_reached":33,"playtime":1451,"items_purged":[],"score":446,"play_id":"8d390f57-debf-4388-bf32-06dec999c19b","local_time":"20180823120229","is_ascension_mode":true,"campfire_choices":[{"data":"Chill","floor":6,"key":"SMITH"},{"data":"Creative AI","floor":8,"key":"SMITH"},{"data":"Defragment","floor":11,"key":"SMITH"},{"data":"White Noise","floor":15,"key":"SMITH"},{"floor":24,"key":"REST"},{"floor":32,"key":"REST"}],"neow_cost":"NONE","seed_source_timestamp":7502721935124,"circlet_count":0,"master_deck":["Strike_B","Strike_B","Strike_B","Strike_B","Defend_B","Defend_B","Defend_B","Defend_B+1","Zap","Dualcast","AscendersBane","Creative AI+1","Chill+1","Cold Snap","Reinforced Body","Self Repair","Defragment+1","Ball Lightning","Compile Driver","White Noise+1","Multi-Cast+1","Sunder+1","Coolheaded+1","Steam Power","Core Surge","Aggregate","Hologram","Cold Snap"],"relics":["Cracked Core","Happy Flower","Orichalcum","Sozu","Oddly Smooth Stone","Dead Branch","War Paint","DataDisk"],"potions_floor_usage":[23],"damage_taken":[{"damage":4,"enemies":"2 Louse","floor":1,"turns":3},{"damage":2,"enemies":"Jaw Worm","floor":2,"turns":3},{"damage":14,"enemies":"Small Slimes","floor":3,"turns":4},{"damage":10,"enemies":"Blue Slaver","floor":5,"turns":5},{"damage":10,"enemies":"Looter","floor":10,"turns":5},{"damage":0,"enemies":"Lots of Slimes","floor":12,"turns":6},{"damage":3,"enemies":"Blue Slaver","floor":13,"turns":2},{"damage":2,"enemies":"Looter","floor":14,"turns":3},{"damage":14,"enemies":"Slime Boss","floor":16,"turns":12},{"damage":22,"enemies":"2 Thieves","floor":18,"turns":4},{"damage":51,"enemies":"Book of Stabbing","floor":23,"turns":7},{"damage":11,"enemies":"Gremlin Leader","floor":25,"turns":7},{"damage":0,"enemies":"Chosen","floor":28,"turns":3},{"damage":8,"enemies":"Snake Plant","floor":30,"turns":4},{"damage":7,"enemies":"3 Cultists","floor":31,"turns":5},{"damage":50,"enemies":"Collector","floor":33,"turns":7}],"seed_played":"8298233981451427512","potions_obtained":[{"floor":1,"key":"LiquidBronze"},{"floor":5,"key":"GamblersBrew"}],"is_trial":false,"path_per_floor":["M","M","M","?","M","R","?","R","T","M","R","M","M","M","R","B",null,"M","?","$","?","T","E","R","E","T","?","M","?","M","M","R"],"character_chosen":"DEFECT","items_purchased":["Coolheaded"],"campfire_rested":2,"item_purchase_floors":[20],"current_hp_per_floor":[64,62,48,45,35,35,40,40,40,37,37,44,41,46,46,39,70,55,55,55,55,55,18,42,31,31,31,31,16,8,8,33,0],"gold":378,"neow_bonus":"ONE_RANDOM_RARE_CARD","is_prod":false,"is_daily":false,"chose_seed":false,"campfire_upgraded":4,"win_rate":0,"timestamp":1534996949,"path_taken":["M","M","M","?","M","R","?","R","T","M","R","M","M","M","R","BOSS","M","?","$","?","?","E","R","E","T","?","?","?","M","M","R","BOSS"],"build_version":"2018-08-16","purchased_purges":0,"victory":false,"max_hp_per_floor":[75,75,75,75,75,75,80,80,80,80,80,80,80,80,80,80,80,80,80,80,80,80,80,80,80,80,80,80,85,85,85,85,85],"card_choices":[{"not_picked":["Sweeping Beam","Stack"],"picked":"Chill","floor":1},{"not_picked":["Stack","All For One"],"picked":"Cold Snap","floor":2},{"not_picked":["Gash","Hologram"],"picked":"Reinforced Body","floor":3},{"not_picked":["Hologram","Lockon"],"picked":"Self Repair","floor":5},{"not_picked":["Redo","Rebound"],"picked":"Defragment","floor":10},{"not_picked":["Machine Learning","Melter"],"picked":"Ball Lightning","floor":12},{"not_picked":["Ball Lightning","Conserve Battery"],"picked":"Compile Driver","floor":13},{"not_picked":["Steam","Leap"],"picked":"White Noise","floor":14},{"not_picked":["Biased Cognition","Machine Learning"],"picked":"Multi-Cast","floor":16},{"not_picked":["Coolheaded","Cold Snap"],"picked":"Sunder+1","floor":18},{"not_picked":["Rip and Tear","Streamline"],"picked":"Steam Power","floor":23},{"not_picked":["Leap","Rebound"],"picked":"Core Surge","floor":25},{"not_picked":["Gash","Self Repair"],"picked":"Aggregate","floor":28},{"not_picked":["Undo","FTL+1"],"picked":"Hologram","floor":30},{"not_picked":["Recycle","Sweeping Beam+1"],"picked":"Cold Snap","floor":31}],"player_experience":257785,"relics_obtained":[{"floor":9,"key":"Orichalcum"},{"floor":22,"key":"Oddly Smooth Stone"},{"floor":23,"key":"Dead Branch"},{"floor":25,"key":"War Paint"},{"floor":26,"key":"DataDisk"}],"event_choices":[{"event_name":"Scrap Ooze","player_choice":"success","floor":4,"damage_taken":3},{"event_name":"Big Fish","player_choice":"Donut","floor":7,"damage_taken":0},{"event_name":"The Joust","player_choice":"Bet on Murderer","floor":19,"damage_taken":0},{"event_name":"Drug Dealer","player_choice":"Ignored","floor":21,"damage_taken":0},{"event_name":"Upgrade Shrine","player_choice":"Upgraded","floor":27,"damage_taken":0},{"event_name":"Forgotten Altar","player_choice":"Shed Blood","floor":29,"damage_taken":0}],"is_beta":false,"boss_relics":[{"not_picked":["Ectoplasm","Black Star"],"picked":"Sozu"}],"items_purged_floors":[],"is_endless":false,"potions_floor_spawned":[1,5,13,14,23,25,28,30,31],"killed_by":"Collector","ascension_level":12}