{"gold_per_floor":[113,113,132,307,42,69,69,100,100,115,80,80,100,114,114,114],"floor_reached":16,"playtime":328,"items_purged":["Doubt"],"score":209,"play_id":"66bb16ce-dcfa-4245-abde-0c9edfd4fa8d","local_time":"20181115210823","is_ascension_mode":true,"campfire_choices":[{"data":"Searing Blow","floor":7.0,"key":"SMITH"},{"data":"Searing Blow+1","floor":12.0,"key":"SMITH"},{"data":"Searing Blow+2","floor":15.0,"key":"SMITH"}],"neow_cost":"NONE","seed_source_timestamp":5459200801272,"circlet_count":0,"master_deck":["AscendersBane","Strike_R","Strike_R","Strike_R","Strike_R","Strike_R","Defend_R","Defend_R","Defend_R","Defend_R","Bash","Cleave","Headbutt","Entrench","Searing Blow+3","Impervious"],"special_seed":0,"relics":["Burning Blood","NeowsBlessing","Question Card","Bag of Marbles","The Courier","Bag of Preparation"],"potions_floor_usage":[16],"damage_taken":[{"damage":0.0,"enemies":"Jaw Worm","floor":1.0,"turns":1.0},{"damage":0.0,"enemies":"2 Louse","floor":3.0,"turns":1.0},{"damage":0.0,"enemies":"Lagavulin","floor":6.0,"turns":1.0},{"damage":50.0,"enemies":"3 Sentries","floor":8.0,"turns":7.0},{"damage":0.0,"enemies":"Small Slimes","floor":10.0,"turns":3.0},{"damage":7.0,"enemies":"Looter","floor":13.0,"turns":3.0},{"damage":0.0,"enemies":"3 Louse","floor":14.0,"turns":2.0},{"damage":53,"enemies":"Hexaghost","floor":16,"turns":9}],"seed_played":"-6898379913244528232","potions_obtained":[{"floor":13.0,"key":"Explosive Potion"},{"floor":14.0,"key":"SkillPotion"}],"is_trial":false,"path_per_floor":["M","?","M","?","$","E","R","E","T","M","?","R","M","M","R","B"],"character_chosen":"IRONCLAD","items_purchased":["Bag of Marbles","Entrench"],"campfire_rested":0,"item_purchase_floors":[5,5],"current_hp_per_floor":[78,53,59,59,59,65,65,21,21,27,47,47,46,52,52,0],"gold":114,"neow_bonus":"THREE_ENEMY_KILL","is_prod":false,"is_daily":false,"chose_seed":false,"campfire_upgraded":3,"win_rate":0,"timestamp":1542287303,"path_taken":["M","?","M","?","?","E","R","E","T","?","?","R","M","M","R","BOSS"],"build_version":"2018-11-14","purchased_purges":1,"victory":false,"max_hp_per_floor":[80,80,80,80,80,80,80,80,80,80,80,80,80,80,80,80],"card_choices":[{"not_picked":["Thunderclap","Anger"],"picked":"Cleave","floor":1.0},{"not_picked":["Rupture","Twin Strike","Fire Breathing"],"picked":"Headbutt","floor":3.0},{"not_picked":["Headbutt","Havoc","Entrench","Searing Blow"],"picked":"SKIP","floor":6.0},{"not_picked":["Headbutt","Havoc","Entrench"],"picked":"Searing Blow","floor":6.0},{"not_picked":["Warcry","Metallicize","Pummel","Rupture"],"picked":"SKIP","floor":8.0},{"not_picked":["Warcry","Metallicize","Pummel","Rupture"],"picked":"SKIP","floor":8.0},{"not_picked":["Pommel Strike","Havoc","Evolve","Blood for Blood"],"picked":"SKIP","floor":10.0},{"not_picked":["Havoc","Carnage","Twin Strike"],"picked":"Impervious","floor":13.0},{"not_picked":["Intimidate","Perfected Strike","Blood for Blood","Clash"],"picked":"SKIP","floor":14.0}],"player_experience":539990,"relics_obtained":[{"floor":6.0,"key":"The Courier"},{"floor":8.0,"key":"Bag of Preparation"}],"event_choices":[{"damage_healed":0.0,"max_hp_gain":0.0,"max_hp_loss":0.0,"gold_gain":0.0,"event_name":"Scrap Ooze","player_choice":"Success","floor":2.0,"gold_loss":0.0,"damage_taken":25.0,"relics_obtained":["Question Card"]},{"damage_healed":0.0,"max_hp_gain":0.0,"max_hp_loss":0.0,"gold_gain":175.0,"event_name":"Liars Game","player_choice":"AGREE","floor":4.0,"gold_loss":0.0,"damage_taken":0.0,"cards_obtained":["Doubt"]},{"damage_healed":20.0,"max_hp_gain":0.0,"max_hp_loss":0.0,"gold_gain":0.0,"event_name":"The Cleric","player_choice":"Healed","floor":11.0,"gold_loss":35.0,"damage_taken":0.0}],"is_beta":true,"boss_relics":[],"items_purged_floors":[5],"is_endless":false,"potions_floor_spawned":[13,14],"killed_by":"Hexaghost","ascension_level":11}