{"gold_per_floor":[109,159,178,197,208,236,236,261,261,261,261],"floor_reached":11,"playtime":412,"items_purged":[],"score":149,"play_id":"596eb381-1224-4fc3-b7c6-07d005e009be","local_time":"20181107171827","is_ascension_mode":true,"campfire_choices":[{"data":"Neutralize","floor":7,"key":"SMITH"}],"neow_cost":"NONE","seed_source_timestamp":3771130486687,"circlet_count":0,"master_deck":["AscendersBane","Defend_G","Defend_G","Defend_G","Defend_G","Defend_G","Strike_G","Strike_G","Strike_G","Strike_G","Survivor","Neutralize+1","Backstab","Calculated Gamble","Deadly Poison","All Out Attack","Terror","Footwork"],"relics":["Ring of the Snake","Strawberry","Dodecahedron","Singing Bowl","Golden Idol"],"potions_floor_usage":[8,11],"damage_taken":[{"damage":0,"enemies":"2 Louse","floor":1,"turns":3},{"damage":3,"enemies":"Cultist","floor":3,"turns":5},{"damage":0,"enemies":"Small Slimes","floor":4,"turns":3},{"damage":2,"enemies":"2 Fungi Beasts","floor":5,"turns":5},{"damage":41,"enemies":"3 Sentries","floor":6,"turns":11},{"damage":16,"enemies":"Lagavulin","floor":8,"turns":8},{"damage":4,"enemies":"Gremlin Nob","floor":11,"turns":2}],"seed_played":"-2753339759230141549","potions_obtained":[{"floor":1,"key":"Fire Potion"},{"floor":3,"key":"GhostInAJar"}],"is_trial":false,"path_per_floor":["M","?","M","M","M","E","R","E","T","?","E"],"character_chosen":"THE_SILENT","items_purchased":[],"campfire_rested":0,"item_purchase_floors":[],"current_hp_per_floor":[59,59,56,56,54,20,20,4,4,4,0],"gold":261,"neow_bonus":"REMOVE_CARD","is_prod":false,"is_daily":false,"chose_seed":false,"campfire_upgraded":1,"win_rate":0,"timestamp":1541582307,"path_taken":["M","?","M","?","M","E","R","E","T","?","E"],"build_version":"2018-11-05","purchased_purges":0,"victory":false,"max_hp_per_floor":[66,66,66,66,66,73,73,73,73,66,66],"card_choices":[{"not_picked":["Reflex","Dagger Throw"],"picked":"Backstab","floor":1},{"not_picked":["Dagger Spray","Sucker Punch"],"picked":"Calculated Gamble","floor":3},{"not_picked":["Dagger Spray","Blur"],"picked":"Deadly Poison","floor":4},{"not_picked":["Deadly Poison","Eviscerate"],"picked":"All Out Attack","floor":5},{"not_picked":["Poisoned Stab","Setup"],"picked":"Terror","floor":6},{"not_picked":["Catalyst","Die Die Die"],"picked":"Footwork","floor":8}],"player_experience":510947,"relics_obtained":[{"floor":6,"key":"Strawberry"},{"floor":8,"key":"Dodecahedron"},{"floor":9,"key":"Singing Bowl"}],"event_choices":[{"damage_healed":0,"gold_gain":50,"player_choice":"Pray","damage_taken":0,"max_hp_gain":0,"max_hp_loss":0,"event_name":"Golden Shrine","floor":2,"gold_loss":0},{"damage_healed":0,"gold_gain":0,"player_choice":"Lose Max HP","damage_taken":0,"relics_obtained":["Golden Idol"],"max_hp_gain":0,"max_hp_loss":7,"event_name":"Golden Idol","floor":10,"gold_loss":0}],"is_beta":true,"boss_relics":[],"items_purged_floors":[],"is_endless":false,"potions_floor_spawned":[1,3,5],"killed_by":"Gremlin Nob","ascension_level":16}