{"gold_per_floor":[117,72,88,188,207,207,222,37,37,47,58,58,74,103,103,103],"floor_reached":16,"playtime":856,"items_purged":[],"score":104,"play_id":"b88560d0-ab17-40bc-be5c-5524400b2609","local_time":"20190809211207","is_ascension_mode":false,"campfire_choices":[{"data":"Infernal Blade","floor":6,"key":"SMITH"},{"data":"Secret Weapon","floor":12,"key":"SMITH"},{"floor":15,"key":"REST"}],"neow_cost":"NONE","seed_source_timestamp":874449471277091,"circlet_count":0,"master_deck":["Strike_R","Strike_R","Strike_R","Strike_R","Strike_R","Defend_R","Defend_R","Defend_R","Defend_R","Bash","Infernal Blade+1","Cleave","Dual Wield","Headbutt","Thunderclap","Secret Weapon+1","Perfected Strike","Perfected Strike","Pummel","Hemokinesis","Fire Breathing"],"relics":["Burning Blood","Sundial","Dodecahedron"],"potions_floor_usage":[],"damage_taken":[{"damage":1,"enemies":"Cultist","floor":1,"turns":3},{"damage":10,"enemies":"2 Louse","floor":3,"turns":2},{"damage":5,"enemies":"Small Slimes","floor":5,"turns":3},{"damage":6,"enemies":"Red Slaver","floor":7,"turns":3},{"damage":15,"enemies":"Large Slime","floor":10,"turns":6},{"damage":0,"enemies":"Lots of Slimes","floor":11,"turns":2},{"damage":28,"enemies":"Exordium Thugs","floor":13,"turns":4},{"damage":25,"enemies":"Gremlin Nob","floor":14,"turns":4},{"damage":68,"enemies":"The Guardian","floor":16,"turns":9}],"seed_played":"5526759212353640783","potions_obtained":[{"floor":10,"key":"Energy Potion"},{"floor":13,"key":"EssenceOfSteel"}],"is_trial":false,"path_per_floor":["M","$","M","?","M","R","M","$","T","M","M","R","M","E","R","B"],"character_chosen":"IRONCLAD","items_purchased":["Cleave","Secret Weapon","Perfected Strike"],"campfire_rested":1,"item_purchase_floors":[2,8,8],"current_hp_per_floor":[88,88,84,84,85,85,85,85,85,76,82,82,60,41,67,0],"gold":103,"neow_bonus":"TEN_PERCENT_HP_BONUS","is_prod":false,"is_daily":false,"chose_seed":false,"campfire_upgraded":2,"win_rate":0.0,"timestamp":1565403127,"path_taken":["M","?","?","?","M","R","M","$","T","M","M","R","?","E","R","BOSS"],"build_version":"2019-07-17","purchased_purges":0,"victory":false,"max_hp_per_floor":[88,88,88,88,88,88,88,88,88,88,88,88,88,88,88,88],"card_choices":[{"not_picked":["Cleave","Warcry"],"picked":"Infernal Blade","floor":1},{"not_picked":["Clash","Bloodletting"],"picked":"Dual Wield","floor":3},{"not_picked":["Anger","Second Wind"],"picked":"Headbutt","floor":5},{"not_picked":["Heavy Blade","Shockwave"],"picked":"Thunderclap","floor":7},{"not_picked":["Pommel Strike","Cleave"],"picked":"Perfected Strike","floor":10},{"not_picked":["True Grit","Clothesline"],"picked":"Pummel","floor":11},{"not_picked":["Burning Pact","Twin Strike"],"picked":"Hemokinesis","floor":13},{"not_picked":["Burning Pact","Intimidate"],"picked":"Fire Breathing","floor":14}],"player_experience":94231,"relics_obtained":[{"floor":9,"key":"Sundial"},{"floor":14,"key":"Dodecahedron"}],"event_choices":[{"damage_healed":0,"gold_gain":100,"player_choice":"Pray","damage_taken":0,"max_hp_gain":0,"max_hp_loss":0,"event_name":"Golden Shrine","floor":4,"gold_loss":0}],"is_beta":false,"boss_relics":[],"items_purged_floors":[],"is_endless":false,"potions_floor_spawned":[10,13],"killed_by":"The Guardian","ascension_level":0}