{"gold_per_floor":[119,194,194,194,35,66,66,85,85,113,126,126,126,155,155,155],"floor_reached":16,"playtime":413,"items_purged":[],"score":254,"play_id":"1d397279-23dd-4048-808e-e8791ae6bdf9","local_time":"20181107172551","is_ascension_mode":true,"campfire_choices":[{"data":"Noxious Fumes","floor":7,"key":"SMITH"},{"data":"Bouncing Flask","floor":12,"key":"SMITH"},{"data":"Skewer","floor":15,"key":"SMITH"}],"neow_cost":"NONE","seed_source_timestamp":4213245309176,"circlet_count":0,"master_deck":["AscendersBane","Defend_G+1","Defend_G","Defend_G+1","Defend_G","Defend_G","Strike_G","Strike_G","Strike_G","Strike_G","Survivor","Neutralize","Bouncing Flask+1","Burst","Noxious Fumes+1","All Out Attack","Catalyst","Skewer+1"],"relics":["Ring of the Snake","NeowsBlessing","PreservedInsect","Blood Vial","War Paint","Bottled Lightning","Bag of Preparation"],"potions_floor_usage":[16,16],"damage_taken":[{"damage":0,"enemies":"Small Slimes","floor":1,"turns":1},{"damage":0,"enemies":"Lagavulin","floor":6,"turns":1},{"damage":0,"enemies":"2 Louse","floor":8,"turns":1},{"damage":22,"enemies":"3 Sentries","floor":10,"turns":5},{"damage":0,"enemies":"Cultist","floor":11,"turns":3},{"damage":19,"enemies":"Lagavulin","floor":14,"turns":5},{"damage":26,"enemies":"Slime Boss","floor":16,"turns":9}],"seed_played":"-4900200447444872058","potions_obtained":[{"floor":1,"key":"LiquidBronze"},{"floor":10,"key":"EssenceOfSteel"},{"floor":11,"key":"Fire Potion"},{"floor":14,"key":"SpeedPotion"}],"is_trial":false,"path_per_floor":["M","?","?","?","$","E","R","M","T","E","M","R","?","E","R","B"],"character_chosen":"THE_SILENT","items_purchased":["Burst","Noxious Fumes"],"campfire_rested":0,"item_purchase_floors":[5,5],"current_hp_per_floor":[59,48,30,52,52,52,52,54,54,34,36,36,36,19,19,0],"gold":155,"neow_bonus":"THREE_ENEMY_KILL","is_prod":false,"is_daily":false,"chose_seed":false,"campfire_upgraded":3,"win_rate":0,"timestamp":1541582751,"path_taken":["M","?","?","?","$","E","R","M","T","E","M","R","?","E","R","BOSS"],"build_version":"2018-11-05","purchased_purges":0,"victory":false,"max_hp_per_floor":[66,66,66,66,66,66,66,66,66,66,66,66,66,66,66,66],"card_choices":[{"not_picked":["Caltrops","Dagger Throw"],"picked":"Bouncing Flask","floor":1},{"not_picked":["Slice","Leg Sweep"],"picked":"All Out Attack","floor":6},{"not_picked":["All Out Attack","Blade Dance"],"picked":"Catalyst","floor":8},{"not_picked":["Sucker Punch","Prepared","Flying Knee"],"picked":"SKIP","floor":10},{"not_picked":["Dagger Spray","Deflect"],"picked":"Skewer","floor":11},{"not_picked":["Cloak And Dagger","All Out Attack","Quick Slash"],"picked":"SKIP","floor":14}],"player_experience":511359,"relics_obtained":[{"floor":6,"key":"Blood Vial"},{"floor":9,"key":"War Paint"},{"floor":10,"key":"Bottled Lightning"},{"floor":14,"key":"Bag of Preparation"}],"event_choices":[{"damage_healed":0,"gold_gain":75,"player_choice":"Gather Gold","damage_taken":11,"max_hp_gain":0,"max_hp_loss":0,"event_name":"World of Goop","floor":2,"gold_loss":0},{"damage_healed":0,"gold_gain":0,"player_choice":"Success","damage_taken":18,"relics_obtained":["PreservedInsect"],"max_hp_gain":0,"max_hp_loss":0,"event_name":"Scrap Ooze","floor":3,"gold_loss":0},{"damage_healed":22,"gold_gain":0,"player_choice":"Banana","damage_taken":0,"max_hp_gain":0,"max_hp_loss":0,"event_name":"Big Fish","floor":4,"gold_loss":0},{"cards_removed":["Strike_G"],"damage_healed":0,"gold_gain":0,"player_choice":"Offered Basic","damage_taken":0,"max_hp_gain":0,"max_hp_loss":0,"event_name":"Bonfire Elementals","floor":13,"gold_loss":0}],"is_beta":true,"boss_relics":[],"items_purged_floors":[],"is_endless":false,"potions_floor_spawned":[1,10,11,14],"killed_by":"Slime Boss","ascension_level":16}