{"gold_per_floor":[15,35,110,177,190,190,61,87,87,87,87,87,115,127,127,200,200,214,214,226,226,244,244,244,262,262,295,307,96,107,119,119,193,193,212,212,7,19,30,30,44,44,92,92,92,92,35,45,45,45,45],"floor_reached":52,"playtime":2373,"items_purged":["Decay","Strike_B"],"score":1839,"play_id":"03ad89f5-5b71-430c-a614-79bff52f5b84","local_time":"20190131093554","is_ascension_mode":true,"campfire_choices":[{"data":"Streamline","floor":6.0,"key":"SMITH"},{"data":"Defragment","floor":10.0,"key":"SMITH"},{"data":"Zap","floor":12.0,"key":"SMITH"},{"data":"Chaos","floor":15.0,"key":"SMITH"},{"floor":23.0,"key":"REST"},{"data":"Coolheaded","floor":32.0,"key":"SMITH"},{"data":"Panacea","floor":40,"key":"SMITH"},{"floor":44,"key":"REST"},{"floor":46,"key":"REST"},{"data":"Coolheaded","floor":49,"key":"SMITH"}],"neow_cost":"NO_GOLD","seed_source_timestamp":383125536308,"circlet_count":0,"master_deck":["AscendersBane","Strike_B+1","Strike_B+1","Strike_B+1","Defend_B+1","Defend_B+1","Defend_B+1","Defend_B+1","Zap+1","Dualcast+1","Leap+1","Streamline+1","Defragment+1","Undo+1","Sunder+1","Multi-Cast+1","BootSequence+1","Chaos+1","Biased Cognition+1","Turbo+1","Auto Shields+1","Beam Cell+1","Coolheaded+1","Necronomicurse","Core Surge+1","Chill+1","Capacitor+1","Biased Cognition+1","Electrodynamics+1","Panacea+1","Glacier+1","Coolheaded+1"],"special_seed":0,"relics":["Cracked Core","Matryoshka","Oddly Smooth Stone","Bag of Preparation","Pear","Orrery","Necronomicon","Orichalcum","Blood Vial","Centennial Puzzle","Busted Crown","Bag of Marbles","Mark of the Bloom"],"potions_floor_usage":[41,51],"damage_taken":[{"damage":16.0,"enemies":"Small Slimes","floor":1.0,"turns":4.0},{"damage":0.0,"enemies":"2 Louse","floor":2.0,"turns":2.0},{"damage":7.0,"enemies":"Jaw Worm","floor":5.0,"turns":3.0},{"damage":13.0,"enemies":"Lagavulin","floor":8.0,"turns":6.0},{"damage":17.0,"enemies":"Gremlin Nob","floor":13.0,"turns":4.0},{"damage":0.0,"enemies":"Large Slime","floor":14.0,"turns":4.0},{"damage":7.0,"enemies":"The Guardian","floor":16.0,"turns":11.0},{"damage":0.0,"enemies":"Spheric Guardian","floor":18.0,"turns":3.0},{"damage":0.0,"enemies":"Shell Parasite","floor":20.0,"turns":2.0},{"damage":11.0,"enemies":"Snake Plant","floor":22.0,"turns":5.0},{"damage":8.0,"enemies":"Centurion and Healer","floor":25.0,"turns":6.0},{"damage":0.0,"enemies":"Book of Stabbing","floor":27.0,"turns":4.0},{"damage":8.0,"enemies":"Cultist and Chosen","floor":28.0,"turns":4.0},{"damage":14.0,"enemies":"Snecko","floor":30.0,"turns":4.0},{"damage":0.0,"enemies":"Centurion and Healer","floor":31.0,"turns":8.0},{"damage":48.0,"enemies":"Automaton","floor":33.0,"turns":13.0},{"damage":0.0,"enemies":"3 Shapes","floor":35.0,"turns":2.0},{"damage":0,"enemies":"Orb Walker","floor":38,"turns":2},{"damage":7,"enemies":"3 Darklings","floor":39,"turns":6},{"damage":47,"enemies":"Spire Growth","floor":41,"turns":6},{"damage":2,"enemies":"Maw","floor":48,"turns":8},{"damage":11,"enemies":"Donu and Deca","floor":50,"turns":9},{"damage":18,"enemies":"Time Eater","floor":51,"turns":11}],"seed_played":"-1525175413188166412","potions_obtained":[{"floor":2.0,"key":"Swift Potion"},{"floor":5.0,"key":"Block Potion"},{"floor":16.0,"key":"Energy Potion"},{"floor":22.0,"key":"Energy Potion"},{"floor":25.0,"key":"Strength Potion"},{"floor":27.0,"key":"SkillPotion"},{"floor":30.0,"key":"FocusPotion"},{"floor":41,"key":"FairyPotion"}],"is_trial":false,"path_per_floor":["M","M","?","?","M","R","$","E","T","R","?","R","E","M","R","B",null,"M","?","M","?","M","R","?","M","T","E","M","$","M","M","R","B",null,"M","?","$","M","M","R","M","?","T","R","?","R","$","M","R","B","B",null],"character_chosen":"DEFECT","items_purchased":["Undo","Sunder","Capacitor","Block Potion","Panacea","Coolheaded"],"campfire_rested":3,"item_purchase_floors":[7,7,29,29,37,47],"current_hp_per_floor":[62,62,51,51,44,44,44,31,31,31,31,31,24,24,24,17,76,76,55,55,55,44,72,72,64,64,66,60,60,48,50,50,4,72,74,74,74,76,71,71,26,26,26,54,54,54,54,52,52,41,23],"gold":45,"neow_bonus":"TWENTY_PERCENT_HP_BONUS","is_prod":false,"is_daily":false,"chose_seed":false,"campfire_upgraded":7,"win_rate":0,"timestamp":1548898554,"path_taken":["M","M","?","?","M","R","$","E","T","R","?","R","E","M","R","BOSS","M","?","M","?","M","R","?","M","T","E","?","$","?","M","R","BOSS","M","?","$","M","M","R","M","?","T","R","?","R","?","M","R","BOSS","BOSS"],"build_version":"2019-01-23","purchased_purges":2,"victory":true,"max_hp_per_floor":[85,85,85,85,85,85,85,85,85,85,85,85,95,95,95,95,95,95,95,95,95,95,95,95,95,95,95,95,95,95,95,95,95,95,95,95,95,95,95,95,95,95,95,95,95,95,95,95,95,95,95],"card_choices":[{"not_picked":["Sweeping Beam","Blizzard"],"picked":"Leap","floor":1.0},{"not_picked":["Gash","Conserve Battery"],"picked":"Streamline","floor":2.0},{"not_picked":["Beam Cell","Rebound"],"picked":"Defragment","floor":5.0},{"not_picked":["Go for the Eyes","BootSequence"],"picked":"Multi-Cast","floor":8.0},{"not_picked":["Streamline","Genetic Algorithm"],"picked":"BootSequence","floor":13.0},{"not_picked":["Leap","Redo"],"picked":"Chaos","floor":14.0},{"not_picked":["Rainbow","Buffer"],"picked":"Biased Cognition","floor":16.0},{"not_picked":["Force Field","Streamline"],"picked":"Turbo","floor":17.0},{"not_picked":["Compile Driver","Heatsinks"],"picked":"Auto Shields","floor":17.0},{"not_picked":["FTL","Compile Driver"],"picked":"Beam Cell","floor":17.0},{"not_picked":["Beam Cell","Loop"],"picked":"Coolheaded","floor":17.0},{"not_picked":["Melter","Beam Cell","Static Discharge"],"picked":"SKIP","floor":18.0},{"not_picked":["Beam Cell","Coolheaded","Heatsinks"],"picked":"SKIP","floor":20.0},{"not_picked":["Blizzard","Ball Lightning+1"],"picked":"Core Surge","floor":22.0},{"not_picked":["Compile Driver","Gash"],"picked":"Chill","floor":25.0},{"not_picked":["Compile Driver","Blizzard","Cold Snap"],"picked":"SKIP","floor":27.0},{"not_picked":["Rebound","Compile Driver"],"picked":"Conserve Battery","floor":28.0},{"not_picked":["Force Field","Redo"],"picked":"Biased Cognition","floor":30.0},{"not_picked":["Capacitor","Barrage","Gash"],"picked":"SKIP","floor":31.0},{"not_picked":["Multi-Cast","Buffer"],"picked":"Electrodynamics","floor":33.0},{"not_picked":["Beam Cell"],"picked":"SKIP","floor":35.0},{"not_picked":["Barrage"],"picked":"SKIP","floor":38},{"not_picked":["Ball Lightning+1"],"picked":"SKIP","floor":39},{"not_picked":[],"picked":"Glacier","floor":41},{"not_picked":["Steam"],"picked":"SKIP","floor":48}],"player_experience":736096,"relics_obtained":[{"floor":8.0,"key":"Matryoshka"},{"floor":9.0,"key":"Oddly Smooth Stone"},{"floor":9.0,"key":"Bag of Preparation"},{"floor":13.0,"key":"Pear"},{"floor":19.0,"key":"Necronomicon"},{"floor":26.0,"key":"Orichalcum"},{"floor":26.0,"key":"Blood Vial"},{"floor":27.0,"key":"Centennial Puzzle"},{"floor":43,"key":"Bag of Marbles"}],"event_choices":[{"damage_healed":0.0,"max_hp_gain":0.0,"max_hp_loss":0.0,"gold_gain":75.0,"event_name":"World of Goop","player_choice":"Gather Gold","floor":3.0,"gold_loss":0.0,"damage_taken":11.0},{"damage_healed":0.0,"max_hp_gain":0.0,"max_hp_loss":0.0,"gold_gain":67.0,"event_name":"Golden Wing","player_choice":"Gained Gold","floor":4.0,"gold_loss":0.0,"damage_taken":0.0},{"damage_healed":0.0,"max_hp_gain":0.0,"max_hp_loss":0.0,"gold_gain":0.0,"event_name":"Living Wall","player_choice":"Grow","floor":11.0,"gold_loss":0.0,"damage_taken":0.0,"cards_upgraded":["Sunder"]},{"damage_healed":0.0,"max_hp_gain":0.0,"max_hp_loss":0.0,"gold_gain":0.0,"event_name":"Cursed Tome","player_choice":"Obtained Book","floor":19.0,"gold_loss":0.0,"damage_taken":21.0},{"damage_healed":0.0,"max_hp_gain":0.0,"max_hp_loss":0.0,"gold_gain":0.0,"event_name":"Forgotten Altar","player_choice":"Smashed Altar","floor":21.0,"gold_loss":0.0,"damage_taken":0.0,"cards_obtained":["Decay"]},{"damage_healed":0.0,"max_hp_gain":0.0,"max_hp_loss":0.0,"gold_gain":0.0,"event_name":"FaceTrader","player_choice":"Leave","floor":24.0,"gold_loss":0.0,"damage_taken":0.0},{"damage_healed":0.0,"max_hp_gain":0.0,"max_hp_loss":0.0,"gold_gain":0.0,"event_name":"Mysterious Sphere","player_choice":"Ignored","floor":36.0,"gold_loss":0.0,"damage_taken":0.0},{"cards_removed":["Conserve Battery"],"damage_healed":0,"gold_gain":0,"player_choice":"Removed Skill","damage_taken":0,"max_hp_gain":0,"max_hp_loss":0,"event_name":"Falling","floor":42,"gold_loss":0},{"damage_healed":0,"gold_gain":0,"player_choice":"Upgrade","damage_taken":0,"relics_obtained":["Mark of the Bloom"],"max_hp_gain":0,"max_hp_loss":0,"event_name":"MindBloom","floor":45,"gold_loss":0,"cards_upgraded":["Strike_B","Strike_B","Strike_B","Defend_B","Defend_B","Defend_B","Defend_B","Dualcast","Leap","Undo","Multi-Cast","BootSequence","Biased Cognition","Turbo","Auto Shields","Beam Cell","Core Surge","Chill","Capacitor","Biased Cognition","Electrodynamics","Glacier"]}],"is_beta":true,"boss_relics":[{"not_picked":["Ectoplasm","Runic Dome"],"picked":"Orrery"},{"not_picked":["Black Star","Fusion Hammer"],"picked":"Busted Crown"}],"items_purged_floors":[29,37],"is_endless":false,"potions_floor_spawned":[2,5,8,16,22,25,27,30,31,33,39,41],"ascension_level":20}