{"gold_per_floor":[111,125,139,154,229,264,264,290,314,328,392,420,420,449,449,554,554,570,510],"floor_reached":19,"playtime":824,"items_purged":[],"score":217,"play_id":"49a7921c-70d8-4cf8-ac2b-b65bf42191f4","local_time":"20190808070118","is_ascension_mode":true,"campfire_choices":[{"floor":7,"key":"REST"},{"floor":15,"key":"REST"}],"neow_cost":"NONE","seed_source_timestamp":1375892478046579,"circlet_count":0,"master_deck":["Strike_R","Strike_R","Strike_R","Strike_R","Strike_R","Defend_R","Defend_R","Defend_R","Defend_R","Bash","Infernal Blade","Juggernaut","Wild Strike","Fire Breathing","Infernal Blade","Immolate"],"relics":["Burning Blood","Kunai","Regal Pillow","Vajra","Happy Flower","FossilizedHelix","Black Star"],"potions_floor_usage":[4,4,6,12,14],"damage_taken":[{"damage":0,"enemies":"Small Slimes","floor":1,"turns":3},{"damage":13,"enemies":"Jaw Worm","floor":2,"turns":5},{"damage":0,"enemies":"2 Louse","floor":3,"turns":2},{"damage":1,"enemies":"Exordium Thugs","floor":4,"turns":3},{"damage":36,"enemies":"Lagavulin","floor":6,"turns":6},{"damage":20,"enemies":"Gremlin Nob","floor":8,"turns":4},{"damage":7,"enemies":"Red Slaver","floor":10,"turns":4},{"damage":19,"enemies":"3 Sentries","floor":12,"turns":7},{"damage":18,"enemies":"Lagavulin","floor":14,"turns":5},{"damage":58,"enemies":"Hexaghost","floor":16,"turns":10},{"damage":52,"enemies":"Chosen","floor":18,"turns":6},{"damage":40,"enemies":"2 Thieves","floor":19,"turns":3}],"seed_played":"2528867429944338416","potions_obtained":[{"floor":0,"key":"Poison Potion"},{"floor":0,"key":"GamblersBrew"},{"floor":0,"key":"PowerPotion"},{"floor":2,"key":"Block Potion"},{"floor":8,"key":"SkillPotion"},{"floor":12,"key":"Energy Potion"}],"is_trial":false,"path_per_floor":["M","M","M","M","?","E","R","E","T","M","?","E","?","E","R","B",null,"M","M"],"character_chosen":"IRONCLAD","items_purchased":[],"campfire_rested":2,"item_purchase_floors":[],"current_hp_per_floor":[80,73,79,80,69,39,63,49,49,48,48,35,35,23,62,10,80,34,0],"gold":510,"neow_bonus":"THREE_SMALL_POTIONS","is_prod":false,"is_daily":false,"chose_seed":false,"campfire_upgraded":0,"win_rate":0,"timestamp":1565262078,"path_taken":["M","M","M","M","?","E","R","E","T","M","?","E","?","E","R","BOSS","M","M"],"build_version":"2019-06-28","purchased_purges":0,"victory":false,"max_hp_per_floor":[80,80,80,80,80,80,80,80,80,80,80,80,80,80,80,80,80,80,80],"card_choices":[{"not_picked":["Hemokinesis","Corruption","Heavy Blade"],"picked":"SKIP","floor":1},{"not_picked":["Wild Strike","Flex"],"picked":"Infernal Blade","floor":2},{"not_picked":["Pummel","Armaments","Heavy Blade"],"picked":"SKIP","floor":3},{"not_picked":["Metallicize","Perfected Strike","Corruption"],"picked":"SKIP","floor":4},{"not_picked":["Fire Breathing","Sword Boomerang"],"picked":"Juggernaut","floor":6},{"not_picked":["Warcry","Perfected Strike"],"picked":"Wild Strike","floor":8},{"not_picked":["Blood for Blood","Bloodletting","Sever Soul"],"picked":"SKIP","floor":10},{"not_picked":["Twin Strike","Pummel"],"picked":"Fire Breathing","floor":12},{"not_picked":["Metallicize","Iron Wave"],"picked":"Infernal Blade","floor":14},{"not_picked":["Limit Break","Dark Embrace"],"picked":"Immolate","floor":16},{"not_picked":["Whirlwind","True Grit","Metallicize"],"picked":"SKIP","floor":18}],"player_experience":50968,"relics_obtained":[{"floor":6,"key":"Kunai"},{"floor":8,"key":"Regal Pillow"},{"floor":9,"key":"Vajra"},{"floor":12,"key":"Happy Flower"},{"floor":14,"key":"FossilizedHelix"}],"event_choices":[{"damage_healed":0,"gold_gain":75,"player_choice":"Gather Gold","damage_taken":11,"max_hp_gain":0,"max_hp_loss":0,"event_name":"World of Goop","floor":5,"gold_loss":0},{"damage_healed":0,"gold_gain":64,"player_choice":"Gained Gold","damage_taken":0,"max_hp_gain":0,"max_hp_loss":0,"event_name":"Golden Wing","floor":11,"gold_loss":0},{"damage_healed":0,"gold_gain":0,"player_choice":"Ignored","damage_taken":0,"max_hp_gain":0,"max_hp_loss":0,"event_name":"Shining Light","floor":13,"gold_loss":0}],"is_beta":true,"boss_relics":[{"not_picked":["Runic Pyramid","Ectoplasm"],"picked":"Black Star"}],"items_purged_floors":[],"is_endless":false,"potions_floor_spawned":[2,3,8,12],"killed_by":"2 Thieves","ascension_level":2}