{"gold_per_floor":[109,129,74,74,74,100,100,110,110,121,121,121,151,151,151,224,224,224],"floor_reached":18,"playtime":491,"items_purged":[],"score":347,"play_id":"ef30d50a-afcf-4e0f-9692-d30b16569589","local_time":"20190129144019","is_ascension_mode":true,"campfire_choices":[{"data":"Neutralize","floor":7,"key":"SMITH"},{"data":"Bouncing Flask","floor":11,"key":"SMITH"},{"data":"Deadly Poison","floor":15,"key":"SMITH"}],"neow_cost":"NONE","seed_source_timestamp":22370272884642,"circlet_count":0,"master_deck":["AscendersBane","Defend_G","Defend_G","Defend_G","Defend_G","Defend_G","Strike_G","Strike_G","Strike_G","Strike_G","Survivor","Neutralize+1","Bouncing Flask+1","Deadly Poison+1","Backflip","Dash","Parasite"],"relics":["Ring of the Snake","NeowsBlessing","Bottled Flame","Regal Pillow","Bird Faced Urn","Calipers","Coffee Dripper"],"potions_floor_usage":[],"damage_taken":[{"damage":0,"enemies":"Cultist","floor":1,"turns":1},{"damage":0,"enemies":"Small Slimes","floor":2,"turns":1},{"damage":0,"enemies":"3 Sentries","floor":6,"turns":2},{"damage":0,"enemies":"2 Louse","floor":8,"turns":3},{"damage":18,"enemies":"Exordium Thugs","floor":10,"turns":6},{"damage":17,"enemies":"Gremlin Nob","floor":13,"turns":4},{"damage":24,"enemies":"Hexaghost","floor":16,"turns":9},{"damage":27,"enemies":"3 Byrds","floor":18,"turns":7}],"seed_played":"1498448747160720614","potions_obtained":[{"floor":1,"key":"EssenceOfSteel"},{"floor":8,"key":"Regen Potion"},{"floor":13,"key":"PowerPotion"}],"is_trial":false,"path_per_floor":["M","M","$","?","?","E","R","M","T","M","R","?","E","T","R","B",null,"M"],"character_chosen":"THE_SILENT","items_purchased":["Deadly Poison"],"campfire_rested":0,"item_purchase_floors":[3],"current_hp_per_floor":[59,59,59,52,47,47,47,47,47,29,29,45,28,28,28,4,51,24],"gold":224,"neow_bonus":"THREE_ENEMY_KILL","is_prod":false,"is_daily":false,"chose_seed":false,"campfire_upgraded":3,"win_rate":0,"timestamp":1548744019,"path_taken":["M","M","$","?","?","E","R","M","T","M","R","?","E","?","R","BOSS","M"],"build_version":"2019-01-23","purchased_purges":0,"victory":false,"max_hp_per_floor":[66,66,66,66,66,66,66,66,66,66,66,66,66,66,66,66,66,66],"card_choices":[{"not_picked":["Eviscerate","Flying Knee","Finisher"],"picked":"SKIP","floor":1},{"not_picked":["Underhanded Strike","Prepared"],"picked":"Bouncing Flask","floor":2},{"not_picked":["Deflect","Predator"],"picked":"Backflip","floor":6},{"not_picked":["Backflip","Deflect","Reflex"],"picked":"SKIP","floor":8},{"not_picked":["Slice","Deadly Poison"],"picked":"Dash","floor":10},{"not_picked":["Dagger Spray","Blade Dance","Deadly Poison"],"picked":"SKIP","floor":13}],"player_experience":723244,"relics_obtained":[{"floor":6,"key":"Bottled Flame"},{"floor":9,"key":"Regal Pillow"},{"floor":13,"key":"Bird Faced Urn"},{"floor":14,"key":"Calipers"}],"event_choices":[{"cards_removed":["Strike_G"],"damage_healed":0,"gold_gain":0,"player_choice":"Card Removal","damage_taken":7,"max_hp_gain":0,"max_hp_loss":0,"event_name":"Golden Wing","floor":4,"gold_loss":0},{"damage_healed":0,"gold_gain":0,"player_choice":"Fled","damage_taken":5,"max_hp_gain":0,"max_hp_loss":0,"event_name":"Scrap Ooze","floor":5,"gold_loss":0},{"damage_healed":16,"gold_gain":0,"player_choice":"Healed and dodged fight","damage_taken":0,"max_hp_gain":0,"max_hp_loss":0,"event_name":"Mushrooms","floor":12,"gold_loss":0,"cards_obtained":["Parasite"]}],"is_beta":true,"boss_relics":[{"not_picked":["Eternal Feather","Orrery"],"picked":"Coffee Dripper"}],"items_purged_floors":[],"is_endless":false,"potions_floor_spawned":[1,8,13],"killed_by":"3 Byrds","ascension_level":16}