{"gold_per_floor":[109,129,129,129,143,143,173,173,198,228,228,251,92,57,57,186,186,201,235,235,155,168,168,24,24,24,24,24,35,47,47,47,143,143,156,156],"floor_reached":36,"playtime":2201,"items_purged":["Defend_B"],"score":448,"play_id":"8c445f04-654b-4ea4-a0fd-710a2285fcf8","local_time":"20180722083557","is_ascension_mode":true,"campfire_choices":[{"data":"Gash","floor":6.0,"key":"SMITH"},{"floor":8.0,"key":"REST"},{"floor":15.0,"key":"REST"},{"data":"Dualcast","floor":23.0,"key":"SMITH"},{"data":"Zap","floor":25.0,"key":"SMITH"},{"floor":27.0,"key":"REST"},{"data":"Skim","floor":32.0,"key":"SMITH"}],"neow_cost":"NONE","seed_source_timestamp":0,"circlet_count":0,"master_deck":["Strike_B","Strike_B","Defend_B","Defend_B","Zap+1","Dualcast+1","Gash+1","Cold Snap","Conserve Battery","All For One","Turbo","Skim+1","Echo Form","Sweeping Beam+1","Glacier","Scrape+1","Go for the Eyes","Reboot","Clumsy","Parasite","Regret"],"special_seed":0,"relics":["Lizard Tail","Strawberry","Centennial Puzzle","Vajra","Bloody Idol","Empty Cage","Red Mask","Bag of Preparation","Meat on the Bone","Calling Bell","Potion Belt","Letter Opener","Torii"],"potions_floor_usage":[33,33,33],"damage_taken":[{"damage":1.0,"enemies":"Cultist","floor":1.0,"turns":4.0},{"damage":10.0,"enemies":"2 Louse","floor":2.0,"turns":3.0},{"damage":8.0,"enemies":"Jaw Worm","floor":5.0,"turns":4.0},{"damage":48.0,"enemies":"Gremlin Nob","floor":10.0,"turns":5.0},{"damage":2.0,"enemies":"Red Slaver","floor":12.0,"turns":3.0},{"damage":34.0,"enemies":"The Guardian","floor":16.0,"turns":11.0},{"damage":11.0,"enemies":"Spheric Guardian","floor":18.0,"turns":3.0},{"damage":25.0,"floor":19.0,"turns":5.0},{"damage":13.0,"enemies":"3 Byrds","floor":22.0,"turns":7.0},{"damage":12.0,"enemies":"Slaver and Parasite","floor":29.0,"turns":7.0},{"damage":10.0,"enemies":"Snecko","floor":30.0,"turns":3.0},{"damage":77,"enemies":"Collector","floor":33,"turns":12},{"damage":21,"enemies":"Flame Bruiser 1 Orb","floor":35,"turns":4},{"damage":67,"enemies":"3 Darklings","floor":36,"turns":4}],"seed_played":"-8608555931450121605","potions_obtained":[{"floor":10.0,"key":"Block Potion"},{"floor":12.0,"key":"Regen Potion"},{"floor":22.0,"key":"AttackPotion"},{"floor":30.0,"key":"SpeedPotion"},{"floor":33,"key":"SneckoOil"}],"is_trial":false,"path_per_floor":["M","M","?","?","M","R","?","R","T","E","?","M","$","?","R","B",null,"M","?","?","$","M","R","$","R","T","R","?","M","M","?","R","B",null,"M"],"character_chosen":"DEFECT","items_purchased":["Turbo","Skim","Scrape","Bag of Preparation"],"campfire_rested":3,"item_purchase_floors":[13,13,21,24],"current_hp_per_floor":[74,64,57,57,49,49,49,73,73,25,5,3,3,23,47,13,65,54,29,29,29,21,21,21,21,21,45,45,50,57,57,57,56,76,60,0],"gold":156,"neow_bonus":"BOSS_RELIC","is_prod":false,"is_daily":false,"chose_seed":false,"campfire_upgraded":4,"win_rate":0,"timestamp":1532219757,"path_taken":["M","M","?","?","M","R","?","R","T","E","?","?","?","?","R","BOSS","M","?","?","$","?","R","$","R","T","R","?","?","M","?","R","BOSS","M","M"],"build_version":"2018-07-19v2","purchased_purges":1,"victory":false,"max_hp_per_floor":[75,75,75,82,82,82,82,82,82,82,82,82,82,82,82,82,82,82,82,82,82,82,82,82,82,82,82,82,82,82,82,82,82,82,82,82],"card_choices":[{"not_picked":["Barrage","Reprogram"],"picked":"Gash","floor":1.0},{"not_picked":["Heatsinks","Blizzard","Recycle"],"picked":"SKIP","floor":2.0},{"not_picked":["Force Field","Compile Driver"],"picked":"Cold Snap","floor":5.0},{"not_picked":["Rip and Tear","Leap"],"picked":"Conserve Battery","floor":10.0},{"not_picked":["Ball Lightning","Redo"],"picked":"All For One","floor":12.0},{"not_picked":["Multi-Cast","Buffer"],"picked":"Echo Form","floor":16.0},{"not_picked":["Conserve Battery+1","Double Energy"],"picked":"Sweeping Beam+1","floor":18.0},{"not_picked":["Hologram","Barrage"],"picked":"Glacier","floor":19.0},{"not_picked":["Conserve Battery+1","Compile Driver"],"picked":"Go for the Eyes","floor":22.0},{"not_picked":["Ball Lightning","Barrage","Lockon+1"],"picked":"SKIP","floor":29.0},{"not_picked":["Darkness","Aggregate","Steam+1"],"picked":"SKIP","floor":30.0},{"not_picked":["Creative AI","Biased Cognition"],"picked":"Reboot","floor":33},{"not_picked":["Turbo","Steam+1","Sweeping Beam"],"picked":"SKIP","floor":35}],"player_experience":145261,"relics_obtained":[{"floor":9.0,"key":"Centennial Puzzle"},{"floor":10.0,"key":"Vajra"},{"floor":19.0,"key":"Red Mask"},{"floor":26.0,"key":"Meat on the Bone"},{"floor":34,"key":"Potion Belt"},{"floor":34,"key":"Letter Opener"},{"floor":34,"key":"Torii"}],"event_choices":[{"event_name":"Golden Wing","player_choice":"Card Removal","floor":3.0,"damage_taken":0.0},{"event_name":"Scrap Ooze","player_choice":"success","floor":4.0,"damage_taken":7.0},{"event_name":"Dead Adventurer","player_choice":"Searched \u00271\u0027 times","floor":7.0,"damage_taken":0.0},{"event_name":"Golden Idol","player_choice":"Take Damage","floor":11.0,"damage_taken":0.0},{"event_name":"The Cleric","player_choice":"Healed","floor":14.0,"damage_taken":0.0},{"event_name":"Masked Bandits","player_choice":"Fought over 201 gold","floor":19.0,"damage_taken":0.0},{"event_name":"Forgotten Altar","player_choice":"Gave Idol","floor":20.0,"damage_taken":0.0},{"event_name":"Upgrade Shrine","player_choice":"Upgraded","floor":28.0,"damage_taken":0.0},{"event_name":"Drug Dealer","player_choice":"Ignored","floor":31.0,"damage_taken":0.0}],"is_beta":false,"boss_relics":[{"not_picked":["Philosopher\u0027s Stone","Sozu"],"picked":"Empty Cage"},{"not_picked":["Tiny House","Coffee Dripper"],"picked":"Calling Bell"}],"items_purged_floors":[13],"is_endless":false,"potions_floor_spawned":[10,12,22,30,33],"killed_by":"3 Darklings","ascension_level":5}