{"gold_per_floor":[110,126,139,159,171,171,202,202,202,222,222,234,234,75,75,152,152,164,214,232,251,251,251,271,271,297,297,69,69,85,85,85,160,160,172,192,192,292,311,311,311,330,330,65,65,65,78,93,93,93,93],"floor_reached":52,"playtime":3639,"items_purged":["Pain","Strike_G+1"],"score":1612,"play_id":"a98c4eab-7737-4a5a-8131-3540d75b6293","local_time":"20190130141412","is_ascension_mode":true,"campfire_choices":[{"data":"Malaise","floor":6.0,"key":"SMITH"},{"data":"Neutralize","floor":8.0,"key":"SMITH"},{"data":"Bouncing Flask","floor":13.0,"key":"SMITH"},{"floor":15.0,"key":"REST"},{"data":"Wraith Form v2","floor":23.0,"key":"SMITH"},{"data":"Deadly Poison","floor":25.0,"key":"SMITH"},{"floor":27.0,"key":"REST"},{"data":"Well Laid Plans","floor":32.0,"key":"SMITH"},{"data":"Burst","floor":40.0,"key":"SMITH"},{"data":"Footwork","floor":45.0,"key":"SMITH"},{"data":"Leg Sweep","floor":49.0,"key":"SMITH"}],"neow_cost":"NONE","seed_source_timestamp":20177989516924,"circlet_count":0,"master_deck":["AscendersBane","Defend_G+1","Defend_G+1","Defend_G+1","Defend_G+1","Defend_G+1","Strike_G+1","Strike_G+1","Strike_G+1","Survivor","Neutralize+1","Backflip","Predator","Malaise+1","Bouncing Flask+1","Well Laid Plans+1","Wraith Form v2+1","Deadly Poison+1","Ghostly","Ghostly","Ghostly","Leg Sweep+1","Burst+1","PiercingWail","Blur+1","Footwork+1"],"special_seed":0,"relics":["Ring of the Snake","StoneCalendar","Mercury Hourglass","WarpedTongs","White Beast Statue","Centennial Puzzle","TwistedFunnel","Velvet Choker","Girya","Tingsha"],"potions_floor_usage":[51],"damage_taken":[{"damage":6.0,"enemies":"Jaw Worm","floor":1.0,"turns":7.0},{"damage":1.0,"enemies":"Cultist","floor":2.0,"turns":5.0},{"damage":4.0,"enemies":"Small Slimes","floor":3.0,"turns":4.0},{"damage":0.0,"enemies":"2 Fungi Beasts","floor":4.0,"turns":2.0},{"damage":2.0,"enemies":"Looter","floor":5.0,"turns":5.0},{"damage":35.0,"enemies":"3 Sentries","floor":7.0,"turns":16.0},{"damage":0.0,"enemies":"Exordium Thugs","floor":10.0,"turns":4.0},{"damage":3.0,"enemies":"Exordium Wildlife","floor":12.0,"turns":2.0},{"damage":16.0,"enemies":"The Guardian","floor":16.0,"turns":8.0},{"damage":7.0,"enemies":"3 Byrds","floor":18.0,"turns":6.0},{"damage":3.0,"enemies":"Spheric Guardian","floor":20.0,"turns":6.0},{"damage":12.0,"enemies":"Snake Plant","floor":21.0,"turns":6.0},{"damage":10.0,"enemies":"Chosen and Byrds","floor":24.0,"turns":6.0},{"damage":13.0,"enemies":"Cultist and Chosen","floor":30.0,"turns":7.0},{"damage":5.0,"enemies":"Collector","floor":33.0,"turns":10.0},{"damage":1.0,"enemies":"Orb Walker","floor":35.0,"turns":4.0},{"damage":6.0,"enemies":"3 Darklings","floor":36.0,"turns":6.0},{"damage":1.0,"enemies":"Mind Bloom Boss Battle","floor":38.0,"turns":7.0},{"damage":0.0,"enemies":"Transient","floor":39.0,"turns":6.0},{"damage":3.0,"enemies":"Jaw Worm Horde","floor":42.0,"turns":6.0},{"damage":0.0,"enemies":"Maw","floor":47.0,"turns":8.0},{"damage":1.0,"enemies":"Sphere and 2 Shapes","floor":48.0,"turns":6.0},{"damage":12.0,"enemies":"Donu and Deca","floor":50.0,"turns":19.0},{"damage":3,"enemies":"Time Eater","floor":51,"turns":20}],"seed_played":"-4272468696658961882","potions_obtained":[{"floor":0.0,"key":"Explosive Potion"},{"floor":0.0,"key":"SmokeBomb"},{"floor":4.0,"key":"SkillPotion"},{"floor":10.0,"key":"Explosive Potion"},{"floor":12.0,"key":"SteroidPotion"},{"floor":16.0,"key":"PowerPotion"},{"floor":20.0,"key":"Ancient Potion"},{"floor":38.0,"key":"PowerPotion"}],"is_trial":false,"path_per_floor":["M","M","M","M","M","R","E","R","T","M","?","M","R","$","R","B",null,"M","?","M","M","?","R","M","R","T","R","$","?","M","?","R","B",null,"M","M","?","?","M","R","?","M","T","$","R","$","M","M","R","B","B",null],"character_chosen":"THE_SILENT","items_purchased":["Well Laid Plans","TwistedFunnel","GhostInAJar","Footwork"],"campfire_rested":2,"item_purchase_floors":[14,28,44,44],"current_hp_per_floor":[53,52,48,48,46,46,11,11,11,11,11,8,8,8,27,11,52,45,45,42,30,30,30,20,20,20,39,39,33,20,20,20,15,29,28,22,22,21,21,21,21,18,18,18,18,18,18,17,17,5,2],"gold":93,"neow_bonus":"THREE_SMALL_POTIONS","is_prod":false,"is_daily":false,"chose_seed":false,"campfire_upgraded":9,"win_rate":0,"timestamp":1548828852,"path_taken":["M","M","M","M","M","R","E","R","T","M","?","M","R","$","R","BOSS","M","?","M","M","?","R","M","R","T","R","$","?","M","?","R","BOSS","M","M","?","?","M","R","?","M","T","$","R","$","M","M","R","BOSS","BOSS"],"build_version":"2019-01-23","purchased_purges":2,"victory":true,"max_hp_per_floor":[66,66,66,66,66,66,66,66,66,66,66,66,66,66,66,66,66,66,66,66,66,66,66,66,66,66,66,66,33,33,33,33,33,33,33,33,33,33,33,33,31,31,31,31,31,31,31,31,31,31,31],"card_choices":[{"not_picked":["Sucker Punch","PiercingWail"],"picked":"Backflip","floor":1.0},{"not_picked":["Sucker Punch","Dodge and Roll"],"picked":"Predator","floor":2.0},{"not_picked":["Finisher","Blade Dance"],"picked":"Malaise","floor":3.0},{"not_picked":["Dagger Throw","Dagger Spray","Night Terror"],"picked":"SKIP","floor":4.0},{"not_picked":["Eviscerate","Underhanded Strike","Deflect"],"picked":"SKIP","floor":5.0},{"not_picked":["Leg Sweep","Skewer","Slice"],"picked":"SKIP","floor":7.0},{"not_picked":["Cloak And Dagger","Night Terror"],"picked":"Bouncing Flask","floor":10.0},{"not_picked":["Infinite Blades","Masterful Stab","Skewer"],"picked":"SKIP","floor":12.0},{"not_picked":["Storm of Steel","Envenom"],"picked":"Wraith Form v2","floor":16.0},{"not_picked":["Acrobatics","Finisher+1","Blade Dance"],"picked":"SKIP","floor":18.0},{"not_picked":["Acrobatics","Finisher+1","Blade Dance"],"picked":"SKIP","floor":18.0},{"not_picked":["Backflip","Bouncing Flask","Eviscerate+1"],"picked":"SKIP","floor":20.0},{"not_picked":["Backflip","Bouncing Flask","Eviscerate+1"],"picked":"SKIP","floor":20.0},{"not_picked":["Dagger Throw","Heel Hook","Infinite Blades"],"picked":"SKIP","floor":21.0},{"not_picked":["Setup","Dagger Spray"],"picked":"Deadly Poison","floor":24.0},{"not_picked":["Slice","Backflip","Well Laid Plans"],"picked":"SKIP","floor":30.0},{"not_picked":["Grand Finale","Adrenaline"],"picked":"Burst","floor":33.0},{"not_picked":["Prepared","Heel Hook"],"picked":"PiercingWail","floor":35.0},{"not_picked":["Blade Dance","Concentrate","Skewer+1"],"picked":"SKIP","floor":36.0},{"not_picked":["Reflex","Cloak And Dagger","PiercingWail"],"picked":"SKIP","floor":39.0},{"not_picked":["Backflip","Dagger Spray"],"picked":"Blur+1","floor":42.0},{"not_picked":["PiercingWail","Leg Sweep","Backflip"],"picked":"SKIP","floor":47.0},{"not_picked":["Flechettes","Accuracy","Outmaneuver"],"picked":"SKIP","floor":48.0}],"player_experience":732457,"relics_obtained":[{"floor":7.0,"key":"StoneCalendar"},{"floor":9.0,"key":"Mercury Hourglass"},{"floor":26.0,"key":"Centennial Puzzle"},{"floor":38.0,"key":"Girya"},{"floor":43.0,"key":"Tingsha"}],"event_choices":[{"damage_healed":0.0,"max_hp_gain":0.0,"max_hp_loss":0.0,"gold_gain":0.0,"event_name":"Accursed Blacksmith","player_choice":"Rummage","floor":11.0,"gold_loss":0.0,"damage_taken":0.0,"relics_obtained":["WarpedTongs"],"cards_obtained":["Pain"]},{"damage_healed":0.0,"max_hp_gain":0.0,"max_hp_loss":0.0,"gold_gain":50.0,"event_name":"Nest","player_choice":"Stole From Cult","floor":19.0,"gold_loss":0.0,"damage_taken":0.0},{"damage_healed":0.0,"max_hp_gain":0.0,"max_hp_loss":0.0,"gold_gain":0.0,"event_name":"Back to Basics","player_choice":"Simplicity","floor":22.0,"gold_loss":0.0,"damage_taken":0.0,"cards_upgraded":["Defend_G","Defend_G","Defend_G","Defend_G","Defend_G","Strike_G","Strike_G","Strike_G","Strike_G","Strike_G"]},{"damage_healed":0.0,"max_hp_gain":0.0,"max_hp_loss":33.0,"gold_gain":0.0,"event_name":"Ghosts","player_choice":"Became a Ghost","floor":29.0,"gold_loss":0.0,"damage_taken":0.0,"cards_obtained":["Ghostly","Ghostly","Ghostly"]},{"damage_healed":0.0,"max_hp_gain":0.0,"max_hp_loss":0.0,"gold_gain":0.0,"cards_transformed":["Strike_G"],"event_name":"Transmorgrifier","player_choice":"Transformed","floor":31.0,"gold_loss":0.0,"damage_taken":0.0,"cards_obtained":["Leg Sweep"]},{"damage_healed":0.0,"max_hp_gain":0.0,"max_hp_loss":0.0,"gold_gain":0.0,"event_name":"SensoryStone","player_choice":"Memory 1","floor":37.0,"gold_loss":0.0,"damage_taken":0.0},{"damage_healed":0.0,"max_hp_gain":0.0,"max_hp_loss":0.0,"gold_gain":0.0,"event_name":"MindBloom","player_choice":"Fight","floor":38.0,"gold_loss":0.0,"damage_taken":0.0},{"damage_healed":0.0,"max_hp_gain":0.0,"max_hp_loss":2.0,"gold_gain":0.0,"event_name":"Winding Halls","player_choice":"Max HP","floor":41.0,"gold_loss":0.0,"damage_taken":0.0}],"is_beta":true,"boss_relics":[{"not_picked":["WristBlade","Fusion Hammer"],"picked":"White Beast Statue"},{"not_picked":["Tiny House","HoveringKite"],"picked":"Velvet Choker"}],"items_purged_floors":[14,44],"is_endless":false,"potions_floor_spawned":[2,3,4,10,12,16,18,20,21,24,30,33,35,36,38,39,42,47,48],"ascension_level":20}