{"gold_per_floor":[113,38,95,110,25,25,59,77,77,77,77,77,147,147,147,238,238,259,298,317,331,331,331,345,181,181,181,202,226,41,41,41,137,137,156,489,711,724,136,136,171,171],"floor_reached":42,"playtime":1531,"items_purged":["Strike_B","Strike_B","Strike_B"],"score":994,"play_id":"06218b1a-d7f5-4a2b-9eb6-abb29c5e67a6","local_time":"20190131141651","is_ascension_mode":true,"campfire_choices":[{"data":"Loop","floor":6.0,"key":"SMITH"},{"data":"Streamline","floor":10.0,"key":"SMITH"},{"data":"Dualcast","floor":12.0,"key":"SMITH"},{"data":"Zap","floor":15.0,"key":"SMITH"},{"data":"Electrodynamics","floor":23.0,"key":"SMITH"},{"floor":32.0,"key":"REST"},{"floor":40,"key":"REST"}],"neow_cost":"NONE","seed_source_timestamp":18345165878177,"circlet_count":0,"master_deck":["AscendersBane","Strike_B","Defend_B","Defend_B","Defend_B","Defend_B","Zap+1","Dualcast+1","Streamline+1","Undo","Loop+1","Cold Snap","Chill","Electrodynamics+1","Coolheaded+1","Reinforced Body","Glacier","Darkness","Consume","Glacier","Echo Form","Steam Power","Auto Shields"],"special_seed":0,"relics":["Cracked Core","NeowsBlessing","Blue Candle","Symbiotic Virus","Letter Opener","Inserter","Red Mask","Mango","Nuclear Battery","Toolbox","Lantern","Torii"],"potions_floor_usage":[41,42],"damage_taken":[{"damage":0.0,"enemies":"2 Louse","floor":1.0,"turns":1.0},{"damage":0.0,"enemies":"Small Slimes","floor":4.0,"turns":1.0},{"damage":0.0,"enemies":"Gremlin Nob","floor":7.0,"turns":1.0},{"damage":2.0,"enemies":"Jaw Worm","floor":8.0,"turns":4.0},{"damage":11.0,"enemies":"Hexaghost","floor":16.0,"turns":6.0},{"damage":4.0,"enemies":"Chosen","floor":18.0,"turns":4.0},{"damage":21.0,"enemies":"Masked Bandits","floor":19.0,"turns":5.0},{"damage":8.0,"enemies":"Spheric Guardian","floor":20.0,"turns":4.0},{"damage":0.0,"enemies":"Snake Plant","floor":21.0,"turns":3.0},{"damage":0.0,"enemies":"Snecko","floor":24.0,"turns":3.0},{"damage":23.0,"enemies":"Shelled Parasite and Fungi","floor":28.0,"turns":4.0},{"damage":20.0,"enemies":"Cultist and Chosen","floor":29.0,"turns":7.0},{"damage":13.0,"enemies":"Champ","floor":33.0,"turns":10.0},{"damage":3,"enemies":"Orb Walker","floor":35,"turns":3},{"damage":38,"enemies":"3 Darklings","floor":38,"turns":5},{"damage":74,"enemies":"Reptomancer","floor":41,"turns":7},{"damage":0,"enemies":"Spire Growth","floor":42,"turns":5}],"seed_played":"3388874836349386635","potions_obtained":[{"floor":16.0,"key":"Poison Potion"},{"floor":18.0,"key":"SteroidPotion"},{"floor":28.0,"key":"LiquidBronze"},{"floor":29.0,"key":"FearPotion"},{"floor":33.0,"key":"Regen Potion"},{"floor":41,"key":"Block Potion"}],"is_trial":false,"path_per_floor":["M","$","?","M","$","R","E","M","T","R","?","R","T","?","R","B",null,"M","?","M","M","?","R","M","$","T","T","M","M","$","?","R","B",null,"M","?","?","M","$","R","E","M"],"character_chosen":"DEFECT","items_purchased":["Loop","Glacier","Darkness","Consume","Toolbox","Lantern","Steam Power"],"campfire_rested":2,"item_purchase_floors":[5,25,25,30,39,39,39],"current_hp_per_floor":[64,64,64,64,64,64,64,62,62,62,67,67,67,41,41,30,65,61,40,32,32,47,47,47,47,47,61,38,18,18,18,45,32,76,73,73,73,35,35,62,3,3],"gold":171,"neow_bonus":"THREE_ENEMY_KILL","is_prod":false,"is_daily":false,"chose_seed":false,"campfire_upgraded":5,"win_rate":0,"timestamp":1548915411,"path_taken":["M","$","?","M","$","R","E","M","T","R","?","R","?","?","R","BOSS","M","?","M","M","?","R","M","$","T","?","M","M","$","?","R","BOSS","M","?","?","M","$","R","E","M"],"build_version":"2019-01-23","purchased_purges":3,"victory":false,"max_hp_per_floor":[71,71,71,71,71,71,71,71,71,71,76,76,76,76,76,76,76,76,76,76,76,76,76,76,76,76,90,90,90,90,90,90,90,90,90,90,90,90,90,90,90,90],"card_choices":[{"not_picked":["Barrage","White Noise"],"picked":"Streamline","floor":1.0},{"not_picked":["Hello World","Conserve Battery"],"picked":"Undo","floor":4.0},{"not_picked":["Turbo","Barrage"],"picked":"Cold Snap","floor":7.0},{"not_picked":["Go for the Eyes","Reprogram"],"picked":"Chill","floor":8.0},{"not_picked":["Biased Cognition","Meteor Strike"],"picked":"Electrodynamics","floor":16.0},{"not_picked":["Force Field","Streamline","Hello World"],"picked":"SKIP","floor":18.0},{"not_picked":["Sunder","Compile Driver"],"picked":"Coolheaded+1","floor":20.0},{"not_picked":["Compile Driver","Sunder","Beam Cell"],"picked":"SKIP","floor":21.0},{"not_picked":["Barrage","Leap"],"picked":"Reinforced Body","floor":24.0},{"not_picked":["Gash","Stack","Hello World"],"picked":"SKIP","floor":28.0},{"not_picked":["Hello World","Go for the Eyes","Steam Power"],"picked":"SKIP","floor":29.0},{"not_picked":["Seek","Reboot"],"picked":"Echo Form","floor":33.0},{"not_picked":["Compile Driver","Chill+1","Barrage"],"picked":"SKIP","floor":35},{"not_picked":["Go for the Eyes","Barrage","BootSequence"],"picked":"SKIP","floor":38},{"not_picked":["Ball Lightning","Leap"],"picked":"Auto Shields","floor":41}],"player_experience":741816,"relics_obtained":[{"floor":7.0,"key":"Blue Candle"},{"floor":9.0,"key":"Symbiotic Virus"},{"floor":13.0,"key":"Letter Opener"},{"floor":19.0,"key":"Red Mask"},{"floor":27.0,"key":"Mango"},{"floor":41,"key":"Torii"}],"event_choices":[{"damage_healed":0.0,"max_hp_gain":0.0,"max_hp_loss":0.0,"gold_gain":57.0,"event_name":"Golden Wing","player_choice":"Gained Gold","floor":3.0,"gold_loss":0.0,"damage_taken":0.0},{"damage_healed":0.0,"max_hp_gain":5.0,"max_hp_loss":0.0,"gold_gain":0.0,"event_name":"Big Fish","player_choice":"Donut","floor":11.0,"gold_loss":0.0,"damage_taken":0.0},{"damage_healed":0.0,"max_hp_gain":0.0,"max_hp_loss":0.0,"gold_gain":0.0,"event_name":"Golden Idol","player_choice":"Take Damage","floor":14.0,"gold_loss":0.0,"damage_taken":26.0,"relics_obtained":["Golden Idol"]},{"damage_healed":0.0,"max_hp_gain":0.0,"max_hp_loss":0.0,"gold_gain":0.0,"event_name":"Masked Bandits","player_choice":"Fought Bandits","floor":19.0,"gold_loss":0.0,"damage_taken":0.0},{"damage_healed":15.0,"max_hp_gain":0.0,"max_hp_loss":0.0,"gold_gain":0.0,"event_name":"The Library","player_choice":"Heal","floor":22.0,"gold_loss":0.0,"damage_taken":0.0},{"damage_healed":0.0,"max_hp_gain":0.0,"max_hp_loss":0.0,"gold_gain":0.0,"event_name":"Duplicator","player_choice":"Copied","floor":31.0,"gold_loss":0.0,"damage_taken":0.0,"cards_obtained":["Glacier"]},{"damage_healed":0,"gold_gain":333,"player_choice":"Gave Idol","damage_taken":0,"max_hp_gain":0,"max_hp_loss":0,"event_name":"The Moai Head","floor":36,"relics_lost":["Golden Idol"],"gold_loss":0},{"damage_healed":0,"gold_gain":222,"player_choice":"Wore Mask","damage_taken":0,"max_hp_gain":0,"max_hp_loss":0,"event_name":"Tomb of Lord Red Mask","floor":37,"gold_loss":0}],"is_beta":true,"boss_relics":[{"not_picked":["Fusion Hammer","Cursed Key"],"picked":"Inserter"},{"not_picked":["Pandora\u0027s Box","Orrery"],"picked":"Nuclear Battery"}],"items_purged_floors":[2,30,39],"is_endless":false,"potions_floor_spawned":[16,18,28,29,33,41],"killed_by":"Spire Growth","ascension_level":20}