{"gold_per_floor":[13,33,47,59,59,59,78,105,105,120,69,101,119,133,133,211,211,222,301,226,241,62,62,72,102,102,102,119,119,139,139,139,216,216,235,235,287,63,82,82,94,94,142,158,158,158,177,191,191,191,191],"floor_reached":52,"playtime":2909,"items_purged":["Strike_B","Defend_B"],"score":1801,"play_id":"d9aaf3bb-3b92-4b12-8221-c36a2bb1f0c0","local_time":"20190717165426","is_ascension_mode":true,"campfire_choices":[{"data":"Dualcast","floor":6.0,"key":"SMITH"},{"data":"Seek","floor":15.0,"key":"SMITH"},{"data":"Defragment","floor":23.0,"key":"SMITH"},{"data":"Coolheaded","floor":29,"key":"SMITH"},{"data":"Turbo","floor":32,"key":"SMITH"},{"data":"Biased Cognition","floor":40,"key":"SMITH"},{"data":"Blizzard","floor":42,"key":"SMITH"},{"floor":49,"key":"RECALL"}],"neow_cost":"NO_GOLD","seed_source_timestamp":27663311709543,"circlet_count":0,"master_deck":["AscendersBane","Zap+1","Dualcast+1","Lockon+1","Chill+1","Turbo+1","Cold Snap+1","Biased Cognition+1","Ball Lightning+1","Seek+1","Coolheaded+1","Rainbow+1","Glacier+1","Defragment+1","Panacea+1","Hologram+1","Self Repair+1","Glacier+1","Compile Driver+1","Fission+1","Meteor Strike+1","Multi-Cast+1","Steam+1","Turbo+1","Blizzard+1","Coolheaded+1","Fission+1"],"special_seed":0,"relics":["Cracked Core","The Courier","Gambling Chip","Gremlin Horn","Calipers","Coffee Dripper","Toxic Egg 2","Meat on the Bone","Astrolabe","Smiling Mask","OrangePellets","Boot","Mark of the Bloom"],"potions_floor_usage":[50],"damage_taken":[{"damage":1.0,"enemies":"Cultist","floor":1.0,"turns":5.0},{"damage":0.0,"enemies":"2 Louse","floor":2.0,"turns":3.0},{"damage":2.0,"enemies":"Jaw Worm","floor":3.0,"turns":2.0},{"damage":1.0,"enemies":"Looter","floor":4.0,"turns":3.0},{"damage":22.0,"enemies":"Large Slime","floor":7.0,"turns":5.0},{"damage":8.0,"enemies":"Lagavulin","floor":8.0,"turns":6.0},{"damage":2.0,"enemies":"Exordium Thugs","floor":10.0,"turns":4.0},{"damage":7.0,"enemies":"3 Sentries","floor":12.0,"turns":10.0},{"damage":5.0,"enemies":"Looter","floor":13.0,"turns":2.0},{"damage":0.0,"enemies":"Large Slime","floor":14.0,"turns":4.0},{"damage":14.0,"enemies":"Slime Boss","floor":16.0,"turns":11.0},{"damage":3.0,"enemies":"Chosen","floor":18.0,"turns":5.0},{"damage":8.0,"enemies":"2 Thieves","floor":21.0,"turns":3.0},{"damage":0.0,"enemies":"Snake Plant","floor":24.0,"turns":2.0},{"damage":13.0,"enemies":"Slavers","floor":25.0,"turns":5.0},{"damage":8,"enemies":"Shelled Parasite and Fungi","floor":28,"turns":4},{"damage":0,"enemies":"Sentry and Sphere","floor":30,"turns":6},{"damage":11,"enemies":"Champ","floor":33,"turns":17},{"damage":0,"enemies":"3 Darklings","floor":35,"turns":7},{"damage":5,"enemies":"Orb Walker","floor":39,"turns":3},{"damage":0,"enemies":"4 Shapes","floor":41,"turns":3},{"damage":0,"enemies":"Transient","floor":44,"turns":6},{"damage":3,"enemies":"Jaw Worm Horde","floor":47,"turns":3},{"damage":0,"enemies":"Sphere and 2 Shapes","floor":48,"turns":2},{"damage":8,"enemies":"Awakened One","floor":50,"turns":10},{"damage":0,"enemies":"Time Eater","floor":51,"turns":11}],"seed_played":"3694587317712565848","potions_obtained":[{"floor":3.0,"key":"GamblersBrew"},{"floor":7.0,"key":"Fire Potion"},{"floor":14.0,"key":"EntropicBrew"},{"floor":16.0,"key":"SteroidPotion"},{"floor":21.0,"key":"SpeedPotion"},{"floor":25,"key":"SkillPotion"}],"is_trial":false,"path_per_floor":["M","M","M","M","$","R","M","E","T","M","?","E","M","M","R","B",null,"M","T","?","M","$","R","M","E","T","?","M","R","M","?","R","B",null,"M","?","T","$","M","R","M","R","T","M","?","?","M","M","R","B","B",null],"character_chosen":"DEFECT","items_purchased":["Defragment","Panacea+1","OrangePellets"],"campfire_rested":0,"item_purchase_floors":[22,22,38],"current_hp_per_floor":[63,63,61,60,60,60,38,30,30,28,28,21,16,16,16,2,54,51,51,51,43,43,43,43,30,30,30,41,41,48,28,28,36,66,73,73,73,73,68,68,75,75,75,76,76,76,73,73,73,65,65],"gold":191,"neow_bonus":"TRANSFORM_TWO_CARDS","is_prod":false,"is_daily":false,"chose_seed":false,"campfire_upgraded":7,"win_rate":0,"timestamp":1563353666,"path_taken":["M","?","M","M","$","R","M","E","T","M","?","E","?","M","R","BOSS","M","?","?","M","$","R","M","E","T","?","M","R","M","?","R","BOSS","M","?","?","$","M","R","M","R","T","M","?","?","?","M","R","BOSS","BOSS"],"build_version":"2019-07-05","purchased_purges":2,"victory":true,"max_hp_per_floor":[71,71,71,71,71,71,71,71,71,71,71,71,71,71,71,71,71,71,71,71,71,71,71,71,71,71,71,71,71,71,76,76,76,76,76,76,76,76,76,76,76,76,76,76,76,76,76,76,76,76,76],"card_choices":[{"not_picked":["Gash","Rip and Tear","Steam"],"picked":"SKIP","floor":1.0},{"not_picked":["Streamline","Redo"],"picked":"Turbo","floor":2.0},{"not_picked":["Gash","Leap"],"picked":"Cold Snap","floor":3.0},{"not_picked":["Turbo","Conserve Battery"],"picked":"Biased Cognition","floor":4.0},{"not_picked":["BootSequence","Beam Cell","Barrage"],"picked":"SKIP","floor":7.0},{"not_picked":["Auto Shields","Double Energy","White Noise"],"picked":"SKIP","floor":8.0},{"not_picked":["Turbo","Leap"],"picked":"Ball Lightning","floor":10.0},{"not_picked":["Streamline","Gash"],"picked":"Seek","floor":12.0},{"not_picked":["Conserve Battery","Sweeping Beam","Streamline"],"picked":"SKIP","floor":13.0},{"not_picked":["Aggregate","Ball Lightning"],"picked":"Coolheaded","floor":14.0},{"not_picked":["Machine Learning","Fission"],"picked":"Rainbow","floor":16.0},{"not_picked":["Go for the Eyes+1","Ball Lightning"],"picked":"Glacier","floor":18.0},{"not_picked":["Go for the Eyes","Steam+1","Aggregate+1"],"picked":"SKIP","floor":21.0},{"not_picked":["Turbo+1","Double Energy+1"],"picked":"Hologram+1","floor":24.0},{"not_picked":["Turbo+1","Ball Lightning"],"picked":"Self Repair","floor":25},{"not_picked":["Compile Driver","Sweeping Beam"],"picked":"Glacier+1","floor":28},{"not_picked":["Rebound","Rainbow+1","Compile Driver"],"picked":"SKIP","floor":30},{"not_picked":["Rebound","Rainbow+1"],"picked":"Compile Driver","floor":30},{"not_picked":["Buffer","All For One"],"picked":"Fission+1","floor":33},{"not_picked":["Static Discharge","Genetic Algorithm+1","Streamline+1"],"picked":"SKIP","floor":35},{"not_picked":["Hologram+1","Stack+1"],"picked":"Turbo+1","floor":39},{"not_picked":["Gash","Cold Snap"],"picked":"Blizzard","floor":41},{"not_picked":["Barrage","Lockon","Hologram+1"],"picked":"SKIP","floor":44},{"not_picked":["Sunder+1","Leap+1"],"picked":"Coolheaded+1","floor":47},{"not_picked":["Cold Snap","Sweeping Beam"],"picked":"Fission+1","floor":48}],"player_experience":1009699,"relics_obtained":[{"floor":8.0,"key":"The Courier"},{"floor":9.0,"key":"Gambling Chip"},{"floor":12.0,"key":"Calipers"},{"floor":19.0,"key":"Toxic Egg 2"},{"floor":26,"key":"Meat on the Bone"},{"floor":37,"key":"Smiling Mask"},{"floor":43,"key":"Boot"}],"event_choices":[{"damage_healed":0.0,"max_hp_gain":0.0,"max_hp_loss":0.0,"gold_gain":0.0,"event_name":"WeMeetAgain","player_choice":"Paid Gold","floor":11.0,"gold_loss":51.0,"damage_taken":0.0,"relics_obtained":["Gremlin Horn"]},{"cards_removed":["Strike_B"],"damage_healed":0.0,"max_hp_gain":0.0,"max_hp_loss":0.0,"gold_gain":0.0,"event_name":"Beggar","player_choice":"Gave Gold","floor":20.0,"gold_loss":75.0,"damage_taken":0.0},{"damage_healed":0,"gold_gain":0,"player_choice":"Ignored","damage_taken":0,"max_hp_gain":0,"max_hp_loss":0,"event_name":"Vampires","floor":27,"gold_loss":0},{"damage_healed":0,"gold_gain":0,"player_choice":"Shed Blood","damage_taken":25,"max_hp_gain":5,"max_hp_loss":0,"event_name":"Forgotten Altar","floor":31,"gold_loss":0},{"damage_healed":0,"gold_gain":0,"player_choice":"Ignored","damage_taken":0,"max_hp_gain":0,"max_hp_loss":0,"event_name":"Tomb of Lord Red Mask","floor":36,"gold_loss":0},{"damage_healed":0,"gold_gain":0,"player_choice":"Upgrade","damage_taken":0,"relics_obtained":["Mark of the Bloom"],"max_hp_gain":0,"max_hp_loss":0,"event_name":"MindBloom","floor":45,"gold_loss":0,"cards_upgraded":["Zap","Lockon","Chill","Cold Snap","Ball Lightning","Rainbow","Glacier","Self Repair","Compile Driver"]},{"damage_healed":0,"gold_gain":0,"player_choice":"Ignored","damage_taken":0,"max_hp_gain":0,"max_hp_loss":0,"event_name":"Mysterious Sphere","floor":46,"gold_loss":0}],"is_beta":false,"boss_relics":[{"not_picked":["Velvet Choker","Sozu"],"picked":"Coffee Dripper"},{"not_picked":["White Beast Statue","Snecko Eye"],"picked":"Astrolabe"}],"items_purged_floors":[22,38],"is_endless":false,"potions_floor_spawned":[3,7,12,13,14,16,21,25,28,35,41,44],"ascension_level":20}