{"gold_per_floor":[117,58,78,78,128,128,156,175,175,191,191],"floor_reached":11,"playtime":917,"items_purged":[],"score":146,"play_id":"1bc31122-feac-4b14-818d-adde8af912b7","local_time":"20190715202251","is_ascension_mode":true,"campfire_choices":[{"data":"Dualcast","floor":6.0,"key":"SMITH"}],"neow_cost":"NONE","seed_source_timestamp":22274906163470,"circlet_count":0,"master_deck":["AscendersBane","Strike_B","Strike_B","Strike_B","Strike_B","Defend_B","Defend_B","Defend_B","Defend_B","Zap","Dualcast+1","Machine Learning","Darkness+1","Ball Lightning","Biased Cognition","Redo","Recycle"],"special_seed":0,"relics":["Cracked Core","Kunai","The Courier"],"potions_floor_usage":[11,11],"damage_taken":[{"damage":11.0,"enemies":"Small Slimes","floor":1.0,"turns":3.0},{"damage":0.0,"enemies":"2 Louse","floor":3.0,"turns":3.0},{"damage":25.0,"enemies":"Lagavulin","floor":7.0,"turns":6.0},{"damage":1.0,"enemies":"Cultist","floor":8.0,"turns":3.0},{"damage":11.0,"enemies":"Blue Slaver","floor":10.0,"turns":3.0},{"damage":1,"enemies":"3 Louse","floor":11,"turns":2}],"seed_played":"-8758379799824874695","potions_obtained":[{"floor":1.0,"key":"FocusPotion"},{"floor":3.0,"key":"FearPotion"}],"is_trial":false,"path_per_floor":["M","$","M","?","?","R","E","M","T","M","M"],"character_chosen":"DEFECT","items_purchased":["Ball Lightning"],"campfire_rested":0,"item_purchase_floors":[2],"current_hp_per_floor":[53,53,53,53,46,46,21,20,20,9,8],"gold":191,"neow_bonus":"ONE_RANDOM_RARE_CARD","is_prod":false,"is_daily":false,"chose_seed":false,"campfire_upgraded":1,"win_rate":0,"timestamp":1563193371,"path_taken":["M","$","M","?","?","R","E","M","T","?","M"],"build_version":"2019-07-05","purchased_purges":0,"victory":false,"max_hp_per_floor":[71,71,71,71,71,71,71,71,71,71,71],"card_choices":[{"not_picked":["White Noise","Hologram"],"picked":"Darkness","floor":1.0},{"not_picked":["Rebound","Leap","Streamline"],"picked":"SKIP","floor":3.0},{"not_picked":["Auto Shields","Steam"],"picked":"Biased Cognition","floor":7.0},{"not_picked":["Hello World","Leap"],"picked":"Redo","floor":8.0},{"not_picked":["Consume","Ball Lightning"],"picked":"Recycle","floor":10.0}],"player_experience":1002155,"relics_obtained":[{"floor":7.0,"key":"Kunai"},{"floor":9.0,"key":"The Courier"}],"event_choices":[{"damage_healed":0.0,"max_hp_gain":0.0,"max_hp_loss":0.0,"gold_gain":0.0,"event_name":"Living Wall","player_choice":"Grow","floor":4.0,"gold_loss":0.0,"damage_taken":0.0,"cards_upgraded":["Darkness"]},{"damage_healed":0.0,"max_hp_gain":0.0,"max_hp_loss":0.0,"gold_gain":50.0,"event_name":"FaceTrader","player_choice":"Touch","floor":5.0,"gold_loss":0.0,"damage_taken":7.0}],"is_beta":false,"boss_relics":[],"items_purged_floors":[],"is_endless":false,"potions_floor_spawned":[1,3,8],"killed_by":"3 Louse","ascension_level":20}