{"gold_per_floor":[111,128,140,154,164,194,194,210,210,226,242,261,21,37,37,135,135,148,160,160,160],"floor_reached":21,"playtime":1386,"items_purged":[],"score":189,"play_id":"27df46bc-b04c-4366-8a5b-507adb92a282","local_time":"20190804235108","is_ascension_mode":false,"campfire_choices":[{"data":"Venomology","floor":7,"key":"SMITH"},{"data":"Dagger Spray","floor":15,"key":"SMITH"}],"neow_cost":"NONE","seed_source_timestamp":1090318949462839,"circlet_count":0,"master_deck":["Strike_G","Strike_G","Strike_G","Strike_G","Strike_G","Defend_G","Defend_G","Defend_G","Defend_G","Defend_G","Survivor","Neutralize","Endless Agony","Dagger Spray+1","Prepared","Venomology+1","Bane","Blur","Flying Knee","Calculated Gamble","Dagger Spray","Endless Agony","Underhanded Strike","Adrenaline","Backstab","All Out Attack","RitualDagger"],"relics":["Ring of the Snake","Calipers","Bottled Flame","Membership Card","HoveringKite"],"potions_floor_usage":[5,6,6,6,8,11,12,14,16,16,16,16,18,19,21],"damage_taken":[{"damage":1,"enemies":"Cultist","floor":1,"turns":6},{"damage":0,"enemies":"2 Louse","floor":2,"turns":2},{"damage":0,"enemies":"Jaw Worm","floor":3,"turns":5},{"damage":0,"enemies":"Red Slaver","floor":4,"turns":4},{"damage":0,"enemies":"Blue Slaver","floor":5,"turns":7},{"damage":12,"enemies":"Gremlin Nob","floor":6,"turns":4},{"damage":2,"enemies":"Lots of Slimes","floor":8,"turns":2},{"damage":5,"enemies":"3 Louse","floor":10,"turns":4},{"damage":12,"enemies":"Exordium Thugs","floor":11,"turns":5},{"damage":8,"enemies":"2 Fungi Beasts","floor":12,"turns":4},{"damage":0,"enemies":"Looter","floor":14,"turns":1},{"damage":25,"enemies":"The Guardian","floor":16,"turns":16},{"damage":38,"enemies":"Spheric Guardian","floor":18,"turns":7},{"damage":26,"enemies":"Chosen","floor":19,"turns":8},{"damage":10,"enemies":"Sentry and Sphere","floor":21,"turns":3}],"seed_played":"-5724746429222776707","potions_obtained":[{"floor":3,"key":"Explosive Potion"},{"floor":5,"key":"Weak Potion"},{"floor":6,"key":"Dexterity Potion"},{"floor":10,"key":"Ancient Potion"},{"floor":12,"key":"EssenceOfSteel"},{"floor":14,"key":"Dexterity Potion"},{"floor":18,"key":"Block Potion"}],"is_trial":false,"path_per_floor":["M","M","M","M","M","E","R","M","T","M","M","M","$","M","R","B",null,"M","M","?","M"],"character_chosen":"THE_SILENT","items_purchased":["Membership Card","Endless Agony"],"campfire_rested":0,"item_purchase_floors":[13,13],"current_hp_per_floor":[76,76,76,76,76,64,64,62,62,57,45,46,46,46,46,21,77,39,13,7,0],"gold":160,"neow_bonus":"TEN_PERCENT_HP_BONUS","is_prod":false,"is_daily":false,"chose_seed":false,"campfire_upgraded":2,"win_rate":0.0,"timestamp":1564977068,"path_taken":["M","M","M","M","M","E","R","M","T","M","M","?","$","M","R","BOSS","M","M","?","M"],"build_version":"2019-06-28","purchased_purges":0,"victory":false,"max_hp_per_floor":[77,77,77,77,77,77,77,77,77,77,77,77,77,77,77,77,77,77,77,77,77],"card_choices":[{"not_picked":["Backflip","Reflex"],"picked":"Endless Agony","floor":1},{"not_picked":["Crippling Poison","Deadly Poison"],"picked":"Dagger Spray","floor":2},{"not_picked":["Leg Sweep","Masterful Stab"],"picked":"Prepared","floor":3},{"not_picked":["Backflip","Poisoned Stab"],"picked":"Venomology","floor":4},{"not_picked":["Outmaneuver","Leg Sweep"],"picked":"Bane","floor":5},{"not_picked":["Deflect","Bane"],"picked":"Blur","floor":6},{"not_picked":["Wraith Form v2","Acrobatics","Caltrops"],"picked":"SKIP","floor":8},{"not_picked":["Quick Slash","Dodge and Roll"],"picked":"Flying Knee","floor":10},{"not_picked":["Corpse Explosion","Prepared"],"picked":"Calculated Gamble","floor":11},{"not_picked":["Poisoned Stab","Underhanded Strike"],"picked":"Dagger Spray","floor":12},{"not_picked":["Choke","Acrobatics"],"picked":"Underhanded Strike","floor":14},{"not_picked":["Tools of the Trade","Venomology"],"picked":"Adrenaline","floor":16},{"not_picked":["Flying Knee+1","PiercingWail+1"],"picked":"Backstab","floor":18},{"not_picked":["Poisoned Stab","PiercingWail"],"picked":"All Out Attack","floor":19}],"player_experience":12168,"relics_obtained":[{"floor":6,"key":"Calipers"},{"floor":9,"key":"Bottled Flame"}],"event_choices":[{"damage_healed":0,"gold_gain":0,"player_choice":"Joined the Cult","damage_taken":6,"max_hp_gain":0,"max_hp_loss":0,"event_name":"Nest","floor":20,"gold_loss":0,"cards_obtained":["RitualDagger"]}],"is_beta":true,"boss_relics":[{"not_picked":["Runic Pyramid","WristBlade"],"picked":"HoveringKite"}],"items_purged_floors":[],"is_endless":false,"potions_floor_spawned":[3,5,6,10,12,14,18],"killed_by":"Sentry and Sphere","ascension_level":0}