{"gold_per_floor":[115,11,25,125,75,100,100,126,199,213,213,223,252,262,262,336,336,349,40,50,50,68,68,103,103,158,158,193,292,292,311,311,386,386,404,233,252,270,47,47,75,94,94,94,108,136,147,162,162,162],"floor_reached":51,"playtime":3521,"items_purged":["Strike_B"],"score":1291,"play_id":"4a78e6b6-94ba-4695-bb61-3ad9db4769fb","local_time":"20180831194301","is_ascension_mode":true,"campfire_choices":[{"data":"Darkness","floor":7.0,"key":"SMITH"},{"data":"Zap","floor":11.0,"key":"SMITH"},{"floor":15.0,"key":"REST"},{"floor":23.0,"key":"REST"},{"data":"Dualcast","floor":25.0,"key":"SMITH"},{"data":"Self Repair","floor":27.0,"key":"SMITH"},{"floor":32.0,"key":"REST"},{"data":"Loop","floor":40.0,"key":"SMITH"},{"floor":49.0,"key":"REST"}],"neow_cost":"NONE","seed_source_timestamp":0,"circlet_count":0,"master_deck":["Strike_B+1","Strike_B+1","Defend_B","Defend_B","Defend_B","Defend_B","Zap+1","Dualcast+1","AscendersBane","Undo","Sunder","Darkness+1","Capacitor","Rebound","Self Repair+1","Multi-Cast+1","Steam Power+1","Coolheaded+1","Core Surge","Cold Snap+1","FTL","Compile Driver","Glacier+1","Reboot+1","Steam Power+1","Bandage Up+1","Steam Power+1","Coolheaded+1","Reboot+1","Loop+1","Hologram+1","Defragment+1"],"special_seed":0,"relics":["Cracked Core","NeowsBlessing","Ancient Tea Set","Toxic Egg 2","Question Card","Boot","Busted Crown","Ice Cream","Bird Faced Urn","Tiny Chest","Pear","Kunai","Nuclear Battery","Whetstone","DataDisk","Bag of Marbles"],"potions_floor_usage":[],"damage_taken":[{"damage":0.0,"enemies":"Cultist","floor":1.0,"turns":1.0},{"damage":0.0,"enemies":"Small Slimes","floor":3.0,"turns":1.0},{"damage":0.0,"enemies":"3 Sentries","floor":6.0,"turns":1.0},{"damage":35.0,"enemies":"Lagavulin","floor":8.0,"turns":5.0},{"damage":2.0,"enemies":"2 Louse","floor":10.0,"turns":2.0},{"damage":0.0,"enemies":"Exordium Wildlife","floor":12.0,"turns":4.0},{"damage":35.0,"enemies":"3 Sentries","floor":13.0,"turns":6.0},{"damage":1.0,"enemies":"Large Slime","floor":14.0,"turns":4.0},{"damage":11.0,"enemies":"Hexaghost","floor":16.0,"turns":7.0},{"damage":12.0,"enemies":"3 Byrds","floor":18.0,"turns":4.0},{"damage":7.0,"enemies":"Shell Parasite","floor":20.0,"turns":3.0},{"damage":34.0,"enemies":"Shelled Parasite and Fungi","floor":22.0,"turns":4.0},{"damage":20.0,"enemies":"Book of Stabbing","floor":24.0,"turns":5.0},{"damage":15.0,"enemies":"Gremlin Leader","floor":28.0,"turns":3.0},{"damage":15.0,"enemies":"Centurion and Healer","floor":31.0,"turns":7.0},{"damage":53.0,"enemies":"Collector","floor":33.0,"turns":10.0},{"damage":0.0,"enemies":"3 Shapes","floor":35.0,"turns":7.0},{"damage":17.0,"enemies":"3 Darklings","floor":37.0,"turns":6.0},{"damage":21.0,"enemies":"Maw","floor":38.0,"turns":6.0},{"damage":10.0,"enemies":"2 Orb Walkers","floor":41.0,"turns":3.0},{"damage":13.0,"enemies":"Sphere and 2 Shapes","floor":42.0,"turns":7.0},{"damage":16.0,"enemies":"Jaw Worm Horde","floor":45.0,"turns":4.0},{"damage":64.0,"enemies":"Nemesis","floor":46.0,"turns":8.0},{"damage":13.0,"enemies":"Reptomancer","floor":47.0,"turns":9.0},{"damage":28.0,"enemies":"Transient","floor":48.0,"turns":5.0},{"damage":65,"enemies":"Awakened One","floor":50,"turns":15}],"seed_played":"-3777813329178227213","potions_obtained":[{"floor":8.0,"key":"PowerPotion"},{"floor":10.0,"key":"Fire Potion"},{"floor":18.0,"key":"Dexterity Potion"},{"floor":33.0,"key":"SteroidPotion"},{"floor":38.0,"key":"Block Potion"},{"floor":42.0,"key":"FearPotion"},{"floor":48.0,"key":"GamblersBrew"}],"is_trial":false,"path_per_floor":["M","$","M","?","?","E","R","E","T","M","R","M","E","M","R","B",null,"M","$","M","?","M","R","E","R","T","R","E","?","T","M","R","B",null,"M","$","M","M","$","R","E","M","T","?","M","E","M","M","R","B"],"character_chosen":"DEFECT","items_purchased":["Sunder","Darkness","Ice Cream","Bandage Up+1","Reboot+1","Loop"],"campfire_rested":4,"item_purchase_floors":[2,2,19,36,39,39],"current_hp_per_floor":[68,68,68,68,68,68,68,33,33,31,31,38,10,9,31,27,63,58,58,58,58,31,53,40,40,40,40,39,39,39,36,61,8,66,78,78,79,74,74,74,84,85,85,85,85,39,50,44,69,14],"gold":162,"neow_bonus":"THREE_ENEMY_KILL","is_prod":false,"is_daily":false,"chose_seed":false,"campfire_upgraded":5,"win_rate":0,"timestamp":1535715781,"path_taken":["M","$","?","?","?","E","R","E","T","M","R","M","E","M","R","BOSS","M","$","M","?","?","R","E","R","T","R","E","?","?","?","R","BOSS","M","$","M","M","?","R","E","M","T","?","M","E","M","M","R","BOSS"],"build_version":"2018-08-30","purchased_purges":1,"victory":true,"max_hp_per_floor":[75,75,75,75,75,75,75,75,75,75,75,75,75,75,75,75,75,75,75,75,75,75,75,75,75,75,75,85,85,85,85,85,85,85,85,85,85,85,85,85,85,85,85,85,85,85,85,85,85,85],"card_choices":[{"not_picked":["Sweeping Beam","Beam Cell"],"picked":"Undo","floor":1.0},{"not_picked":["Aggregate","Go for the Eyes","Hologram"],"picked":"SKIP","floor":3.0},{"not_picked":["Skim","Leap"],"picked":"Capacitor","floor":6.0},{"not_picked":["Hologram","Undo"],"picked":"Rebound","floor":8.0},{"not_picked":["Sunder","Steam+1","Blizzard"],"picked":"Self Repair","floor":10.0},{"not_picked":["Storm","Steam+1","Capacitor"],"picked":"Multi-Cast+1","floor":12.0},{"not_picked":["Doom and Gloom","Sweeping Beam","Barrage"],"picked":"Steam Power+1","floor":13.0},{"not_picked":["Hologram+1","Cold Snap","Reprogram+1"],"picked":"Coolheaded+1","floor":14.0},{"not_picked":["Machine Learning","All For One","Meteor Strike"],"picked":"Core Surge","floor":16.0},{"not_picked":["Turbo+1"],"picked":"Cold Snap+1","floor":18.0},{"not_picked":["Streamline"],"picked":"FTL","floor":20.0},{"not_picked":["Streamline"],"picked":"Compile Driver","floor":22.0},{"not_picked":["Go for the Eyes","Sweeping Beam"],"picked":"SKIP","floor":24.0},{"not_picked":["FTL","Force Field+1"],"picked":"SKIP","floor":28.0},{"not_picked":["Capacitor"],"picked":"Glacier+1","floor":31.0},{"not_picked":["Creative AI"],"picked":"Reboot+1","floor":33.0},{"not_picked":["Coolheaded+1"],"picked":"Steam Power+1","floor":35.0},{"not_picked":["Sweeping Beam+1"],"picked":"Steam Power+1","floor":37.0},{"not_picked":["Compile Driver+1"],"picked":"Coolheaded+1","floor":38.0},{"not_picked":["Go for the Eyes+1","Static Discharge+1"],"picked":"SKIP","floor":41.0},{"not_picked":["Fusion+1"],"picked":"Hologram+1","floor":42.0},{"not_picked":["Leap+1","Heatsinks"],"picked":"SKIP","floor":45.0},{"not_picked":["Capacitor"],"picked":"Defragment+1","floor":46.0},{"not_picked":["Sweeping Beam+1","Gash"],"picked":"SKIP","floor":47.0},{"not_picked":["Rebound","Cold Snap"],"picked":"SKIP","floor":48.0}],"player_experience":291803,"relics_obtained":[{"floor":6.0,"key":"Ancient Tea Set"},{"floor":8.0,"key":"Toxic Egg 2"},{"floor":9.0,"key":"Question Card"},{"floor":13.0,"key":"Boot"},{"floor":24.0,"key":"Bird Faced Urn"},{"floor":26.0,"key":"Tiny Chest"},{"floor":28.0,"key":"Pear"},{"floor":30.0,"key":"Kunai"},{"floor":41.0,"key":"Whetstone"},{"floor":43.0,"key":"DataDisk"},{"floor":46.0,"key":"Bag of Marbles"}],"event_choices":[{"event_name":"Golden Shrine","player_choice":"Pray","floor":4.0,"damage_taken":0.0},{"event_name":"The Cleric","player_choice":"Card Removal","floor":5.0,"damage_taken":0.0},{"event_name":"Vampires","player_choice":"Ignored","floor":21.0,"damage_taken":0.0},{"event_name":"Nest","player_choice":"Stole From Cult","floor":29.0,"damage_taken":0.0},{"event_name":"Match and Keep!","player_choice":"0 cards matched","floor":44.0,"damage_taken":0.0}],"is_beta":true,"boss_relics":[{"not_picked":["Philosopher\u0027s Stone","Ectoplasm"],"picked":"Busted Crown"},{"not_picked":["FrozenCore","Calling Bell"],"picked":"Nuclear Battery"}],"items_purged_floors":[36],"is_endless":false,"potions_floor_spawned":[8,10,12,16,18,33,38,42,46,47,48],"ascension_level":13}