{"gold_per_floor":[116,136,136,136,146,173,173,201,224,274,342,360,392,78,78,175,175,189,205,205,60,76,101,120,147,227,243,268,268,268,597,597,699,699,709,709,234,285,285,312,331,331,331,360,18,18,18,28,28,28],"floor_reached":51,"playtime":3589,"items_purged":[],"score":1096,"play_id":"30a886d3-0a5a-4327-a34e-15f666535896","local_time":"20180720181938","is_ascension_mode":true,"campfire_choices":[{"floor":7.0,"key":"REST"},{"data":"Capacitor","floor":15,"key":"SMITH"},{"floor":29,"key":"REST"},{"data":"Zap","floor":32,"key":"SMITH"},{"floor":42,"key":"REST"},{"data":"FTL","floor":47,"key":"SMITH"},{"floor":49,"key":"REST"}],"neow_cost":"","seed_source_timestamp":0,"circlet_count":0,"master_deck":["Strike_B+1","Strike_B+1","Defend_B","Defend_B","Dualcast+1","Leap","Turbo","Consume+1","Streamline","All For One","Conserve Battery+1","Chaos+1","Darkness+1","Capacitor+1","Steam Power+1","Seek+1","Coolheaded+1","Turbo+1","Reboot+1","FTL+1","Fusion+1","Steam+1","Hologram+1","Double Energy+1","Echo Form+1","Aggregate+1","Hello World+1","Meteor Strike","Go for the Eyes+1","Redo+1","Undo+1","Beam Cell+1","Purity+1","Capacitor+1","Core Surge","Leap+1","Tempest+1","Barrage+1","Hologram+1","All For One","Static Discharge+1","Panache+1","Deep Breath+1","Madness+1","Madness+1","Auto Shields+1","Chaos+1"],"special_seed":0,"relics":["FrozenCore","Toxic Egg 2","Boot","Pantograph","Whetstone","Question Card","Anchor","Lee\u0027s Waffle","Dream Catcher","Bottled Lightning","Frozen Egg 2","Pen Nib","Old Coin","Astrolabe","Strange Spoon","Incense Burner","Oddly Smooth Stone","Orichalcum","Strawberry"],"potions_floor_usage":[41,50],"damage_taken":[{"damage":1.0,"enemies":"Cultist","floor":1.0,"turns":3.0},{"damage":0.0,"enemies":"Small Slimes","floor":2.0,"turns":3.0},{"damage":15.0,"enemies":"2 Louse","floor":5.0,"turns":3.0},{"damage":22.0,"enemies":"3 Sentries","floor":6.0,"turns":6.0},{"damage":26.0,"enemies":"Lagavulin","floor":8.0,"turns":5.0},{"damage":0.0,"enemies":"Lots of Slimes","floor":11.0,"turns":1.0},{"damage":6,"enemies":"Lots of Slimes","floor":12,"turns":5},{"damage":20,"enemies":"Gremlin Nob","floor":13,"turns":4},{"damage":50,"enemies":"Hexaghost","floor":16,"turns":7},{"damage":3,"enemies":"2 Thieves","floor":18,"turns":4},{"damage":17,"enemies":"Shell Parasite","floor":19,"turns":5},{"damage":0,"enemies":"Snake Plant","floor":22,"turns":4},{"damage":26,"enemies":"Slavers","floor":23,"turns":7},{"damage":3,"enemies":"Snecko","floor":24,"turns":4},{"damage":5,"enemies":"Book of Stabbing","floor":25,"turns":5},{"damage":0,"enemies":"Cultist and Chosen","floor":27,"turns":8},{"damage":0,"enemies":"Gremlin Leader","floor":28,"turns":8},{"damage":0,"enemies":"Book of Stabbing","floor":31,"turns":4},{"damage":15,"enemies":"Champ","floor":33,"turns":9},{"damage":0,"enemies":"Flame Bruiser 1 Orb","floor":35,"turns":5},{"damage":20,"floor":38,"turns":3},{"damage":23,"enemies":"2 Orb Walkers","floor":40,"turns":4},{"damage":18,"enemies":"3 Darklings","floor":41,"turns":4},{"damage":0,"enemies":"Nemesis","floor":44,"turns":5},{"damage":0,"enemies":"Spire Growth","floor":48,"turns":5},{"damage":44,"enemies":"Awakened One","floor":50,"turns":8}],"seed_played":"-1963790580304727452","potions_obtained":[{"floor":2.0,"key":"LiquidBronze"},{"floor":5.0,"key":"SpeedPotion"},{"floor":6.0,"key":"SmokeBomb"},{"floor":18,"key":"Regen Potion"},{"floor":27,"key":"AttackPotion"},{"floor":41,"key":"Regen Potion"}],"is_trial":false,"path_per_floor":["M","M","T","?","M","E","R","E","T","?","T","M","E","$","R","B",null,"M","M","?","$","M","E","M","E","T","M","E","R","?","E","R","B",null,"M","?","$","?","?","E","M","R","T","E","$","?","R","M","R","B"],"character_chosen":"DEFECT","items_purchased":["Capacitor","Steam Power+1","Lee\u0027s Waffle","Reboot+1","Strange Spoon","Capacitor+1","Core Surge","Leap+1","Tempest+1","Static Discharge+1","Panache+1","Deep Breath+1"],"campfire_rested":4,"item_purchase_floors":[14,14,14,21,37,37,37,37,37,45,45,45],"current_hp_per_floor":[74,74,74,74,59,37,59,33,33,33,33,27,7,82,82,32,82,79,62,62,62,62,36,33,28,28,28,28,52,52,52,52,62,82,82,82,82,62,62,39,30,54,54,61,61,50,50,50,76,59],"gold":28,"neow_bonus":"","is_prod":false,"is_daily":false,"chose_seed":false,"campfire_upgraded":3,"win_rate":0,"timestamp":1532081978,"path_taken":["M","M","?","?","?","E","R","E","T","?","?","?","E","$","R","BOSS","M","M","?","$","M","E","?","E","T","M","E","R","?","E","R","BOSS","M","?","$","?","?","E","M","R","T","E","$","?","R","M","R","BOSS"],"build_version":"2018-07-19v2","purchased_purges":0,"victory":true,"max_hp_per_floor":[75,75,75,75,75,75,75,75,75,75,75,75,75,82,82,82,82,82,82,82,82,82,82,82,82,82,82,82,82,82,82,82,82,82,82,82,82,82,82,82,82,82,82,89,89,89,89,89,89,89],"card_choices":[{"not_picked":["Gash","Aggregate"],"picked":"Leap","floor":1.0},{"not_picked":["Steam","Darkness"],"picked":"Turbo","floor":2.0},{"not_picked":["Rip and Tear","Leap+1"],"picked":"Streamline","floor":5.0},{"not_picked":["Compile Driver","Beam Cell"],"picked":"All For One","floor":6.0},{"not_picked":["Loop","Sunder"],"picked":"Conserve Battery+1","floor":8.0},{"not_picked":["White Noise+1","Sweeping Beam","Aggregate+1"],"picked":"Chaos+1","floor":12},{"not_picked":["Melter","FTL","Doom and Gloom"],"picked":"Darkness+1","floor":13},{"not_picked":["Fission+1","Rainbow+1","Core Surge"],"picked":"Seek+1","floor":16},{"not_picked":["Stack+1","Beam Cell+1","Ball Lightning+1"],"picked":"Coolheaded+1","floor":18},{"not_picked":["Sweeping Beam","Stack+1","Redo+1"],"picked":"Turbo+1","floor":19},{"not_picked":["Sweeping Beam","Rebound","Coolheaded+1"],"picked":"FTL","floor":22},{"not_picked":["Redo+1","Sunder","Echo Form"],"picked":"Fusion+1","floor":23},{"not_picked":["Turbo+1","Coolheaded+1","Blizzard+1"],"picked":"Steam+1","floor":24},{"not_picked":["Darkness+1","Gash","Ball Lightning"],"picked":"Hologram+1","floor":25},{"not_picked":["Recycle+1","Auto Shields+1","Hologram+1"],"picked":"Double Energy+1","floor":27},{"not_picked":["Rebound","Sweeping Beam+1","Stack+1"],"picked":"Echo Form+1","floor":28},{"not_picked":["Consume+1","Hologram+1","Doom and Gloom"],"picked":"Aggregate+1","floor":29},{"not_picked":["Recycle+1","Double Energy+1","Streamline"],"picked":"Hello World+1","floor":31},{"not_picked":["Rainbow+1","Reboot+1","Biased Cognition+1"],"picked":"Meteor Strike","floor":33},{"not_picked":["Ball Lightning+1","Reinforced Body+1","Double Energy+1"],"picked":"Beam Cell+1","floor":35},{"not_picked":["Flash of Steel","Madness+1","Bandage Up+1"],"picked":"Purity+1","floor":36},{"not_picked":["Reprogram+1","Skim+1","Steam Power+1"],"picked":"Barrage+1","floor":38},{"not_picked":["Recycle+1","Undo+1","Compile Driver+1"],"picked":"Hologram+1","floor":40},{"not_picked":["Leap+1","Darkness+1","Coolheaded+1","Beam Cell+1"],"picked":"SKIP","floor":41},{"not_picked":["Reinforced Body+1","Consume+1","Turbo+1"],"picked":"All For One","floor":44},{"not_picked":["Beam Cell+1","Chill+1","Self Repair+1"],"picked":"Auto Shields+1","floor":48},{"not_picked":["Sunder+1","Ball Lightning+1","Compile Driver+1"],"picked":"Chaos+1","floor":49}],"player_experience":123257,"relics_obtained":[{"floor":3.0,"key":"Toxic Egg 2"},{"floor":6.0,"key":"Boot"},{"floor":8.0,"key":"Pantograph"},{"floor":9.0,"key":"Whetstone"},{"floor":11.0,"key":"Question Card"},{"floor":13,"key":"Anchor"},{"floor":23,"key":"Dream Catcher"},{"floor":25,"key":"Bottled Lightning"},{"floor":26,"key":"Frozen Egg 2"},{"floor":28,"key":"Pen Nib"},{"floor":31,"key":"Old Coin"},{"floor":38,"key":"Incense Burner"},{"floor":40,"key":"Oddly Smooth Stone"},{"floor":43,"key":"Orichalcum"},{"floor":44,"key":"Strawberry"}],"event_choices":[{"event_name":"Living Wall","player_choice":"Change","floor":4.0,"damage_taken":0.0},{"event_name":"Golden Wing","player_choice":"Gained Gold","floor":10.0,"damage_taken":0.0},{"event_name":"Upgrade Shrine","player_choice":"Upgraded","floor":20,"damage_taken":0},{"event_name":"Cursed Tome","player_choice":"Ignored","floor":30,"damage_taken":0},{"event_name":"SensoryStone","player_choice":"Memory 1","floor":36,"damage_taken":0},{"event_name":"Mysterious Sphere","player_choice":"Fight","floor":38,"damage_taken":0},{"event_name":"Falling","player_choice":"Removed Skill","floor":39,"damage_taken":0},{"event_name":"Winding Halls","player_choice":"Embrace Madness","floor":46,"damage_taken":0}],"is_beta":false,"boss_relics":[{"not_picked":["Runic Dome","Nuclear Battery"],"picked":"FrozenCore"},{"not_picked":["Empty Cage","Lizard Tail"],"picked":"Astrolabe"}],"items_purged_floors":[],"is_endless":false,"potions_floor_spawned":[2,5,6,18,19,25,27,33,38,41,44],"ascension_level":4}