{"gold_per_floor":[118,130,15,15,15,43,63,78,155,155,174,194,194],"floor_reached":13,"playtime":305,"items_purged":["Strike_G"],"score":220,"play_id":"b818bf80-8b8c-4c2b-8da7-c7f74b194df7","local_time":"20181128195226","is_ascension_mode":true,"campfire_choices":[{"floor":10.0,"key":"REST"}],"neow_cost":"NONE","seed_source_timestamp":4100708499050,"circlet_count":0,"master_deck":["AscendersBane","Defend_G","Defend_G+1","Defend_G","Defend_G","Defend_G","Strike_G","Strike_G","Strike_G","Strike_G","Survivor","Neutralize+1","Deadly Poison","Backflip","Blur","Grand Finale","Dash","Expertise"],"special_seed":0,"relics":["Ring of the Snake","NeowsBlessing","Anchor","Odd Mushroom","Shuriken"],"potions_floor_usage":[13],"damage_taken":[{"damage":0.0,"enemies":"2 Louse","floor":1.0,"turns":1.0},{"damage":0.0,"enemies":"Jaw Worm","floor":2.0,"turns":1.0},{"damage":0.0,"enemies":"Gremlin Nob","floor":6.0,"turns":1.0},{"damage":30.0,"enemies":"The Mushroom Lair","floor":7.0,"turns":5.0},{"damage":6.0,"enemies":"Cultist","floor":8.0,"turns":4.0},{"damage":4.0,"enemies":"2 Fungi Beasts","floor":11.0,"turns":5.0},{"damage":0.0,"enemies":"Looter","floor":12.0,"turns":4.0},{"damage":19,"enemies":"Gremlin Gang","floor":13,"turns":3}],"seed_played":"-5755531623503996171","potions_obtained":[{"floor":2.0,"key":"Ancient Potion"},{"floor":8.0,"key":"Dexterity Potion"}],"is_trial":false,"path_per_floor":["M","M","$","?","?","E","?","M","T","R","M","M","M"],"character_chosen":"THE_SILENT","items_purchased":["Blur"],"campfire_rested":1,"item_purchase_floors":[3],"current_hp_per_floor":[59,59,59,59,39,39,9,3,3,22,18,18,0],"gold":194,"neow_bonus":"THREE_ENEMY_KILL","is_prod":false,"is_daily":false,"chose_seed":false,"campfire_upgraded":0,"win_rate":0,"timestamp":1543405946,"path_taken":["M","M","$","?","?","E","?","M","T","R","M","?","M"],"build_version":"2018-11-15","purchased_purges":1,"victory":false,"max_hp_per_floor":[66,66,66,66,66,66,66,66,66,66,66,66,66],"card_choices":[{"not_picked":["Blade Dance","Acrobatics"],"picked":"Deadly Poison","floor":1.0},{"not_picked":["Caltrops","PiercingWail"],"picked":"Backflip","floor":2.0},{"not_picked":["Noxious Fumes","Masterful Stab"],"picked":"Grand Finale","floor":6.0},{"not_picked":["Finisher","Deadly Poison","Blade Dance"],"picked":"SKIP","floor":8.0},{"not_picked":["Infinite Blades","Calculated Gamble"],"picked":"Dash","floor":11.0},{"not_picked":["Riddle With Holes","Bane"],"picked":"Expertise","floor":12.0}],"player_experience":575616,"relics_obtained":[{"floor":6.0,"key":"Anchor"},{"floor":7.0,"key":"Odd Mushroom"},{"floor":9.0,"key":"Shuriken"}],"event_choices":[{"damage_healed":0.0,"max_hp_gain":0.0,"max_hp_loss":0.0,"gold_gain":0.0,"event_name":"Liars Game","player_choice":"Ignored","floor":4.0,"gold_loss":0.0,"damage_taken":0.0},{"damage_healed":0.0,"max_hp_gain":0.0,"max_hp_loss":0.0,"gold_gain":0.0,"event_name":"Shining Light","player_choice":"Entered Light","floor":5.0,"gold_loss":0.0,"damage_taken":20.0,"cards_upgraded":["Neutralize","Defend_G"]},{"damage_healed":0.0,"max_hp_gain":0.0,"max_hp_loss":0.0,"gold_gain":0.0,"event_name":"Mushrooms","player_choice":"Fought Mushrooms","floor":7.0,"gold_loss":0.0,"damage_taken":0.0}],"is_beta":true,"boss_relics":[],"items_purged_floors":[3],"is_endless":false,"potions_floor_spawned":[2,8,12],"killed_by":"Gremlin Gang","ascension_level":20}