{"gold_per_floor":[112,124,143,160,180,212,212,212,235,235,10,10,27,43,43,43],"floor_reached":16,"playtime":978,"items_purged":[],"score":177,"play_id":"d22e915c-a98b-4e20-8242-f9661940f334","local_time":"20180902162605","is_ascension_mode":true,"campfire_choices":[{"floor":7.0,"key":"REST"},{"data":"Zap","floor":10.0,"key":"SMITH"},{"data":"Defragment","floor":15,"key":"SMITH"}],"neow_cost":"NONE","seed_source_timestamp":0,"circlet_count":0,"master_deck":["Strike_B","Strike_B","Strike_B","Defend_B","Defend_B","Defend_B","Defend_B","Zap+1","Dualcast","AscendersBane","Reboot","Defragment+1","Ball Lightning","Glacier","Stack","Auto Shields","Hello World","Streamline","Leap","Consume","Redo"],"special_seed":0,"relics":["Cracked Core","Turnip","Ancient Tea Set","ClockworkSouvenir"],"potions_floor_usage":[14],"damage_taken":[{"damage":1.0,"enemies":"Cultist","floor":1.0,"turns":3.0},{"damage":3.0,"enemies":"Small Slimes","floor":2.0,"turns":3.0},{"damage":2.0,"enemies":"2 Louse","floor":3.0,"turns":2.0},{"damage":8.0,"enemies":"Blue Slaver","floor":4.0,"turns":3.0},{"damage":1.0,"enemies":"2 Fungi Beasts","floor":5.0,"turns":3.0},{"damage":33.0,"enemies":"3 Sentries","floor":6.0,"turns":8.0},{"damage":0,"enemies":"Exordium Thugs","floor":13,"turns":4},{"damage":8,"enemies":"Lots of Slimes","floor":14,"turns":3},{"damage":39,"enemies":"Slime Boss","floor":16,"turns":9}],"seed_played":"168502863863227780","potions_obtained":[{"floor":1.0,"key":"SpeedPotion"},{"floor":3.0,"key":"Poison Potion"},{"floor":13,"key":"PowerPotion"}],"is_trial":false,"path_per_floor":["M","M","M","M","M","E","R","?","T","R","$","?","M","M","R"],"character_chosen":"DEFECT","items_purchased":["Leap","ClockworkSouvenir"],"campfire_rested":1,"item_purchase_floors":[11,11],"current_hp_per_floor":[63,60,58,50,49,16,37,37,37,37,37,42,42,34,34,0],"gold":43,"neow_bonus":"ONE_RANDOM_RARE_CARD","is_prod":false,"is_daily":false,"chose_seed":false,"campfire_upgraded":2,"win_rate":0,"timestamp":1535876765,"path_taken":["M","M","M","?","M","E","R","?","T","R","$","?","M","?","R","BOSS"],"build_version":"2018-08-30","purchased_purges":0,"victory":false,"max_hp_per_floor":[71,71,71,71,71,71,71,71,71,71,71,76,76,76,76,76],"card_choices":[{"not_picked":["Fusion","Cold Snap"],"picked":"Defragment","floor":1.0},{"not_picked":["Self Repair","Leap"],"picked":"Ball Lightning","floor":2.0},{"not_picked":["Blizzard","Reprogram"],"picked":"Glacier","floor":3.0},{"not_picked":["Go for the Eyes","Leap"],"picked":"Stack","floor":4.0},{"not_picked":["Force Field","Hello World"],"picked":"Auto Shields","floor":5.0},{"not_picked":["All For One","Conserve Battery"],"picked":"Hello World","floor":6.0},{"not_picked":["Barrage","Leap"],"picked":"Consume","floor":13},{"not_picked":["Streamline","Compile Driver"],"picked":"Redo","floor":14}],"player_experience":296324,"relics_obtained":[{"floor":6.0,"key":"Turnip"},{"floor":9.0,"key":"Ancient Tea Set"}],"event_choices":[{"event_name":"Living Wall","player_choice":"Change","floor":8.0,"damage_taken":0.0},{"event_name":"Big Fish","player_choice":"Donut","floor":12,"damage_taken":0}],"is_beta":true,"boss_relics":[],"items_purged_floors":[],"is_endless":false,"potions_floor_spawned":[1,3,4,13],"killed_by":"Slime Boss","ascension_level":14}