{"gold_per_floor":[362,114,133,148,148,148,173,202,202,274,274,36,36,36,36,109,109,123,123,143,200,200],"floor_reached":22,"playtime":1062,"items_purged":["Strike_B","Strike_B"],"score":315,"play_id":"d8a29230-2607-426f-bc04-5d2163e5e00c","local_time":"20190303083852","is_ascension_mode":true,"campfire_choices":[{"data":"Doom and Gloom","floor":6.0,"key":"SMITH"},{"data":"Redo","floor":11.0,"key":"SMITH"},{"data":"Sunder","floor":13.0,"key":"SMITH"},{"data":"Impatience","floor":15.0,"key":"SMITH"}],"neow_cost":"TEN_PERCENT_HP_LOSS","seed_source_timestamp":0,"circlet_count":0,"master_deck":["AscendersBane","Defend_B","Defend_B","Defend_B+1","Defend_B","Zap","Dualcast","Glacier","Coolheaded+1","Doom and Gloom+1","FTL","Redo+1","Sunder+1","Impatience+1","All For One","Hologram","BootSequence","Force Field","Go for the Eyes"],"special_seed":0,"relics":["Cracked Core","PreservedInsect","Cables","Odd Mushroom","Bag of Marbles","White Beast Statue","Red Mask","Vajra"],"potions_floor_usage":[],"damage_taken":[{"damage":2.0,"enemies":"2 Louse","floor":1.0,"turns":2.0},{"damage":5.0,"enemies":"Small Slimes","floor":3.0,"turns":3.0},{"damage":1.0,"enemies":"Jaw Worm","floor":4.0,"turns":3.0},{"damage":6.0,"enemies":"3 Sentries","floor":7.0,"turns":4.0},{"damage":7.0,"enemies":"The Mushroom Lair","floor":8.0,"turns":4.0},{"damage":9.0,"enemies":"Hexaghost","floor":16.0,"turns":7.0},{"damage":12.0,"enemies":"Chosen","floor":18.0,"turns":2.0},{"damage":1.0,"enemies":"Spheric Guardian","floor":20.0,"turns":9.0},{"damage":33.0,"enemies":"Masked Bandits","floor":21.0,"turns":9.0},{"damage":5,"enemies":"Centurion and Healer","floor":22,"turns":4}],"seed_played":"-2815426620561464616","potions_obtained":[{"floor":3.0,"key":"Dexterity Potion"},{"floor":4.0,"key":"Dexterity Potion"},{"floor":21,"key":"Explosive Potion"}],"is_trial":false,"path_per_floor":["M","$","M","M","?","R","E","?","T","?","R","$","R","?","R","B",null,"M","?","M","?","M"],"character_chosen":"DEFECT","items_purchased":["Coolheaded","PreservedInsect","Sunder","Impatience"],"campfire_rested":0,"item_purchase_floors":[2,2,12,12],"current_hp_per_floor":[62,62,57,56,37,37,31,24,24,24,24,24,24,24,24,15,52,40,40,39,6,1],"gold":200,"neow_bonus":"TWO_FIFTY_GOLD","is_prod":false,"is_daily":false,"chose_seed":false,"campfire_upgraded":4,"win_rate":0,"timestamp":1551573532,"path_taken":["M","$","M","M","?","R","E","?","T","?","R","$","R","?","R","BOSS","M","?","M","?","M"],"build_version":"2019-02-06","purchased_purges":2,"victory":false,"max_hp_per_floor":[64,64,64,64,64,64,64,64,64,64,64,64,64,64,64,64,64,64,64,64,64,64],"card_choices":[{"not_picked":["Steam","Compile Driver"],"picked":"Glacier","floor":1.0},{"not_picked":["Scrape","Compile Driver"],"picked":"Doom and Gloom","floor":3.0},{"not_picked":["Beam Cell","Stack"],"picked":"FTL","floor":4.0},{"not_picked":["Scrape","Ball Lightning","Streamline"],"picked":"SKIP","floor":7.0},{"not_picked":["Compile Driver","Capacitor"],"picked":"Redo","floor":8.0},{"not_picked":["Rainbow","Meteor Strike"],"picked":"All For One","floor":16.0},{"not_picked":["Beam Cell","Tempest"],"picked":"Hologram","floor":18.0},{"not_picked":["Gash","Chaos"],"picked":"Go for the Eyes","floor":20.0}],"player_experience":815099,"relics_obtained":[{"floor":7.0,"key":"Cables"},{"floor":8.0,"key":"Odd Mushroom"},{"floor":9.0,"key":"Bag of Marbles"},{"floor":21,"key":"Red Mask"},{"floor":21,"key":"Vajra"}],"event_choices":[{"damage_healed":0.0,"max_hp_gain":0.0,"max_hp_loss":0.0,"gold_gain":0.0,"event_name":"Shining Light","player_choice":"Entered Light","floor":5.0,"gold_loss":0.0,"damage_taken":19.0,"cards_upgraded":["Coolheaded","Defend_B"]},{"damage_healed":0.0,"max_hp_gain":0.0,"max_hp_loss":0.0,"gold_gain":0.0,"event_name":"Mushrooms","player_choice":"Fought Mushrooms","floor":8.0,"gold_loss":0.0,"damage_taken":0.0},{"damage_healed":0.0,"max_hp_gain":0.0,"max_hp_loss":0.0,"gold_gain":72.0,"event_name":"Golden Wing","player_choice":"Gained Gold","floor":10.0,"gold_loss":0.0,"damage_taken":0.0},{"damage_healed":0.0,"max_hp_gain":0.0,"max_hp_loss":0.0,"gold_gain":0.0,"event_name":"Liars Game","player_choice":"Ignored","floor":14.0,"gold_loss":0.0,"damage_taken":0.0},{"damage_healed":0.0,"max_hp_gain":0.0,"max_hp_loss":0.0,"gold_gain":0.0,"cards_transformed":["Strike_B","Strike_B"],"event_name":"Drug Dealer","player_choice":"Became Test Subject","floor":19.0,"gold_loss":0.0,"damage_taken":0.0,"cards_obtained":["BootSequence","Force Field"]},{"damage_healed":0.0,"max_hp_gain":0.0,"max_hp_loss":0.0,"gold_gain":0.0,"event_name":"Masked Bandits","player_choice":"Fought Bandits","floor":21.0,"gold_loss":0.0,"damage_taken":0.0}],"is_beta":true,"boss_relics":[{"not_picked":["Velvet Choker","Lizard Tail"],"picked":"White Beast Statue"}],"items_purged_floors":[2,12],"is_endless":false,"potions_floor_spawned":[3,4,18,20,21],"killed_by":"Centurion and Healer","ascension_level":15}