{"gold_per_floor":[115,115,21,33,46,72,72,105,153,181,195,195,245,264,264,264],"floor_reached":16,"playtime":457,"items_purged":[],"score":240,"play_id":"a296c524-c60e-43f1-90cf-38fe294ca684","local_time":"20190407130659","is_ascension_mode":true,"campfire_choices":[{"data":"Barrage","floor":7.0,"key":"SMITH"},{"data":"Trip","floor":12.0,"key":"SMITH"},{"data":"Darkness","floor":15.0,"key":"SMITH"}],"neow_cost":"CURSE","seed_source_timestamp":5729256653811,"circlet_count":0,"master_deck":["AscendersBane","Strike_B","Strike_B","Strike_B","Strike_B","Defend_B","Defend_B","Defend_B","Defend_B","Zap","Dualcast","Rainbow","Conserve Battery","Trip+1","Barrage+1","Streamline","Hyperbeam","BootSequence","Darkness+1"],"special_seed":0,"relics":["Cracked Core","Darkstone Periapt","PreservedInsect","Strawberry","Question Card"],"potions_floor_usage":[16],"damage_taken":[{"damage":5.0,"enemies":"Cultist","floor":1.0,"turns":4.0},{"damage":1.0,"enemies":"2 Louse","floor":4.0,"turns":2.0},{"damage":4.0,"enemies":"Jaw Worm","floor":5.0,"turns":3.0},{"damage":5.0,"enemies":"Gremlin Nob","floor":6.0,"turns":3.0},{"damage":24.0,"enemies":"3 Sentries","floor":8.0,"turns":9.0},{"damage":16.0,"enemies":"Lagavulin","floor":10.0,"turns":4.0},{"damage":0.0,"enemies":"2 Fungi Beasts","floor":11.0,"turns":2.0},{"damage":0.0,"enemies":"Exordium Wildlife","floor":14.0,"turns":2.0},{"damage":31,"enemies":"Slime Boss","floor":16,"turns":5}],"seed_played":"-6165842696689835995","potions_obtained":[{"floor":1.0,"key":"SteroidPotion"},{"floor":5.0,"key":"Dexterity Potion"},{"floor":8.0,"key":"Swift Potion"},{"floor":11.0,"key":"Regen Potion"}],"is_trial":false,"path_per_floor":["M","?","$","M","M","E","R","E","T","E","M","R","?","M","R","B"],"character_chosen":"DEFECT","items_purchased":["Trip"],"campfire_rested":0,"item_purchase_floors":[3],"current_hp_per_floor":[59,52,52,51,47,42,42,18,25,9,9,9,9,9,9,0],"gold":264,"neow_bonus":"THREE_RARE_CARDS","is_prod":false,"is_daily":false,"chose_seed":false,"campfire_upgraded":3,"win_rate":0,"timestamp":1554613619,"path_taken":["M","?","$","M","M","E","R","E","T","E","M","R","?","M","R","BOSS"],"build_version":"2019-01-23","purchased_purges":0,"victory":false,"max_hp_per_floor":[71,71,71,71,71,71,71,71,78,78,78,78,78,78,78,78],"card_choices":[{"not_picked":["Reboot","Seek"],"picked":"Rainbow","floor":0.0},{"not_picked":["Go for the Eyes","Sweeping Beam"],"picked":"Conserve Battery","floor":1.0},{"not_picked":["Stack","Sweeping Beam"],"picked":"Barrage","floor":4.0},{"not_picked":["Sweeping Beam","Redo"],"picked":"Streamline","floor":5.0},{"not_picked":["Conserve Battery","FTL","Leap"],"picked":"SKIP","floor":6.0},{"not_picked":["Chaos","Leap"],"picked":"Hyperbeam","floor":8.0},{"not_picked":["Streamline","Steam","Sweeping Beam"],"picked":"SKIP","floor":10.0},{"not_picked":["FTL","Stack","Loop"],"picked":"BootSequence","floor":11.0},{"not_picked":["Steam","Cold Snap","Loop"],"picked":"Darkness","floor":14.0}],"player_experience":925543,"relics_obtained":[{"floor":6.0,"key":"Darkstone Periapt"},{"floor":8.0,"key":"PreservedInsect"},{"floor":9.0,"key":"Strawberry"},{"floor":10.0,"key":"Question Card"}],"event_choices":[{"cards_removed":["Writhe"],"damage_healed":0.0,"max_hp_gain":0.0,"max_hp_loss":0.0,"gold_gain":0.0,"event_name":"Golden Wing","player_choice":"Card Removal","floor":2.0,"gold_loss":0.0,"damage_taken":7.0},{"damage_healed":0.0,"max_hp_gain":0.0,"max_hp_loss":0.0,"gold_gain":50.0,"event_name":"Golden Shrine","player_choice":"Pray","floor":13.0,"gold_loss":0.0,"damage_taken":0.0}],"is_beta":false,"boss_relics":[],"items_purged_floors":[],"is_endless":false,"potions_floor_spawned":[1,5,8,11],"killed_by":"Slime Boss","ascension_level":20}