{"gold_per_floor":[113,37,53,13,83,83,113,113,138,168,182,182],"floor_reached":12,"playtime":165,"items_purged":[],"score":192,"play_id":"08739664-7268-45b1-9ff2-b87b06b1ea32","local_time":"20181121205325","is_ascension_mode":true,"campfire_choices":[{"data":"Noxious Fumes","floor":6.0,"key":"SMITH"},{"data":"Bane","floor":8.0,"key":"SMITH"}],"neow_cost":"NONE","seed_source_timestamp":4881094863086,"circlet_count":0,"master_deck":["AscendersBane","Defend_G","Defend_G","Defend_G","Defend_G","Defend_G","Strike_G","Strike_G","Strike_G","Strike_G","Strike_G","Survivor","Neutralize","Bane+1","Footwork","Deadly Poison","Noxious Fumes+1","Bouncing Flask"],"special_seed":0,"relics":["Ring of the Snake","NeowsBlessing","Gremlin Horn","Ginger","Boot","Tiny Chest"],"potions_floor_usage":[],"damage_taken":[{"damage":0.0,"enemies":"Cultist","floor":1.0,"turns":1.0},{"damage":0.0,"enemies":"2 Louse","floor":3.0,"turns":1.0},{"damage":0.0,"enemies":"Lagavulin","floor":7.0,"turns":1.0},{"damage":0.0,"enemies":"Small Slimes","floor":11.0,"turns":4.0},{"damage":61,"enemies":"Gremlin Nob","floor":12,"turns":4}],"seed_played":"-3924657564496756001","potions_obtained":[{"floor":3.0,"key":"AttackPotion"}],"is_trial":false,"path_per_floor":["M","$","M","$","T","R","E","R","T","?","M","E"],"character_chosen":"THE_SILENT","items_purchased":["Footwork","Noxious Fumes"],"campfire_rested":0,"item_purchase_floors":[2,4],"current_hp_per_floor":[59,59,59,59,59,59,59,59,59,59,59,0],"gold":182,"neow_bonus":"THREE_ENEMY_KILL","is_prod":false,"is_daily":false,"chose_seed":false,"campfire_upgraded":2,"win_rate":0,"timestamp":1542804805,"path_taken":["M","$","M","$","?","R","E","R","T","?","?","E"],"build_version":"2018-11-15","purchased_purges":0,"victory":false,"max_hp_per_floor":[66,66,66,66,66,66,66,66,66,66,66,66],"card_choices":[{"not_picked":["Acrobatics","Prepared"],"picked":"Bane","floor":1.0},{"not_picked":["Blade Dance","Heel Hook"],"picked":"Deadly Poison","floor":3.0},{"not_picked":["Leg Sweep","Deflect","Flying Knee"],"picked":"SKIP","floor":7.0},{"not_picked":["Outmaneuver","Terror"],"picked":"Bouncing Flask","floor":11.0}],"player_experience":554040,"relics_obtained":[{"floor":5.0,"key":"Gremlin Horn"},{"floor":7.0,"key":"Ginger"},{"floor":9.0,"key":"Boot"}],"event_choices":[{"damage_healed":0.0,"max_hp_gain":0.0,"max_hp_loss":0.0,"gold_gain":0.0,"event_name":"WeMeetAgain","player_choice":"Gave Potion","floor":10.0,"gold_loss":0.0,"damage_taken":0.0,"relics_obtained":["Tiny Chest"]}],"is_beta":true,"boss_relics":[],"items_purged_floors":[],"is_endless":false,"potions_floor_spawned":[3],"killed_by":"Gremlin Nob","ascension_level":18}