{"gold_per_floor":[110,127,137,137,137,137,148,161,243,143,173,73,102,121,121,217,217,233,233,108,138,138,167,167,152,177,188,218,218,234,61,61,163,163,181,181,200,49,66,96,96,111,111,111,111,122,151,151,151,151,151,151,78,112,112],"floor_reached":56,"playtime":9022,"items_purged":["Regret","Strike_B","Strike_B","Normality"],"score":1431,"play_id":"0cf6005d-6ca6-42f2-a17f-15831b6b5713","local_time":"20190810153533","is_ascension_mode":true,"campfire_choices":[{"data":"Zap","floor":6,"key":"SMITH"},{"data":"Dualcast","floor":15,"key":"SMITH"},{"data":"Auto Shields","floor":24,"key":"SMITH"},{"floor":29,"key":"REST"},{"floor":32,"key":"REST"},{"floor":41,"key":"RECALL"},{"data":"Echo Form","floor":44,"key":"SMITH"},{"data":"Machine Learning","floor":49,"key":"SMITH"},{"data":"Static Discharge","floor":52,"key":"SMITH"}],"neow_cost":"NONE","seed_source_timestamp":494847648353136,"circlet_count":0,"master_deck":["Defend_B","Defend_B","Zap+1","Dualcast+1","Auto Shields+1","Streamline","Capacitor","Leap","Glacier","Static Discharge+1","Steam","Genetic Algorithm+1","Seek+1","Genetic Algorithm+1","Ghostly+1","Ghostly+1","Ghostly+1","Ghostly+1","Ghostly+1","Compile Driver+1","Recycle+1","Core Surge","Machine Learning+1","Hologram+1","Skim+1","Hologram+1","Echo Form+1","Madness+1","Chill+1","Normality","Turbo+1","Machine Learning","Consume+1","Undo+1"],"relics":["Cracked Core","Incense Burner","Bottled Lightning","Bag of Marbles","Toxic Egg 2","Cursed Key","Red Mask","Letter Opener","Orichalcum","Sozu","Blood Vial","Oddly Smooth Stone","Bottled Flame","DataDisk","Mercury Hourglass"],"potions_floor_usage":[8,16,21,25,28,28,33],"damage_taken":[{"damage":0,"enemies":"Small Slimes","floor":1,"turns":3},{"damage":0,"enemies":"2 Louse","floor":2,"turns":1},{"damage":0,"enemies":"Cultist","floor":3,"turns":2},{"damage":11,"enemies":"Large Slime","floor":7,"turns":8},{"damage":3,"enemies":"3 Louse","floor":8,"turns":2},{"damage":21,"enemies":"Lagavulin","floor":11,"turns":8},{"damage":7,"enemies":"3 Sentries","floor":13,"turns":11},{"damage":0,"enemies":"2 Fungi Beasts","floor":14,"turns":4},{"damage":9,"enemies":"The Guardian","floor":16,"turns":18},{"damage":16,"enemies":"Chosen","floor":18,"turns":8},{"damage":17,"enemies":"Masked Bandits","floor":21,"turns":8},{"damage":0,"enemies":"Book of Stabbing","floor":23,"turns":10},{"damage":0,"enemies":"2 Thieves","floor":25,"turns":4},{"damage":0,"enemies":"Snake Plant","floor":27,"turns":6},{"damage":30,"enemies":"Slavers","floor":28,"turns":9},{"damage":15,"enemies":"3 Cultists","floor":30,"turns":5},{"damage":10,"enemies":"Collector","floor":33,"turns":10},{"damage":0,"enemies":"3 Shapes","floor":35,"turns":4},{"damage":0,"enemies":"Orb Walker","floor":37,"turns":6},{"damage":0,"enemies":"3 Darklings","floor":39,"turns":5},{"damage":1,"enemies":"Reptomancer","floor":40,"turns":9},{"damage":0,"enemies":"Sphere and 2 Shapes","floor":42,"turns":6},{"damage":0,"enemies":"Spire Growth","floor":46,"turns":6},{"damage":0,"enemies":"Nemesis","floor":47,"turns":9},{"damage":33,"enemies":"Awakened One","floor":50,"turns":19},{"damage":8,"enemies":"Shield and Spear","floor":54,"turns":8},{"damage":13,"enemies":"The Heart","floor":55,"turns":13}],"seed_played":"-7633127761196669712","potions_obtained":[{"floor":7,"key":"Fire Potion"},{"floor":8,"key":"Swift Potion"},{"floor":13,"key":"Strength Potion"},{"floor":16,"key":"Poison Potion"},{"floor":21,"key":"Regen Potion"},{"floor":23,"key":"Explosive Potion"},{"floor":25,"key":"SkillPotion"},{"floor":30,"key":"Fire Potion"}],"is_trial":false,"path_per_floor":["M","M","M","?","?","R","M","M","T","$","E","$","E","M","R","B",null,"M","?","$","?","?","E","R","M","T","M","E","R","M","$","R","B",null,"M","?","M","$","M","E","R","M","T","R","?","M","E","$","R","B",null,"R","$","E","B",null],"character_chosen":"DEFECT","items_purchased":["Steam","Hologram+1","Blood Vial","Consume+1"],"campfire_rested":2,"item_purchase_floors":[10,31,38,53],"current_hp_per_floor":[75,75,75,68,68,68,57,54,54,54,33,33,26,26,26,17,75,59,37,37,20,20,20,20,20,20,20,5,16,1,1,12,2,37,37,37,37,37,37,36,36,37,37,37,37,37,37,37,37,4,37,37,37,29,18],"gold":112,"neow_bonus":"TRANSFORM_CARD","is_prod":false,"is_daily":false,"chose_seed":false,"campfire_upgraded":6,"win_rate":0,"timestamp":1565444133,"path_taken":["M","M","M","?","?","R","M","M","T","$","E","$","E","M","R","BOSS","M","?","$","?","?","E","R","M","T","M","E","R","M","?","R","BOSS","M","?","M","$","M","E","R","M","T","R","?","?","E","$","R","BOSS","R","$","E","BOSS"],"build_version":"2019-07-17","purchased_purges":4,"victory":true,"max_hp_per_floor":[75,75,75,75,75,75,75,75,75,75,75,75,75,75,75,75,75,75,37,37,37,37,37,37,37,37,37,37,37,37,37,37,37,37,37,37,37,37,37,37,37,37,37,37,37,37,37,37,37,37,37,37,37,37,37],"card_choices":[{"not_picked":["Beam Cell","Steam"],"picked":"Streamline","floor":1},{"not_picked":["Tempest","Leap"],"picked":"Capacitor","floor":2},{"not_picked":["Gash","Cold Snap"],"picked":"Leap","floor":3},{"not_picked":["Cold Snap","Darkness"],"picked":"Glacier","floor":7},{"not_picked":["Hologram","Redo"],"picked":"Static Discharge","floor":8},{"not_picked":["Hologram","Rebound","Stack"],"picked":"SKIP","floor":11},{"not_picked":["Hyperbeam","Steam","Barrage"],"picked":"SKIP","floor":13},{"not_picked":["Capacitor","Tempest+1"],"picked":"Genetic Algorithm+1","floor":14},{"not_picked":["Amplify+1","Core Surge"],"picked":"Seek+1","floor":16},{"not_picked":["Leap+1","Rebound"],"picked":"Genetic Algorithm+1","floor":18},{"not_picked":["Redo+1","Streamline"],"picked":"Compile Driver+1","floor":21},{"not_picked":["Cold Snap+1","Barrage"],"picked":"Machine Learning","floor":23},{"not_picked":["Gash","Force Field+1"],"picked":"Hologram+1","floor":25},{"not_picked":["Beam Cell","Redo+1"],"picked":"Skim+1","floor":27},{"not_picked":["Darkness+1","Stack+1","Storm"],"picked":"SKIP","floor":28},{"not_picked":["Conserve Battery+1","Hello World","Ball Lightning"],"picked":"SKIP","floor":30},{"not_picked":["Core Surge","Amplify+1"],"picked":"Echo Form","floor":33},{"not_picked":["Sweeping Beam+1","Storm","Conserve Battery+1"],"picked":"SKIP","floor":35},{"not_picked":["Blind+1","Swift Strike"],"picked":"Madness+1","floor":36},{"not_picked":["Leap+1","Tempest+1","Reinforced Body+1"],"picked":"SKIP","floor":37},{"not_picked":["Streamline+1","Barrage","Leap+1"],"picked":"SKIP","floor":39},{"not_picked":["Rebound","Recycle+1","Leap+1"],"picked":"SKIP","floor":40},{"not_picked":["Ball Lightning","Leap+1"],"picked":"Chill+1","floor":42},{"not_picked":["Redo+1","Self Repair"],"picked":"Turbo+1","floor":46},{"not_picked":["Redo+1","Streamline+1"],"picked":"Machine Learning","floor":47},{"not_picked":["Chill+1","Fusion+1"],"picked":"Undo+1","floor":54}],"player_experience":91428,"relics_obtained":[{"floor":9,"key":"Bottled Lightning"},{"floor":11,"key":"Bag of Marbles"},{"floor":13,"key":"Toxic Egg 2"},{"floor":21,"key":"Red Mask"},{"floor":23,"key":"Letter Opener"},{"floor":28,"key":"Orichalcum"},{"floor":40,"key":"Oddly Smooth Stone"},{"floor":43,"key":"Bottled Flame"},{"floor":47,"key":"DataDisk"},{"floor":54,"key":"Mercury Hourglass"}],"event_choices":[{"cards_removed":["Strike_B"],"damage_healed":0,"gold_gain":0,"player_choice":"Card Removal","damage_taken":7,"max_hp_gain":0,"max_hp_loss":0,"event_name":"Golden Wing","floor":4,"gold_loss":0},{"damage_healed":0,"gold_gain":0,"player_choice":"Box","damage_taken":0,"relics_obtained":["Incense Burner"],"max_hp_gain":0,"max_hp_loss":0,"event_name":"Big Fish","floor":5,"gold_loss":0,"cards_obtained":["Regret"]},{"damage_healed":0,"gold_gain":0,"player_choice":"Became a Ghost","damage_taken":0,"max_hp_gain":0,"max_hp_loss":38,"event_name":"Ghosts","floor":19,"gold_loss":0,"cards_obtained":["Ghostly","Ghostly","Ghostly","Ghostly","Ghostly"]},{"damage_healed":0,"gold_gain":0,"player_choice":"Fought Bandits","damage_taken":0,"max_hp_gain":0,"max_hp_loss":0,"event_name":"Masked Bandits","floor":21,"gold_loss":0},{"damage_healed":0,"gold_gain":0,"cards_transformed":["Defend_B","Defend_B"],"player_choice":"Became Test Subject","damage_taken":0,"max_hp_gain":0,"max_hp_loss":0,"event_name":"Drug Dealer","floor":22,"gold_loss":0,"cards_obtained":["Recycle","Core Surge"]},{"damage_healed":0,"gold_gain":0,"player_choice":"Memory 1","damage_taken":0,"max_hp_gain":0,"max_hp_loss":0,"event_name":"SensoryStone","floor":36,"gold_loss":0},{"damage_healed":0,"gold_gain":0,"player_choice":"Ignored","damage_taken":0,"max_hp_gain":0,"max_hp_loss":0,"event_name":"SecretPortal","floor":45,"gold_loss":0}],"is_beta":false,"boss_relics":[{"not_picked":["Fusion Hammer","Tiny House"],"picked":"Cursed Key"},{"not_picked":["Velvet Choker","Eternal Feather"],"picked":"Sozu"}],"items_purged_floors":[10,12,20,31],"is_endless":false,"potions_floor_spawned":[7,8,13,16,21,23,25,30,35,39,46],"ascension_level":3}