{"gold_per_floor":[113,41,59,9,9,36,36,67,92,17,37,37,37,137,137,239,239,251,269,269,194,213,213,225,254,254,83,83,283,77,77,77,182,232,247,247,302,302,302,302,335,335,361,361,377,391,408,0,0,0],"floor_reached":50,"playtime":2877,"items_purged":["Strike_R","Parasite","Strike_R"],"score":568,"play_id":"b4ad7e4f-5bf9-498f-9dfa-56897ddc0ade","local_time":"20190809224430","is_ascension_mode":true,"campfire_choices":[{"data":"Battle Trance","floor":7,"key":"SMITH"},{"floor":15,"key":"REST"},{"data":"Thunderclap","floor":23,"key":"SMITH"},{"floor":32,"key":"REST"},{"data":"Fiend Fire","floor":40,"key":"SMITH"},{"floor":42,"key":"REST"},{"floor":44,"key":"REST"},{"data":"Heavy Blade","floor":49,"key":"SMITH"}],"neow_cost":"NONE","seed_source_timestamp":485620040590035,"circlet_count":0,"master_deck":["Strike_R+1","Defend_R","Defend_R","Defend_R+1","Defend_R","Bash","Metallicize","Battle Trance+1","Heavy Blade+1","Thunderclap+1","Fiend Fire+1","Flex+1","Clumsy","Flame Barrier+1","Shockwave","Flex+1","Infernal Blade+1","Dark Shackles","Armaments","Infernal Blade+1","Battle Trance+1","Cleave+1"],"relics":["Burning Blood","NeowsBlessing","Juzu Bracelet","Bird Faced Urn","Bag of Marbles","Calling Bell","Centennial Puzzle","Gremlin Horn","Champion Belt","Omamori","Frozen Egg 2","Bag of Preparation","Necronomicon","Tiny House","Ginger","Mummified Hand","Happy Flower","Red Mask"],"potions_floor_usage":[16,16,25,27,41,50],"damage_taken":[{"damage":0,"enemies":"2 Louse","floor":1,"turns":1},{"damage":0,"enemies":"Small Slimes","floor":3,"turns":1},{"damage":0,"enemies":"3 Sentries","floor":6,"turns":2},{"damage":46,"enemies":"Gremlin Nob","floor":8,"turns":6},{"damage":0,"enemies":"Jaw Worm","floor":11,"turns":5},{"damage":51,"enemies":"The Guardian","floor":16,"turns":20},{"damage":0,"enemies":"Chosen","floor":18,"turns":3},{"damage":5,"enemies":"Shell Parasite","floor":19,"turns":3},{"damage":4,"enemies":"3 Cultists","floor":22,"turns":3},{"damage":7,"enemies":"Snake Plant","floor":24,"turns":4},{"damage":63,"enemies":"Gremlin Leader","floor":25,"turns":8},{"damage":4,"enemies":"Champ","floor":33,"turns":7},{"damage":58,"enemies":"3 Darklings","floor":35,"turns":9},{"damage":2,"enemies":"2 Orb Walkers","floor":37,"turns":2},{"damage":64,"enemies":"Giant Head","floor":41,"turns":9},{"damage":16,"enemies":"3 Shapes","floor":45,"turns":3},{"damage":0,"enemies":"Spire Growth","floor":46,"turns":2},{"damage":0,"enemies":"Maw","floor":47,"turns":4},{"damage":83,"enemies":"Donu and Deca","floor":50,"turns":7}],"seed_played":"-5895504761282608737","potions_obtained":[{"floor":1,"key":"Energy Potion"},{"floor":3,"key":"GamblersBrew"},{"floor":11,"key":"SteroidPotion"},{"floor":19,"key":"Weak Potion"},{"floor":22,"key":"Fruit Juice"},{"floor":25,"key":"SpeedPotion"},{"floor":34,"key":"BloodPotion"},{"floor":41,"key":"Dexterity Potion"}],"is_trial":false,"path_per_floor":["M","$","M","?","?","E","R","E","T","$","M","$","?","?","R","B",null,"M","M","?","?","M","R","M","E","T","$","?","?","$","?","R","B",null,"M","?","?","?","?","R","E","R","T","R","M","M","M","?","R","B"],"character_chosen":"IRONCLAD","items_purchased":["Battle Trance","Infernal Blade","Dark Shackles"],"campfire_rested":4,"item_purchase_floors":[2,27,30],"current_hp_per_floor":[80,80,80,80,64,70,70,30,30,30,38,38,31,31,55,12,80,80,80,77,77,77,77,77,20,20,25,25,25,25,9,32,36,84,32,53,57,57,57,57,22,47,47,72,62,68,76,76,76,0],"gold":0,"neow_bonus":"THREE_ENEMY_KILL","is_prod":false,"is_daily":false,"chose_seed":false,"campfire_upgraded":4,"win_rate":0,"timestamp":1565383470,"path_taken":["M","$","M","?","?","E","R","E","T","$","M","?","?","?","R","BOSS","M","M","?","?","M","R","M","E","T","?","?","?","?","?","R","BOSS","M","?","?","?","?","R","E","R","T","R","M","M","M","?","R","BOSS"],"build_version":"2019-07-17","purchased_purges":3,"victory":false,"max_hp_per_floor":[80,80,80,80,80,80,80,80,80,80,80,80,80,80,80,80,80,80,80,77,77,77,77,77,77,77,79,79,79,79,79,79,79,84,84,84,84,84,84,84,84,84,84,84,84,84,84,84,84,84],"card_choices":[{"not_picked":["Searing Blow","Dropkick"],"picked":"Metallicize","floor":1},{"not_picked":["Power Through","Perfected Strike","Anger"],"picked":"SKIP","floor":3},{"not_picked":["Warcry","Spot Weakness","True Grit"],"picked":"SKIP","floor":6},{"not_picked":["Flex","Twin Strike"],"picked":"Heavy Blade","floor":8},{"not_picked":["Dual Wield","Uppercut"],"picked":"Thunderclap","floor":11},{"not_picked":["Bludgeon","Dark Embrace"],"picked":"Fiend Fire","floor":16},{"not_picked":["Rupture","Wild Strike+1","Perfected Strike"],"picked":"SKIP","floor":18},{"not_picked":["Power Through+1","Sword Boomerang+1"],"picked":"Flex+1","floor":19},{"not_picked":["Searing Blow+1","Double Tap"],"picked":"Flame Barrier+1","floor":22},{"not_picked":["Sword Boomerang","Headbutt+1"],"picked":"Shockwave","floor":24},{"not_picked":["Twin Strike","Impervious"],"picked":"Flex+1","floor":25},{"not_picked":["Brutality+1","Reaper"],"picked":"Bludgeon","floor":33},{"not_picked":["Clash+1","Dropkick+1"],"picked":"Armaments","floor":34},{"not_picked":["Iron Wave","Sword Boomerang+1","Anger+1"],"picked":"SKIP","floor":35},{"not_picked":["Sword Boomerang+1","Thunderclap+1"],"picked":"Infernal Blade+1","floor":37},{"not_picked":["Infernal Blade","Evolve+1","Spot Weakness"],"picked":"SKIP","floor":41},{"not_picked":["Wild Strike","Reckless Charge+1","Disarm+1"],"picked":"SKIP","floor":45},{"not_picked":["Pommel Strike","Armaments+1"],"picked":"Cleave+1","floor":46},{"not_picked":["Twin Strike+1","Anger+1","Infernal Blade+1"],"picked":"SKIP","floor":47}],"player_experience":55803,"relics_obtained":[{"floor":6,"key":"Juzu Bracelet"},{"floor":8,"key":"Bird Faced Urn"},{"floor":9,"key":"Bag of Marbles"},{"floor":17,"key":"Centennial Puzzle"},{"floor":17,"key":"Gremlin Horn"},{"floor":17,"key":"Champion Belt"},{"floor":25,"key":"Omamori"},{"floor":26,"key":"Frozen Egg 2"},{"floor":31,"key":"Necronomicon"},{"floor":37,"key":"Ginger"},{"floor":41,"key":"Mummified Hand"},{"floor":43,"key":"Happy Flower"}],"event_choices":[{"cards_removed":["Strike_R"],"damage_healed":0,"gold_gain":0,"player_choice":"Card Removal","damage_taken":0,"max_hp_gain":0,"max_hp_loss":0,"event_name":"The Cleric","floor":4,"gold_loss":50},{"damage_healed":0,"gold_gain":0,"player_choice":"Entered Light","damage_taken":16,"max_hp_gain":0,"max_hp_loss":0,"event_name":"Shining Light","floor":5,"gold_loss":0,"cards_upgraded":["Defend_R","Strike_R"]},{"cards_removed":["Strike_R"],"damage_healed":0,"gold_gain":0,"player_choice":"Card Removal","damage_taken":7,"max_hp_gain":0,"max_hp_loss":0,"event_name":"Golden Wing","floor":13,"gold_loss":0},{"damage_healed":0,"gold_gain":100,"player_choice":"Pray","damage_taken":0,"max_hp_gain":0,"max_hp_loss":0,"event_name":"Golden Shrine","floor":14,"gold_loss":0},{"damage_healed":0,"gold_gain":0,"cards_transformed":["Decay","Parasite"],"player_choice":"Became Test Subject","damage_taken":0,"max_hp_gain":0,"max_hp_loss":0,"event_name":"Drug Dealer","floor":20,"gold_loss":0,"cards_obtained":["Clumsy","Shame"]},{"cards_removed":["Shame"],"damage_healed":0,"gold_gain":0,"player_choice":"Gave Gold","damage_taken":0,"max_hp_gain":0,"max_hp_loss":0,"event_name":"Beggar","floor":21,"gold_loss":75},{"damage_healed":0,"gold_gain":0,"player_choice":"Opened","damage_taken":0,"relics_obtained":["Bag of Preparation"],"max_hp_gain":0,"max_hp_loss":0,"event_name":"The Mausoleum","floor":28,"gold_loss":0},{"damage_healed":0,"gold_gain":200,"player_choice":"Gold","damage_taken":0,"max_hp_gain":0,"max_hp_loss":0,"event_name":"Wheel of Change","floor":29,"gold_loss":0},{"damage_healed":0,"gold_gain":0,"player_choice":"Obtained Book","damage_taken":16,"max_hp_gain":0,"max_hp_loss":0,"event_name":"Cursed Tome","floor":31,"gold_loss":0},{"damage_healed":21,"gold_gain":0,"player_choice":"Writhe","damage_taken":0,"max_hp_gain":0,"max_hp_loss":0,"event_name":"Winding Halls","floor":36,"gold_loss":0,"cards_obtained":["Writhe"]},{"damage_healed":0,"gold_gain":0,"player_choice":"Fight","damage_taken":0,"max_hp_gain":0,"max_hp_loss":0,"event_name":"Mysterious Sphere","floor":37,"gold_loss":0},{"damage_healed":0,"gold_gain":0,"player_choice":"Copied","damage_taken":0,"max_hp_gain":0,"max_hp_loss":0,"event_name":"Duplicator","floor":38,"gold_loss":0,"cards_obtained":["Battle Trance"]},{"cards_removed":["Bludgeon"],"damage_healed":0,"gold_gain":0,"player_choice":"Removed Attack","damage_taken":0,"max_hp_gain":0,"max_hp_loss":0,"event_name":"Falling","floor":39,"gold_loss":0},{"damage_healed":0,"gold_gain":0,"player_choice":"Paid","damage_taken":0,"relics_obtained":["Red Mask"],"max_hp_gain":0,"max_hp_loss":0,"event_name":"Tomb of Lord Red Mask","floor":48,"gold_loss":408}],"is_beta":false,"boss_relics":[{"not_picked":["White Beast Statue","Velvet Choker"],"picked":"Calling Bell"},{"not_picked":["Runic Cube","Fusion Hammer"],"picked":"Tiny House"}],"items_purged_floors":[10,27,30],"is_endless":false,"potions_floor_spawned":[1,3,11,19,22,25,37,41,45],"killed_by":"Donu and Deca","ascension_level":1}