{"gold_per_floor":[113,124,138,313,313,313,323,340,366,158,158,108,118,118],"floor_reached":14,"playtime":395,"items_purged":["Doubt"],"score":127,"play_id":"319a5803-b8bc-4ada-8194-c2ce30e0b884","local_time":"20180819100636","is_ascension_mode":true,"campfire_choices":[{"data":"Loop","floor":6,"key":"SMITH"},{"data":"Bandage Up","floor":11,"key":"SMITH"}],"neow_cost":"NONE","seed_source_timestamp":3959385834435,"circlet_count":0,"master_deck":["Strike_B","Strike_B","Strike_B","Defend_B","Defend_B","Defend_B","Defend_B","Zap","Dualcast","AscendersBane","Meteor Strike","Steam","Redo","Loop+1","Hologram","Conserve Battery","Glacier","Bandage Up+1","Redo"],"relics":["Cracked Core","Anchor","Juzu Bracelet"],"potions_floor_usage":[14],"damage_taken":[{"damage":6,"enemies":"Cultist","floor":1,"turns":3},{"damage":7,"enemies":"Jaw Worm","floor":2,"turns":3},{"damage":7,"enemies":"Small Slimes","floor":3,"turns":3},{"damage":8,"enemies":"Blue Slaver","floor":7,"turns":4},{"damage":5,"enemies":"Looter","floor":8,"turns":4},{"damage":0,"enemies":"Large Slime","floor":13,"turns":6},{"damage":47,"enemies":"Gremlin Gang","floor":14,"turns":3}],"seed_played":"2243632531069357381","potions_obtained":[{"floor":2,"key":"Ancient Potion"},{"floor":3,"key":"FocusPotion"},{"floor":13,"key":"Block Potion"}],"is_trial":false,"path_per_floor":["M","M","M","?","?","R","M","M","T","$","R","?","M"],"character_chosen":"DEFECT","items_purchased":["Glacier","Bandage Up"],"campfire_rested":0,"item_purchase_floors":[10,10],"current_hp_per_floor":[62,55,48,48,36,36,28,23,23,23,23,23,23,0],"gold":118,"neow_bonus":"ONE_RANDOM_RARE_CARD","is_prod":false,"is_daily":false,"chose_seed":false,"campfire_upgraded":2,"win_rate":0,"timestamp":1534644396,"path_taken":["M","?","?","?","?","R","M","M","T","$","R","?","M","M"],"build_version":"2018-08-16","purchased_purges":1,"victory":false,"max_hp_per_floor":[75,75,75,75,75,75,75,75,75,75,75,75,75,75],"card_choices":[{"not_picked":["Compile Driver","Sweeping Beam"],"picked":"Steam","floor":1},{"not_picked":["Ball Lightning","Stack"],"picked":"Redo","floor":2},{"not_picked":["Auto Shields","FTL"],"picked":"Loop","floor":3},{"not_picked":["Undo","Force Field"],"picked":"Hologram","floor":7},{"not_picked":["Gash","Beam Cell"],"picked":"Conserve Battery","floor":8},{"not_picked":["Leap","Hologram"],"picked":"Redo","floor":13}],"player_experience":244623,"relics_obtained":[{"floor":9,"key":"Juzu Bracelet"}],"event_choices":[{"event_name":"Liars Game","player_choice":"agreed","floor":4,"damage_taken":0},{"event_name":"Scrap Ooze","player_choice":"success","floor":5,"damage_taken":12},{"event_name":"The Cleric","player_choice":"Card Removal","floor":12,"damage_taken":0}],"is_beta":false,"boss_relics":[],"items_purged_floors":[10],"is_endless":false,"potions_floor_spawned":[2,3,13],"killed_by":"Gremlin Gang","ascension_level":11}