{"gold_per_floor":[119,132,307,21,96,96,108,108,133,144,163,176,176,202,202,202],"floor_reached":16,"playtime":486,"items_purged":[],"score":158,"play_id":"b4ae5ff6-76ae-4496-8ab8-25848a02be05","local_time":"20180810180327","is_ascension_mode":true,"campfire_choices":[{"data":"White Noise","floor":6.0,"key":"SMITH"},{"floor":13.0,"key":"REST"},{"data":"Dualcast","floor":15.0,"key":"SMITH"}],"neow_cost":"","seed_source_timestamp":0,"circlet_count":0,"master_deck":["Strike_B","Strike_B","Strike_B","Strike_B","Defend_B","Defend_B","Defend_B","Defend_B","Zap","Dualcast+1","AscendersBane","Streamline","Glacier","Doubt","White Noise+1","Redo","Rebound","Steam","Biased Cognition+1","Auto Shields"],"special_seed":0,"relics":["Cracked Core","Runic Capacitor","Frozen Egg 2","Lantern","Bag of Marbles"],"potions_floor_usage":[],"damage_taken":[{"damage":7.0,"enemies":"2 Louse","floor":1.0,"turns":3.0},{"damage":2.0,"enemies":"Jaw Worm","floor":2.0,"turns":3.0},{"damage":0.0,"enemies":"Small Slimes","floor":7.0,"turns":3.0},{"damage":9.0,"enemies":"2 Fungi Beasts","floor":10.0,"turns":4.0},{"damage":16.0,"enemies":"Large Slime","floor":11.0,"turns":5.0},{"damage":5.0,"enemies":"Blue Slaver","floor":12.0,"turns":3.0},{"damage":25.0,"enemies":"3 Sentries","floor":14.0,"turns":8.0},{"damage":36,"enemies":"The Guardian","floor":16,"turns":2}],"seed_played":"-8303397216953141119","potions_obtained":[{"floor":2.0,"key":"Poison Potion"},{"floor":11.0,"key":"Swift Potion"}],"is_trial":false,"path_per_floor":["M","M","?","$","?","R","M","T","T","M","M","M","R","E","R"],"character_chosen":"DEFECT","items_purchased":["Runic Capacitor","White Noise"],"campfire_rested":1,"item_purchase_floors":[4,4],"current_hp_per_floor":[61,59,59,59,48,48,48,48,48,39,23,18,40,15,15,0],"gold":202,"neow_bonus":"","is_prod":false,"is_daily":false,"chose_seed":false,"campfire_upgraded":2,"win_rate":0,"timestamp":1533895407,"path_taken":["M","M","?","$","?","R","M","?","T","M","?","M","R","E","R","BOSS"],"build_version":"2018-08-09","purchased_purges":0,"victory":false,"max_hp_per_floor":[75,75,75,75,75,75,75,75,75,75,75,75,75,75,75,75],"card_choices":[{"not_picked":["Coolheaded","White Noise"],"picked":"Streamline","floor":1.0},{"not_picked":["Stack","Redo"],"picked":"Glacier","floor":2.0},{"not_picked":["Auto Shields","Gash"],"picked":"Redo","floor":7.0},{"not_picked":["Blizzard","Compile Driver"],"picked":"Rebound","floor":10.0},{"not_picked":["Aggregate","Sweeping Beam"],"picked":"Steam","floor":11.0},{"not_picked":["Conserve Battery","Stack"],"picked":"Biased Cognition+1","floor":12.0},{"not_picked":["Gash","Coolheaded"],"picked":"Auto Shields","floor":14.0}],"player_experience":223516,"relics_obtained":[{"floor":8.0,"key":"Frozen Egg 2"},{"floor":9.0,"key":"Lantern"},{"floor":14.0,"key":"Bag of Marbles"}],"event_choices":[{"event_name":"Liars Game","player_choice":"agreed","floor":3.0,"damage_taken":0.0},{"event_name":"World of Goop","player_choice":"Gather Gold","floor":5.0,"damage_taken":0.0}],"is_beta":false,"boss_relics":[],"items_purged_floors":[],"is_endless":false,"potions_floor_spawned":[2,11,14],"killed_by":"The Guardian","ascension_level":11}