{"gold_per_floor":[112,23,23,23,23,23,56,56,56,94,109,132,156,177,177,267,267,288,288,308,323,339,339,339,0,0,39,62,83,127,151,151,151],"floor_reached":33,"playtime":1651,"items_purged":[],"score":758,"play_id":"9359254e-5f05-49b1-a9a7-7bfac35591a1","local_time":"20181109194722","is_ascension_mode":true,"campfire_choices":[{"data":"Zap","floor":6.0,"key":"SMITH"},{"data":"Loop","floor":15.0,"key":"SMITH"},{"floor":23.0,"key":"REST"},{"floor":32.0,"key":"REST"}],"neow_cost":"NONE","seed_source_timestamp":0,"circlet_count":0,"master_deck":["AscendersBane","Strike_B","Strike_B","Strike_B","Strike_B","Defend_B+1","Defend_B","Defend_B","Defend_B","Zap+1","Dualcast","Doom and Gloom+1","Chill","Loop+1","Leap","Ball Lightning","BootSequence","Rainbow+1","Reinforced Body+1","Hologram+1","Compile Driver+1","Turbo+1","Loop","Auto Shields+1"],"special_seed":0,"relics":["Cracked Core","NeowsBlessing","Golden Idol","Darkstone Periapt","Pocketwatch","Oddly Smooth Stone","Strawberry","Nuclear Battery","Toxic Egg 2","Regal Pillow","Red Mask","Turnip"],"potions_floor_usage":[33],"damage_taken":[{"damage":0.0,"enemies":"Jaw Worm","floor":1.0,"turns":1.0},{"damage":0.0,"enemies":"3 Sentries","floor":7.0,"turns":1.0},{"damage":0.0,"enemies":"Gremlin Nob","floor":10.0,"turns":1.0},{"damage":2.0,"enemies":"Small Slimes","floor":11.0,"turns":2.0},{"damage":0.0,"enemies":"2 Louse","floor":12.0,"turns":1.0},{"damage":0.0,"enemies":"2 Fungi Beasts","floor":13.0,"turns":2.0},{"damage":13.0,"enemies":"Gremlin Gang","floor":14.0,"turns":3.0},{"damage":0.0,"enemies":"Slime Boss","floor":16.0,"turns":8.0},{"damage":16.0,"enemies":"Chosen","floor":18.0,"turns":4.0},{"damage":7.0,"enemies":"Shell Parasite","floor":20.0,"turns":5.0},{"damage":16.0,"enemies":"Cultist and Chosen","floor":21.0,"turns":7.0},{"damage":4.0,"enemies":"Snake Plant","floor":22.0,"turns":4.0},{"damage":1.0,"enemies":"Masked Bandits","floor":27.0,"turns":3.0},{"damage":0.0,"enemies":"Centurion and Healer","floor":28.0,"turns":6.0},{"damage":12.0,"enemies":"Cultist and Chosen","floor":29.0,"turns":5.0},{"damage":37.0,"enemies":"Book of Stabbing","floor":30.0,"turns":5.0},{"damage":0.0,"enemies":"Chosen and Byrds","floor":31.0,"turns":3.0},{"damage":49,"enemies":"Automaton","floor":33,"turns":8}],"seed_played":"-3882614339074818010","potions_obtained":[{"floor":7.0,"key":"Explosive Potion"},{"floor":10.0,"key":"Block Potion"},{"floor":16.0,"key":"EssenceOfSteel"},{"floor":18.0,"key":"Poison Potion"},{"floor":27.0,"key":"LiquidBronze"},{"floor":28.0,"key":"SkillPotion"},{"floor":30.0,"key":"LiquidBronze"},{"floor":31.0,"key":"Explosive Potion"}],"is_trial":false,"path_per_floor":["M","$","?","?","?","R","E","T","T","E","M","M","M","M","R","B",null,"M","?","M","M","M","R","?","$","T","?","M","M","E","M","R","B"],"character_chosen":"DEFECT","items_purchased":["Doom and Gloom","Toxic Egg 2","Hologram+1"],"campfire_rested":2,"item_purchase_floors":[2,25,25],"current_hp_per_floor":[64,64,43,43,43,43,43,43,43,50,48,48,48,35,35,35,62,46,46,39,23,19,40,54,54,54,53,53,41,4,4,40,0],"gold":151,"neow_bonus":"THREE_ENEMY_KILL","is_prod":false,"is_daily":false,"chose_seed":false,"campfire_upgraded":2,"win_rate":0,"timestamp":1541764042,"path_taken":["M","$","?","?","?","R","E","?","T","E","M","M","M","M","R","BOSS","M","?","?","M","M","R","?","$","T","?","M","M","E","M","R","BOSS"],"build_version":"2018-11-08","purchased_purges":0,"victory":false,"max_hp_per_floor":[71,71,71,71,64,64,64,64,64,71,71,71,71,71,71,71,71,71,71,71,71,71,71,71,71,71,71,71,71,71,71,71,71],"card_choices":[{"not_picked":["Coolheaded","Redo","Blizzard"],"picked":"SKIP","floor":1.0},{"not_picked":["Capacitor","Stack"],"picked":"Chill","floor":7.0},{"not_picked":["FTL","Stack"],"picked":"Loop","floor":10.0},{"not_picked":["Storm","Cold Snap"],"picked":"Leap","floor":11.0},{"not_picked":["Auto Shields","Compile Driver"],"picked":"Ball Lightning","floor":12.0},{"not_picked":["Turbo","Rebound","Compile Driver"],"picked":"SKIP","floor":13.0},{"not_picked":["Gash","Static Discharge"],"picked":"BootSequence","floor":14.0},{"not_picked":["Buffer","Amplify"],"picked":"Rainbow","floor":16.0},{"not_picked":["Storm","Consume","Turbo"],"picked":"SKIP","floor":18.0},{"not_picked":["FTL+1","Compile Driver"],"picked":"Reinforced Body+1","floor":20.0},{"not_picked":["Go for the Eyes","Leap","Rebound"],"picked":"SKIP","floor":21.0},{"not_picked":["Gash","Sweeping Beam+1","Go for the Eyes"],"picked":"SKIP","floor":22.0},{"not_picked":["Go for the Eyes","Stack+1"],"picked":"Compile Driver+1","floor":27.0},{"not_picked":["Stack+1","Gash"],"picked":"Turbo+1","floor":28.0},{"not_picked":["Turbo+1","Force Field+1","Loop"],"picked":"SKIP","floor":29.0},{"not_picked":["Turbo+1","Force Field+1"],"picked":"Loop","floor":29.0},{"not_picked":["Sweeping Beam","Thunder Strike"],"picked":"Auto Shields+1","floor":30.0},{"not_picked":["Blizzard","Hologram+1","Compile Driver+1"],"picked":"SKIP","floor":31.0}],"player_experience":518553,"relics_obtained":[{"floor":7.0,"key":"Darkstone Periapt"},{"floor":8.0,"key":"Pocketwatch"},{"floor":9.0,"key":"Oddly Smooth Stone"},{"floor":10.0,"key":"Strawberry"},{"floor":26.0,"key":"Regal Pillow"},{"floor":27.0,"key":"Red Mask"},{"floor":30.0,"key":"Turnip"}],"event_choices":[{"damage_healed":0.0,"max_hp_gain":0.0,"max_hp_loss":0.0,"gold_gain":0.0,"event_name":"Shining Light","player_choice":"Entered Light","floor":3.0,"gold_loss":0.0,"damage_taken":21.0,"cards_upgraded":["Doom and Gloom","Defend_B"]},{"damage_healed":0.0,"max_hp_gain":0.0,"max_hp_loss":0.0,"gold_gain":0.0,"event_name":"Scrap Ooze","player_choice":"Fled","floor":4.0,"gold_loss":0.0,"damage_taken":0.0},{"damage_healed":0.0,"max_hp_gain":0.0,"max_hp_loss":7.0,"gold_gain":0.0,"event_name":"Golden Idol","player_choice":"Lose Max HP","floor":5.0,"gold_loss":0.0,"damage_taken":0.0,"relics_obtained":["Golden Idol"]},{"damage_healed":0.0,"max_hp_gain":0.0,"max_hp_loss":0.0,"gold_gain":0.0,"event_name":"Accursed Blacksmith","player_choice":"Forge","floor":19.0,"gold_loss":0.0,"damage_taken":0.0,"cards_upgraded":["Rainbow"]},{"damage_healed":14.0,"max_hp_gain":0.0,"max_hp_loss":0.0,"gold_gain":0.0,"event_name":"The Library","player_choice":"Heal","floor":24.0,"gold_loss":0.0,"damage_taken":0.0},{"damage_healed":0.0,"max_hp_gain":0.0,"max_hp_loss":0.0,"gold_gain":0.0,"event_name":"Masked Bandits","player_choice":"Fought Bandits","floor":27.0,"gold_loss":0.0,"damage_taken":0.0}],"is_beta":true,"boss_relics":[{"not_picked":["Fusion Hammer","Velvet Choker"],"picked":"Nuclear Battery"}],"items_purged_floors":[],"is_endless":false,"potions_floor_spawned":[7,10,16,18,21,27,28,30,31],"killed_by":"Automaton","ascension_level":20}