{"gold_per_floor":[129,165,4,4,55,142,142,235,247,259,271,283],"floor_reached":12,"playtime":350,"items_purged":[],"score":272,"play_id":"1c0209aa-bcd5-4671-a1ef-e7d19ebf6402","local_time":"20190303122611","daily_mods":["DeadlyEvents","Binary","Cursed Run","Elite Swarm","Lethality","Midas","Night Terrors","Terminal","Uncertain Future","Binary"],"is_ascension_mode":true,"campfire_choices":[{"floor":7.0,"key":"REST"},{"floor":10,"key":"REST"}],"neow_cost":"","seed_source_timestamp":0,"circlet_count":0,"master_deck":["AscendersBane","Strike_B","Strike_B","Strike_B","Defend_B","Defend_B","Defend_B","Defend_B","Zap","Dualcast","Barrage","Cold Snap","Conserve Battery"],"special_seed":0,"relics":["Cursed Key","Darkstone Periapt","Du-Vu Doll","Busted Crown","Omamori","MawBank"],"potions_floor_usage":[],"damage_taken":[{"damage":0.0,"enemies":"Jaw Worm","floor":1.0,"turns":2.0},{"damage":0.0,"enemies":"Cultist","floor":2.0,"turns":3.0},{"damage":0.0,"enemies":"Small Slimes","floor":5.0,"turns":3.0},{"damage":0.0,"enemies":"Lagavulin","floor":6.0,"turns":7.0},{"damage":0.0,"enemies":"3 Sentries","floor":8.0,"turns":7.0},{"damage":0,"enemies":"Gremlin Nob","floor":12,"turns":3}],"seed_played":"8963645019963395966","potions_obtained":[{"floor":2.0,"key":"PowerPotion"},{"floor":8.0,"key":"SpeedPotion"}],"is_trial":true,"path_per_floor":["M","M","$","?","M","E","R","E","T","R","?","E"],"character_chosen":"DEFECT","items_purchased":["Barrage","Cold Snap","Conserve Battery"],"campfire_rested":2,"item_purchase_floors":[3,3,3],"current_hp_per_floor":[1,1,1,1,1,1,1,1,1,1,1,1],"gold":283,"neow_bonus":"","is_prod":false,"is_daily":false,"chose_seed":false,"campfire_upgraded":0,"win_rate":0,"timestamp":1551587171,"path_taken":["M","M","$","?","M","?","R","E","T","R","?","E"],"build_version":"2019-02-06","purchased_purges":0,"victory":false,"max_hp_per_floor":[1,1,1,1,1,1,1,1,1,1,1,1],"card_choices":[],"player_experience":819330,"relics_obtained":[{"floor":6.0,"key":"Omamori"},{"floor":8.0,"key":"MawBank"}],"event_choices":[{"cards_removed":["Strike_B"],"damage_healed":0.0,"max_hp_gain":0.0,"max_hp_loss":0.0,"gold_gain":0.0,"event_name":"Bonfire Elementals","player_choice":"Offered Basic","floor":4.0,"gold_loss":0.0,"damage_taken":0.0},{"damage_healed":0,"gold_gain":0,"player_choice":"Ignored","damage_taken":0,"max_hp_gain":0,"max_hp_loss":0,"event_name":"Liars Game","floor":11,"gold_loss":0}],"is_beta":true,"boss_relics":[],"items_purged_floors":[],"is_endless":false,"potions_floor_spawned":[2,8],"killed_by":"Gremlin Nob","ascension_level":20}