{"gold_per_floor":[99,99,99,99,69,69,69,69,69,69,69,34,34,34,34,34,34,34,34],"floor_reached":19,"playtime":1142,"items_purged":[],"score":398,"play_id":"ae226984-8b54-4d28-9c25-f3dbb835e15b","local_time":"20181107121210","is_ascension_mode":true,"campfire_choices":[{"data":"Choke","floor":6.0,"key":"SMITH"},{"floor":8.0,"key":"REST"},{"data":"Deadly Poison","floor":15,"key":"SMITH"}],"neow_cost":"NONE","seed_source_timestamp":3776526694514,"circlet_count":0,"master_deck":["AscendersBane","Defend_G","Defend_G","Defend_G","Defend_G","Strike_G","Strike_G","Strike_G","Survivor","Neutralize+1","Deadly Poison+1","Choke+1","Infinite Blades","Tools of the Trade","Slice","Well Laid Plans","All Out Attack","Corpse Explosion","Storm of Steel+1","Expertise+1","Outmaneuver+1","Backflip"],"special_seed":0,"relics":["Ectoplasm","Kunai","Gremlin Horn","Astrolabe"],"potions_floor_usage":[18],"damage_taken":[{"damage":2.0,"enemies":"2 Louse","floor":1.0,"turns":4.0},{"damage":5.0,"enemies":"Jaw Worm","floor":3.0,"turns":4.0},{"damage":0.0,"enemies":"Cultist","floor":4.0,"turns":4.0},{"damage":16.0,"enemies":"Exordium Thugs","floor":5.0,"turns":4.0},{"damage":12.0,"enemies":"3 Sentries","floor":7.0,"turns":9.0},{"damage":12,"enemies":"Large Slime","floor":10,"turns":6},{"damage":8,"enemies":"Exordium Wildlife","floor":11,"turns":4},{"damage":0,"enemies":"Blue Slaver","floor":14,"turns":3},{"damage":0,"enemies":"The Guardian","floor":16,"turns":10},{"damage":6,"enemies":"Spheric Guardian","floor":18,"turns":3},{"damage":25,"enemies":"Shell Parasite","floor":19,"turns":4}],"seed_played":"-3580545960130698234","potions_obtained":[{"floor":1.0,"key":"PowerPotion"},{"floor":16,"key":"Strength Potion"},{"floor":18,"key":"Energy Potion"}],"is_trial":false,"path_per_floor":["M","?","M","M","M","R","E","R","T","M","M","?","?","M","R","B",null,"M","M"],"character_chosen":"THE_SILENT","items_purchased":[],"campfire_rested":1,"item_purchase_floors":[],"current_hp_per_floor":[57,39,34,34,18,18,6,25,25,13,5,21,21,21,21,21,55,49,24],"gold":34,"neow_bonus":"BOSS_RELIC","is_prod":false,"is_daily":false,"chose_seed":false,"campfire_upgraded":2,"win_rate":0,"timestamp":1541563930,"path_taken":["M","?","M","M","M","R","E","R","T","M","M","?","?","M","R","BOSS","M","?"],"build_version":"2018-11-02","purchased_purges":0,"victory":false,"max_hp_per_floor":[66,66,66,66,66,66,66,66,66,66,66,66,66,66,66,66,66,66,66],"card_choices":[{"not_picked":["Escape Plan","Tactician"],"picked":"Deadly Poison","floor":1.0},{"not_picked":["Deflect","Poisoned Stab","Expertise"],"picked":"SKIP","floor":3.0},{"not_picked":["Outmaneuver","Deflect"],"picked":"Choke","floor":4.0},{"not_picked":["Tactician","Choke"],"picked":"Infinite Blades","floor":5.0},{"not_picked":["Dodge and Roll","Malaise"],"picked":"Tools of the Trade","floor":7.0},{"not_picked":["Underhanded Strike","Flying Knee"],"picked":"Slice","floor":10},{"not_picked":["Sucker Punch","Underhanded Strike"],"picked":"Well Laid Plans","floor":11},{"not_picked":["Deflect","PiercingWail"],"picked":"All Out Attack","floor":14},{"not_picked":["Phantasmal Killer","Night Terror"],"picked":"Corpse Explosion","floor":16},{"not_picked":["Slice","Dagger Spray"],"picked":"Backflip","floor":18}],"player_experience":506598,"relics_obtained":[{"floor":7.0,"key":"Gremlin Horn"}],"event_choices":[{"damage_healed":0.0,"max_hp_gain":0.0,"max_hp_loss":0.0,"gold_gain":0.0,"event_name":"Scrap Ooze","player_choice":"Success","floor":2.0,"gold_loss":0.0,"damage_taken":18.0,"relics_obtained":["Kunai"]},{"damage_healed":16,"gold_gain":0,"player_choice":"Healed","damage_taken":0,"max_hp_gain":0,"max_hp_loss":0,"event_name":"The Cleric","floor":12,"gold_loss":35},{"damage_healed":0,"gold_gain":0,"player_choice":"Forge","damage_taken":0,"max_hp_gain":0,"max_hp_loss":0,"event_name":"Accursed Blacksmith","floor":13,"gold_loss":0,"cards_upgraded":["Neutralize"]}],"is_beta":true,"boss_relics":[{"not_picked":["Black Star","White Beast Statue"],"picked":"Astrolabe"}],"items_purged_floors":[],"is_endless":false,"potions_floor_spawned":[1,16,18],"killed_by":"Shell Parasite","ascension_level":16}