{"gold_per_floor":[109,109,127,144,160,188,188,217,295,326,326,68,68,68,68,161,161,182,198,198,198,213,213,228,228,228,557,557,570,570,588,588,659,659,673,289,309,309,309,309,45,45,45,45,45,23,23,50,50,50,50],"floor_reached":52,"playtime":2633,"items_purged":["Hello World","Strike_B+1"],"score":1828,"play_id":"c299eb1b-0e4c-4514-8a32-9b2318b6b591","local_time":"20181208204143","is_ascension_mode":true,"campfire_choices":[{"data":"Chaos","floor":7.0,"key":"SMITH"},{"data":"Lockon","floor":11.0,"key":"SMITH"},{"data":"Loop","floor":15.0,"key":"SMITH"},{"data":"Redo","floor":23.0,"key":"SMITH"},{"data":"Zap","floor":25.0,"key":"SMITH"},{"floor":28.0,"key":"REST"},{"data":"Seek","floor":30.0,"key":"SMITH"},{"data":"Hologram","floor":32.0,"key":"SMITH"},{"data":"Go for the Eyes","floor":40.0,"key":"SMITH"},{"data":"Defragment","floor":45.0,"key":"SMITH"},{"data":"Darkness","floor":49.0,"key":"SMITH"}],"neow_cost":"TEN_PERCENT_HP_LOSS","seed_source_timestamp":41018383267518,"circlet_count":0,"master_deck":["AscendersBane","Strike_B+1","Defend_B+1","Defend_B+1","Defend_B+1","Zap+1","Dualcast","Scrape","Darkness+1","Glacier","Leap","Ball Lightning","Chaos+1","Core Surge","Loop+1","Self Repair","Seek+1","All For One","Steam","Turbo","Beam Cell","Go for the Eyes+1","Redo+1","FTL+1","Chill+1","Hologram+1","Echo Form","Reinforced Body","Gash","Defragment+1","Capacitor","Darkness+1","Flash of Steel"],"special_seed":0,"relics":["Cracked Core","Strawberry","Incense Burner","The Courier","Potion Belt","Chemical X","Bloody Idol","Orrery","Turnip","Old Coin","Busted Crown","Membership Card","Bottled Lightning","Lee\u0027s Waffle","Centennial Puzzle","Gremlin Horn"],"potions_floor_usage":[51,51],"damage_taken":[{"damage":7.0,"enemies":"Small Slimes","floor":1.0,"turns":3.0},{"damage":1.0,"enemies":"Cultist","floor":3.0,"turns":3.0},{"damage":2.0,"enemies":"2 Louse","floor":4.0,"turns":2.0},{"damage":12.0,"enemies":"2 Fungi Beasts","floor":5.0,"turns":4.0},{"damage":13.0,"enemies":"3 Sentries","floor":6.0,"turns":5.0},{"damage":9.0,"enemies":"Gremlin Nob","floor":8.0,"turns":3.0},{"damage":16.0,"enemies":"Lagavulin","floor":10.0,"turns":6.0},{"damage":10.0,"enemies":"Hexaghost","floor":16.0,"turns":8.0},{"damage":13.0,"enemies":"Shell Parasite","floor":18.0,"turns":6.0},{"damage":18.0,"enemies":"Spheric Guardian","floor":19.0,"turns":6.0},{"damage":12.0,"enemies":"Centurion and Healer","floor":22.0,"turns":9.0},{"damage":28.0,"enemies":"3 Cultists","floor":24.0,"turns":5.0},{"damage":16.0,"enemies":"Gremlin Leader","floor":27.0,"turns":6.0},{"damage":7.0,"enemies":"Sentry and Sphere","floor":29.0,"turns":4.0},{"damage":6.0,"enemies":"Snake Plant","floor":31.0,"turns":4.0},{"damage":26.0,"enemies":"Collector","floor":33.0,"turns":7.0},{"damage":19.0,"enemies":"Orb Walker","floor":35.0,"turns":4.0},{"damage":0.0,"enemies":"3 Shapes","floor":37.0,"turns":7.0},{"damage":21.0,"enemies":"Nemesis","floor":48.0,"turns":5.0},{"damage":29.0,"enemies":"Awakened One","floor":50.0,"turns":14.0},{"damage":24,"enemies":"Donu and Deca","floor":51,"turns":13}],"seed_played":"-6327591359176108692","potions_obtained":[{"floor":3.0,"key":"Strength Potion"},{"floor":4.0,"key":"Regen Potion"},{"floor":6.0,"key":"Fire Potion"},{"floor":16.0,"key":"EntropicBrew"},{"floor":18.0,"key":"LiquidBronze"},{"floor":22.0,"key":"Weak Potion"},{"floor":27.0,"key":"Strength Potion"},{"floor":29.0,"key":"EntropicBrew"},{"floor":37.0,"key":"Ancient Potion"}],"is_trial":false,"path_per_floor":["M","?","M","M","M","E","R","E","T","E","R","$","?","$","R","B",null,"M","M","?","?","M","R","M","R","T","E","R","M","R","M","R","B",null,"M","$","M","?","?","R","$","?","T","?","R","$","?","E","R","B","B",null],"character_chosen":"DEFECT","items_purchased":["Chemical X","Loop","Self Repair","Membership Card","Bottled Lightning","GamblersBrew","FearPotion","Gash","Defragment","Capacitor","Darkness","Lee\u0027s Waffle","Flash of Steel","Swift Potion"],"campfire_rested":1,"item_purchase_floors":[12,12,12,36,36,36,36,36,41,41,41,41,41,46],"current_hp_per_floor":[57,57,56,54,42,36,36,27,27,11,11,11,11,11,11,8,50,44,33,33,33,33,33,17,17,17,11,30,35,35,41,41,27,55,48,48,60,60,60,60,71,71,71,67,67,67,67,58,58,29,12],"gold":50,"neow_bonus":"TRANSFORM_TWO_CARDS","is_prod":false,"is_daily":false,"chose_seed":false,"campfire_upgraded":10,"win_rate":0,"timestamp":1544272903,"path_taken":["M","?","M","?","M","E","R","E","T","E","R","$","?","$","R","BOSS","M","M","?","?","?","R","M","R","T","E","R","M","R","M","R","BOSS","M","$","M","?","?","R","$","?","T","?","R","?","?","E","R","BOSS","BOSS"],"build_version":"2018-12-06","purchased_purges":2,"victory":true,"max_hp_per_floor":[64,64,64,64,64,71,71,71,71,71,71,71,64,64,64,64,64,64,64,64,64,64,64,64,64,64,64,64,64,64,64,64,64,64,64,64,64,64,64,64,71,71,71,67,67,67,67,67,67,67,67],"card_choices":[{"not_picked":["Beam Cell","Stack"],"picked":"Darkness","floor":1.0},{"not_picked":["Go for the Eyes","Ball Lightning"],"picked":"Glacier","floor":3.0},{"not_picked":["Conserve Battery","Turbo"],"picked":"Leap","floor":4.0},{"not_picked":["Hologram","Glacier"],"picked":"Ball Lightning","floor":5.0},{"not_picked":["Coolheaded","Fusion"],"picked":"Chaos","floor":6.0},{"not_picked":["Fusion","Barrage"],"picked":"Core Surge","floor":8.0},{"not_picked":["Turbo","Recycle"],"picked":"Lockon","floor":10.0},{"not_picked":["Machine Learning","Thunder Strike"],"picked":"Seek","floor":16.0},{"not_picked":["Streamline","Chill"],"picked":"All For One","floor":17.0},{"not_picked":["Reinforced Body","Leap"],"picked":"Steam","floor":17.0},{"not_picked":["Sweeping Beam","Go for the Eyes"],"picked":"Turbo","floor":17.0},{"not_picked":["Ball Lightning","Scrape"],"picked":"Beam Cell","floor":17.0},{"not_picked":["Steam","Compile Driver","Consume"],"picked":"SKIP","floor":18.0},{"not_picked":["Streamline","Recycle"],"picked":"Go for the Eyes","floor":19.0},{"not_picked":["Leap","Rebound"],"picked":"Redo","floor":22.0},{"not_picked":["Leap","Rebound"],"picked":"FTL+1","floor":24.0},{"not_picked":["Sweeping Beam","Meteor Strike"],"picked":"Chill+1","floor":27.0},{"not_picked":["Sweeping Beam","Hello World","Blizzard"],"picked":"SKIP","floor":29.0},{"not_picked":["Barrage","Steam"],"picked":"Hologram","floor":31.0},{"not_picked":["Meteor Strike","Rainbow"],"picked":"Echo Form","floor":33.0},{"not_picked":[],"picked":"Reinforced Body","floor":35.0},{"not_picked":["Genetic Algorithm+1"],"picked":"SKIP","floor":37.0},{"not_picked":["Ball Lightning"],"picked":"SKIP","floor":48.0}],"player_experience":600910,"relics_obtained":[{"floor":6.0,"key":"Strawberry"},{"floor":8.0,"key":"Incense Burner"},{"floor":9.0,"key":"The Courier"},{"floor":10.0,"key":"Potion Belt"},{"floor":26.0,"key":"Turnip"},{"floor":27.0,"key":"Old Coin"},{"floor":43.0,"key":"Centennial Puzzle"},{"floor":48.0,"key":"Gremlin Horn"}],"event_choices":[{"damage_healed":0.0,"max_hp_gain":0.0,"max_hp_loss":0.0,"gold_gain":0.0,"event_name":"Upgrade Shrine","player_choice":"Upgraded","floor":2.0,"gold_loss":0.0,"damage_taken":0.0,"cards_upgraded":["Darkness"]},{"damage_healed":0.0,"max_hp_gain":0.0,"max_hp_loss":7.0,"gold_gain":0.0,"event_name":"Golden Idol","player_choice":"Lose Max HP","floor":13.0,"gold_loss":0.0,"damage_taken":0.0,"relics_obtained":["Golden Idol"]},{"damage_healed":0.0,"max_hp_gain":0.0,"max_hp_loss":0.0,"gold_gain":0.0,"event_name":"Forgotten Altar","player_choice":"Gave Idol","floor":20.0,"relics_lost":["Golden Idol"],"gold_loss":0.0,"damage_taken":0.0,"relics_obtained":["Bloody Idol"]},{"damage_healed":0.0,"max_hp_gain":0.0,"max_hp_loss":0.0,"gold_gain":0.0,"event_name":"Back to Basics","player_choice":"Simplicity","floor":21.0,"gold_loss":0.0,"damage_taken":0.0,"cards_upgraded":["Strike_B","Strike_B","Strike_B","Defend_B","Defend_B","Defend_B"]},{"damage_healed":0.0,"max_hp_gain":0.0,"max_hp_loss":0.0,"gold_gain":0.0,"event_name":"Mysterious Sphere","player_choice":"Ignored","floor":38.0,"gold_loss":0.0,"damage_taken":0.0},{"damage_healed":0.0,"max_hp_gain":0.0,"max_hp_loss":0.0,"gold_gain":0.0,"event_name":"Tomb of Lord Red Mask","player_choice":"Ignored","floor":39.0,"gold_loss":0.0,"damage_taken":0.0},{"cards_removed":["Lockon"],"damage_healed":0.0,"max_hp_gain":0.0,"max_hp_loss":0.0,"gold_gain":0.0,"event_name":"Falling","player_choice":"Removed Attack","floor":42.0,"gold_loss":0.0,"damage_taken":0.0},{"damage_healed":0.0,"max_hp_gain":0.0,"max_hp_loss":4.0,"gold_gain":0.0,"event_name":"Winding Halls","player_choice":"Max HP","floor":44.0,"gold_loss":0.0,"damage_taken":0.0},{"cards_removed":["Strike_B"],"damage_healed":0.0,"max_hp_gain":0.0,"max_hp_loss":0.0,"gold_gain":0.0,"event_name":"Bonfire Elementals","player_choice":"Offered Basic","floor":47.0,"gold_loss":0.0,"damage_taken":0.0}],"is_beta":true,"boss_relics":[{"not_picked":["Fusion Hammer","FrozenCore"],"picked":"Orrery"},{"not_picked":["White Beast Statue","Nuclear Battery"],"picked":"Busted Crown"}],"items_purged_floors":[36,41],"is_endless":false,"potions_floor_spawned":[3,4,6,16,18,22,27,29,37],"ascension_level":20}