{"gold_per_floor":[11,23,23,42,54,54,54,54,54,79,79,134,146,156,156,235,235,248,262,262,262,262],"floor_reached":22,"playtime":782,"items_purged":[],"score":369,"play_id":"703491d5-0242-48f1-ade5-ac7366ef57f2","local_time":"20190208210528","is_ascension_mode":true,"campfire_choices":[{"data":"Bouncing Flask","floor":6.0,"key":"SMITH"},{"data":"Footwork","floor":8.0,"key":"SMITH"},{"data":"Noxious Fumes","floor":11.0,"key":"SMITH"},{"data":"Deadly Poison","floor":15.0,"key":"SMITH"}],"neow_cost":"NO_GOLD","seed_source_timestamp":6259150784113,"circlet_count":0,"master_deck":["AscendersBane","Defend_G","Defend_G","Defend_G","Defend_G","Strike_G","Strike_G","Strike_G","Strike_G","Survivor","Neutralize","Bouncing Flask+1","Noxious Fumes+1","Leg Sweep","Footwork+1","Backflip","Predator","Deadly Poison+1","Corpse Explosion","Bane","PiercingWail","Footwork+1"],"special_seed":0,"relics":["Ring of the Snake","Mercury Hourglass","Turnip","Boot","Black Star"],"potions_floor_usage":[],"damage_taken":[{"damage":7.0,"enemies":"Jaw Worm","floor":1.0,"turns":4.0},{"damage":0.0,"enemies":"Cultist","floor":2.0,"turns":3.0},{"damage":6.0,"enemies":"2 Louse","floor":4.0,"turns":3.0},{"damage":8.0,"enemies":"Exordium Wildlife","floor":5.0,"turns":5.0},{"damage":0.0,"enemies":"Gremlin Nob","floor":10.0,"turns":4.0},{"damage":1.0,"enemies":"Lagavulin Event","floor":12.0,"turns":5.0},{"damage":6.0,"enemies":"Red Slaver","floor":13.0,"turns":4.0},{"damage":2.0,"enemies":"3 Louse","floor":14.0,"turns":2.0},{"damage":9.0,"enemies":"Slime Boss","floor":16.0,"turns":8.0},{"damage":0.0,"enemies":"Chosen","floor":18.0,"turns":4.0},{"damage":14.0,"enemies":"Shell Parasite","floor":19.0,"turns":5.0},{"damage":20,"enemies":"Snecko","floor":22,"turns":4}],"seed_played":"-1885143195646640121","potions_obtained":[{"floor":1.0,"key":"SpeedPotion"},{"floor":3.0,"key":"SteroidPotion"},{"floor":4.0,"key":"Fire Potion"},{"floor":13.0,"key":"Poison Potion"}],"is_trial":false,"path_per_floor":["M","M","?","M","M","R","$","R","T","E","R","?","M","M","R","B",null,"M","M","?","?","M"],"character_chosen":"THE_SILENT","items_purchased":[],"campfire_rested":0,"item_purchase_floors":[],"current_hp_per_floor":[52,52,52,46,38,38,38,38,38,38,38,37,31,29,29,20,55,55,41,41,41,21],"gold":262,"neow_bonus":"REMOVE_TWO","is_prod":false,"is_daily":false,"chose_seed":false,"campfire_upgraded":4,"win_rate":0,"timestamp":1549631128,"path_taken":["M","M","?","M","?","R","?","R","T","E","R","?","M","M","R","BOSS","M","M","?","?","?"],"build_version":"2019-02-06","purchased_purges":0,"victory":false,"max_hp_per_floor":[66,66,66,66,66,66,66,66,66,66,66,66,66,66,66,66,66,66,66,66,66,66],"card_choices":[{"not_picked":["Acrobatics","Catalyst"],"picked":"Bouncing Flask","floor":1.0},{"not_picked":["Dagger Spray","Tactician"],"picked":"Noxious Fumes","floor":2.0},{"not_picked":["Dagger Spray","Sucker Punch"],"picked":"Leg Sweep","floor":4.0},{"not_picked":["Blade Dance","Dodge and Roll"],"picked":"Footwork","floor":5.0},{"not_picked":["Grand Finale","Outmaneuver","Choke"],"picked":"SKIP","floor":10.0},{"not_picked":["Dagger Spray","Infinite Blades"],"picked":"Backflip","floor":12.0},{"not_picked":["Expertise","Finisher"],"picked":"Predator","floor":13.0},{"not_picked":["Acrobatics","Distraction"],"picked":"Deadly Poison","floor":14.0},{"not_picked":["Unload","After Image"],"picked":"Corpse Explosion","floor":16.0},{"not_picked":["Outmaneuver+1","Sucker Punch"],"picked":"Bane","floor":18.0},{"not_picked":["Cloak And Dagger","Backflip"],"picked":"PiercingWail","floor":19.0}],"player_experience":758294,"relics_obtained":[{"floor":9.0,"key":"Mercury Hourglass"},{"floor":10.0,"key":"Turnip"},{"floor":12.0,"key":"Boot"}],"event_choices":[{"damage_healed":0.0,"max_hp_gain":0.0,"max_hp_loss":0.0,"gold_gain":0.0,"event_name":"Lab","player_choice":"Got Potions","floor":3.0,"gold_loss":0.0,"damage_taken":0.0},{"damage_healed":0.0,"max_hp_gain":0.0,"max_hp_loss":0.0,"gold_gain":0.0,"event_name":"Dead Adventurer","player_choice":"Searched \u00271\u0027 times","floor":12.0,"gold_loss":0.0,"damage_taken":0.0},{"damage_healed":0.0,"max_hp_gain":0.0,"max_hp_loss":0.0,"gold_gain":0.0,"event_name":"The Mausoleum","player_choice":"Ignored","floor":20.0,"gold_loss":0.0,"damage_taken":0.0},{"damage_healed":0.0,"max_hp_gain":0.0,"max_hp_loss":0.0,"gold_gain":0.0,"event_name":"Duplicator","player_choice":"Copied","floor":21.0,"gold_loss":0.0,"damage_taken":0.0,"cards_obtained":["Footwork"]}],"is_beta":true,"boss_relics":[{"not_picked":["Tiny House","Lizard Tail"],"picked":"Black Star"}],"items_purged_floors":[],"is_endless":false,"potions_floor_spawned":[1,4,13],"killed_by":"Snecko","ascension_level":15}