{"gold_per_floor":[116,116,37,56,73,73,103,113,113,113,188,188,205,231,231,307,307,321,341,353,68,83,118,118,151,151,168,168,41,41,41,41,117,117,129,129,129,29,129,159,159,172,197,197,210,225,225,253,253,253],"floor_reached":51,"playtime":2533,"items_purged":["Decay","Strike_G"],"score":1455,"play_id":"861e32a9-d2b6-44b0-8912-2868019530e4","local_time":"20181102190624","is_ascension_mode":true,"campfire_choices":[{"data":"Neutralize","floor":6.0,"key":"SMITH"},{"floor":10.0,"key":"REST"},{"floor":12.0,"key":"REST"},{"data":"Footwork","floor":15.0,"key":"SMITH"},{"data":"Calculated Gamble","floor":24.0,"key":"SMITH"},{"data":"Backflip","floor":32.0,"key":"SMITH"},{"floor":41.0,"key":"REST"},{"floor":49,"key":"REST"}],"neow_cost":"NONE","seed_source_timestamp":0,"circlet_count":0,"master_deck":["Defend_G","Defend_G","Defend_G","Defend_G","Defend_G","Strike_G","Strike_G+1","Strike_G+1","Survivor","Neutralize+1","AscendersBane","Skewer+1","Eviscerate","Calculated Gamble+1","Predator","Phantasmal Killer","Underhanded Strike+1","Footwork+1","Night Terror","Crippling Poison+1","Terror","Eviscerate+1","Backflip+1","Footwork+1","Cloak And Dagger+1","Blur","Apotheosis","Panache","Predator+1"],"special_seed":0,"relics":["Snecko Eye","Paper Crane","Molten Egg 2","Blue Candle","HoveringKite","Lee\u0027s Waffle","Oddly Smooth Stone","Juzu Bracelet","Kunai","WristBlade","StoneCalendar","Ancient Tea Set","Dream Catcher","Pen Nib"],"potions_floor_usage":[48,50,50],"damage_taken":[{"damage":13.0,"enemies":"Small Slimes","floor":1.0,"turns":6.0},{"damage":0.0,"enemies":"Cultist","floor":4.0,"turns":2.0},{"damage":0.0,"enemies":"Jaw Worm","floor":5.0,"turns":1.0},{"damage":15.0,"enemies":"3 Sentries","floor":7.0,"turns":6.0},{"damage":6.0,"enemies":"3 Louse","floor":8.0,"turns":2.0},{"damage":5.0,"enemies":"Large Slime","floor":13.0,"turns":3.0},{"damage":0.0,"enemies":"Lagavulin","floor":14.0,"turns":3.0},{"damage":6.0,"enemies":"The Guardian","floor":16.0,"turns":8.0},{"damage":23.0,"enemies":"3 Byrds","floor":18.0,"turns":5.0},{"damage":6.0,"enemies":"Shell Parasite","floor":19.0,"turns":3.0},{"damage":6.0,"enemies":"Shelled Parasite and Fungi","floor":20.0,"turns":3.0},{"damage":0.0,"enemies":"Snecko","floor":22.0,"turns":3.0},{"damage":16.0,"enemies":"Slavers","floor":23.0,"turns":5.0},{"damage":21.0,"enemies":"Gremlin Leader","floor":25.0,"turns":6.0},{"damage":12.0,"enemies":"Snake Plant","floor":27.0,"turns":2.0},{"damage":0.0,"enemies":"Champ","floor":33.0,"turns":5.0},{"damage":12.0,"enemies":"3 Darklings","floor":35.0,"turns":2.0},{"damage":4.0,"enemies":"Mind Bloom Boss Battle","floor":39.0,"turns":4.0},{"damage":14.0,"enemies":"Nemesis","floor":40.0,"turns":7.0},{"damage":0.0,"enemies":"3 Shapes","floor":42.0,"turns":5.0},{"damage":0.0,"enemies":"Maw","floor":45.0,"turns":4.0},{"damage":3.0,"enemies":"Spire Growth","floor":46.0,"turns":4.0},{"damage":0,"enemies":"Reptomancer","floor":48,"turns":4},{"damage":45,"enemies":"Donu and Deca","floor":50,"turns":5}],"seed_played":"-9144822316654160575","potions_obtained":[{"floor":4.0,"key":"Ancient Potion"},{"floor":7.0,"key":"Strength Potion"},{"floor":13.0,"key":"SkillPotion"},{"floor":16.0,"key":"Energy Potion"},{"floor":20.0,"key":"SkillPotion"},{"floor":25.0,"key":"Regen Potion"},{"floor":27.0,"key":"Strength Potion"},{"floor":33.0,"key":"Energy Potion"},{"floor":35.0,"key":"AttackPotion"},{"floor":39.0,"key":"SkillPotion"},{"floor":42.0,"key":"FearPotion"},{"floor":48,"key":"FearPotion"}],"is_trial":false,"path_per_floor":["M","?","$","M","M","R","E","M","T","R","?","R","M","E","R","B",null,"M","M","M","$","M","E","R","E","T","M","?","$","?","?","R","B",null,"M","?","?","$","?","E","R","M","T","?","M","M","?","E","R","B"],"character_chosen":"THE_SILENT","items_purchased":["Eviscerate","Terror","Lee\u0027s Waffle","Backflip"],"campfire_rested":4,"item_purchase_floors":[3,21,21,29],"current_hp_per_floor":[46,26,26,26,26,26,11,5,5,24,13,32,27,27,27,21,55,32,26,20,73,73,57,57,36,36,24,24,24,24,24,24,36,64,52,52,52,52,48,34,55,55,55,55,55,52,42,42,62,17],"gold":253,"neow_bonus":"BOSS_RELIC","is_prod":false,"is_daily":false,"chose_seed":false,"campfire_upgraded":4,"win_rate":0,"timestamp":1541156784,"path_taken":["M","?","$","M","?","R","E","M","T","R","?","R","M","E","R","BOSS","M","M","M","$","M","E","R","E","T","M","?","$","?","?","R","BOSS","M","?","?","$","?","E","R","M","T","?","M","M","?","E","R","BOSS"],"build_version":"2018-10-29v2","purchased_purges":2,"victory":true,"max_hp_per_floor":[66,66,66,66,66,66,66,66,66,66,66,66,66,66,66,66,66,66,66,66,73,73,73,73,73,73,73,73,73,73,73,73,73,73,73,73,73,73,73,73,73,73,73,69,69,69,69,69,69,69],"card_choices":[{"not_picked":["Poisoned Stab","Slice"],"picked":"Skewer","floor":1.0},{"not_picked":["Tactician","Bane"],"picked":"Calculated Gamble","floor":4.0},{"not_picked":["Concentrate","Escape Plan"],"picked":"Predator","floor":5.0},{"not_picked":["Deadly Poison","Calculated Gamble"],"picked":"Phantasmal Killer","floor":7.0},{"not_picked":["Dagger Spray","Deadly Poison","Deflect"],"picked":"SKIP","floor":8.0},{"not_picked":["Bane+1","PiercingWail"],"picked":"Underhanded Strike+1","floor":13.0},{"not_picked":["Sucker Punch+1","Choke+1"],"picked":"Footwork","floor":14.0},{"not_picked":["Tools of the Trade","Die Die Die+1"],"picked":"Night Terror","floor":16.0},{"not_picked":["Acrobatics","Expertise","Dagger Throw+1"],"picked":"SKIP","floor":18.0},{"not_picked":["Poisoned Stab+1","Acrobatics","Well Laid Plans"],"picked":"SKIP","floor":19.0},{"not_picked":["Flying Knee+1","Flechettes+1"],"picked":"Crippling Poison+1","floor":20.0},{"not_picked":["Blur+1","Bane+1"],"picked":"Eviscerate+1","floor":22.0},{"not_picked":["Blade Dance","Adrenaline","Flying Knee+1"],"picked":"SKIP","floor":23.0},{"not_picked":["Quick Slash+1","PiercingWail","Noxious Fumes"],"picked":"SKIP","floor":25.0},{"not_picked":["Slice+1","Dagger Throw+1","Flechettes+1"],"picked":"SKIP","floor":27.0},{"not_picked":["Blade Dance","Dagger Throw+1","Deadly Poison+1"],"picked":"SKIP","floor":35.0},{"not_picked":["Heel Hook+1","Catalyst"],"picked":"Cloak And Dagger+1","floor":39.0},{"not_picked":["Bane+1","Cloak And Dagger+1","Backflip"],"picked":"SKIP","floor":40.0},{"not_picked":["Slice+1","Acrobatics","Masterful Stab+1"],"picked":"SKIP","floor":42.0},{"not_picked":["Poisoned Stab+1","Calculated Gamble"],"picked":"Blur","floor":45.0},{"not_picked":["Blur","Masterful Stab+1","Prepared+1"],"picked":"SKIP","floor":46.0},{"not_picked":["Master of Strategy","Jack Of All Trades"],"picked":"Apotheosis","floor":47.0},{"not_picked":["Madness","Bandage Up"],"picked":"Panache","floor":47.0},{"not_picked":["Escape Plan","Sucker Punch+1","Bane+1"],"picked":"SKIP","floor":48},{"not_picked":["Acrobatics+1","Prepared"],"picked":"Predator+1","floor":49}],"player_experience":480552,"relics_obtained":[{"floor":7.0,"key":"Paper Crane"},{"floor":9.0,"key":"Molten Egg 2"},{"floor":14.0,"key":"Blue Candle"},{"floor":23.0,"key":"Oddly Smooth Stone"},{"floor":25.0,"key":"Juzu Bracelet"},{"floor":26.0,"key":"Kunai"},{"floor":39.0,"key":"StoneCalendar"},{"floor":40.0,"key":"Ancient Tea Set"},{"floor":43.0,"key":"Dream Catcher"},{"floor":48,"key":"Pen Nib"}],"event_choices":[{"damage_healed":0.0,"max_hp_gain":0.0,"max_hp_loss":0.0,"gold_gain":0.0,"event_name":"Shining Light","player_choice":"Entered Light","floor":2.0,"gold_loss":0.0,"damage_taken":20.0,"cards_upgraded":["Strike_G","Strike_G"]},{"damage_healed":0.0,"max_hp_gain":0.0,"max_hp_loss":0.0,"gold_gain":75.0,"event_name":"World of Goop","player_choice":"Gather Gold","floor":11.0,"gold_loss":0.0,"damage_taken":11.0},{"damage_healed":0.0,"max_hp_gain":0.0,"max_hp_loss":0.0,"gold_gain":0.0,"event_name":"Forgotten Altar","player_choice":"Smashed Altar","floor":28.0,"gold_loss":0.0,"damage_taken":0.0,"cards_obtained":["Decay"]},{"damage_healed":0.0,"max_hp_gain":0.0,"max_hp_loss":0.0,"gold_gain":0.0,"event_name":"Upgrade Shrine","player_choice":"Upgraded","floor":30.0,"gold_loss":0.0,"damage_taken":0.0,"cards_upgraded":["Skewer"]},{"damage_healed":0.0,"max_hp_gain":0.0,"max_hp_loss":0.0,"gold_gain":0.0,"event_name":"Duplicator","player_choice":"Copied","floor":31.0,"gold_loss":0.0,"damage_taken":0.0,"cards_obtained":["Footwork"]},{"damage_healed":0.0,"max_hp_gain":0.0,"max_hp_loss":0.0,"gold_gain":0.0,"event_name":"Mysterious Sphere","player_choice":"Ignored","floor":36.0,"gold_loss":0.0,"damage_taken":0.0},{"cards_removed":["Strike_G"],"damage_healed":0.0,"max_hp_gain":0.0,"max_hp_loss":0.0,"gold_gain":0.0,"event_name":"Falling","player_choice":"Removed Attack","floor":37.0,"gold_loss":0.0,"damage_taken":0.0},{"damage_healed":0.0,"max_hp_gain":0.0,"max_hp_loss":0.0,"gold_gain":0.0,"event_name":"MindBloom","player_choice":"Fight","floor":39.0,"gold_loss":0.0,"damage_taken":0.0},{"damage_healed":0.0,"max_hp_gain":0.0,"max_hp_loss":4.0,"gold_gain":0.0,"event_name":"Winding Halls","player_choice":"Max HP","floor":44.0,"gold_loss":0.0,"damage_taken":0.0},{"damage_healed":0.0,"max_hp_gain":0.0,"max_hp_loss":0.0,"gold_gain":0.0,"event_name":"SensoryStone","player_choice":"Memory 3","floor":47.0,"gold_loss":0.0,"damage_taken":10.0}],"is_beta":true,"boss_relics":[{"not_picked":["Tiny House","Sozu"],"picked":"HoveringKite"},{"not_picked":["Eternal Feather","Fusion Hammer"],"picked":"WristBlade"}],"items_purged_floors":[29,38],"is_endless":false,"potions_floor_spawned":[4,7,13,16,20,25,27,33,35,39,42,48],"ascension_level":15}