{"gold_per_floor":[112,132,19,38,113,145,145,171,195,205,205,205,192,207,207,207],"floor_reached":16,"playtime":618,"items_purged":[],"score":134,"play_id":"a0b1fac4-9703-47b2-be3b-574d30e4ce07","local_time":"20180923204353","is_ascension_mode":true,"campfire_choices":[{"floor":7.0,"key":"REST"},{"floor":12,"key":"REST"},{"data":"Neutralize","floor":15,"key":"SMITH"}],"neow_cost":"NONE","seed_source_timestamp":16904558637136,"circlet_count":0,"master_deck":["Defend_G","Defend_G","Defend_G+1","Defend_G","Defend_G+1","Strike_G","Strike_G","Strike_G","Strike_G","Strike_G","Survivor","Neutralize+1","Footwork","Slice","Escape Plan","Concentrate","PiercingWail","Unload","Dash","Cloak And Dagger","Poisoned Stab","Corpse Explosion"],"special_seed":0,"relics":["Ring of the Snake","Pen Nib","War Paint","Smiling Mask"],"potions_floor_usage":[8,13],"damage_taken":[{"damage":0.0,"enemies":"Cultist","floor":1.0,"turns":3.0},{"damage":0.0,"enemies":"Small Slimes","floor":2.0,"turns":5.0},{"damage":0.0,"enemies":"2 Louse","floor":4.0,"turns":3.0},{"damage":55.0,"enemies":"3 Sentries","floor":6.0,"turns":18.0},{"damage":32,"enemies":"Lagavulin","floor":8,"turns":7},{"damage":0,"enemies":"Looter","floor":10,"turns":3},{"damage":9,"enemies":"Exordium Thugs","floor":13,"turns":4},{"damage":0,"enemies":"2 Fungi Beasts","floor":14,"turns":4},{"damage":26,"enemies":"The Guardian","floor":16,"turns":2}],"seed_played":"-407773130954630554","potions_obtained":[{"floor":1.0,"key":"FearPotion"},{"floor":8,"key":"Dexterity Potion"},{"floor":14,"key":"SpeedPotion"}],"is_trial":false,"path_per_floor":["M","M","$","M","?","E","R","E","T","M","?","R","M","M","R"],"character_chosen":"THE_SILENT","items_purchased":["Escape Plan","Concentrate"],"campfire_rested":2,"item_purchase_floors":[3,3],"current_hp_per_floor":[77,77,77,77,66,11,34,2,2,2,2,25,16,16,16,0],"gold":207,"neow_bonus":"TEN_PERCENT_HP_BONUS","is_prod":false,"is_daily":false,"chose_seed":false,"campfire_upgraded":1,"win_rate":0,"timestamp":1537706633,"path_taken":["M","M","$","M","?","E","R","E","T","M","?","R","?","M","R","BOSS"],"build_version":"2018-09-20","purchased_purges":0,"victory":false,"max_hp_per_floor":[77,77,77,77,77,77,77,77,77,77,77,77,77,77,77,77],"card_choices":[{"not_picked":["Riddle With Holes","Choke"],"picked":"Footwork","floor":1.0},{"not_picked":["Flying Knee","Blade Dance"],"picked":"Slice","floor":2.0},{"not_picked":["Outmaneuver","Caltrops"],"picked":"PiercingWail","floor":4.0},{"not_picked":["Flying Knee","Doppelganger"],"picked":"Unload","floor":6.0},{"not_picked":["PiercingWail","Underhanded Strike"],"picked":"Dash","floor":8},{"not_picked":["Underhanded Strike","Prepared"],"picked":"Cloak And Dagger","floor":10},{"not_picked":["Underhanded Strike","Dagger Spray"],"picked":"Poisoned Stab","floor":13},{"not_picked":["Noxious Fumes","Blade Dance"],"picked":"Corpse Explosion","floor":14}],"player_experience":399171,"relics_obtained":[{"floor":6.0,"key":"Pen Nib"},{"floor":8,"key":"War Paint"},{"floor":9,"key":"Smiling Mask"}],"event_choices":[{"event_name":"World of Goop","player_choice":"Gather Gold","floor":5.0,"damage_taken":0.0},{"event_name":"Liars Game","player_choice":"disagreed","floor":11,"damage_taken":0}],"is_beta":true,"boss_relics":[],"items_purged_floors":[],"is_endless":false,"potions_floor_spawned":[1,8,14],"killed_by":"The Guardian","ascension_level":4}