{"gold_per_floor":[118,137,137,152,168,168,194,210,210,210,210,210],"floor_reached":12,"playtime":583,"items_purged":[],"score":160,"play_id":"a3fe6d4f-9179-483d-b6fb-9b751b943516","local_time":"20190119195345","is_ascension_mode":true,"campfire_choices":[{"data":"Neutralize","floor":6.0,"key":"SMITH"},{"floor":11,"key":"REST"}],"neow_cost":"TEN_PERCENT_HP_LOSS","seed_source_timestamp":4631404485940,"circlet_count":0,"master_deck":["AscendersBane","Defend_G","Defend_G","Defend_G","Defend_G","Strike_G","Strike_G","Strike_G","Strike_G","Survivor","Neutralize+1","Noxious Fumes+1","Acrobatics","Masterful Stab","Backflip"],"special_seed":0,"relics":["Ring of the Snake","Ancient Tea Set","Ornamental Fan","Singing Bowl"],"potions_floor_usage":[8,8],"damage_taken":[{"damage":0.0,"enemies":"2 Louse","floor":1.0,"turns":4.0},{"damage":7.0,"enemies":"Cultist","floor":2.0,"turns":5.0},{"damage":1.0,"enemies":"Jaw Worm","floor":4.0,"turns":5.0},{"damage":9.0,"enemies":"Exordium Wildlife","floor":5.0,"turns":6.0},{"damage":36.0,"enemies":"3 Sentries","floor":7.0,"turns":7.0},{"damage":0,"enemies":"Lots of Slimes","floor":8,"turns":4},{"damage":0,"enemies":"Gremlin Nob","floor":12,"turns":3}],"seed_played":"-6801520921717842712","potions_obtained":[{"floor":2.0,"key":"EssenceOfSteel"},{"floor":5.0,"key":"GamblersBrew"},{"floor":7.0,"key":"Swift Potion"}],"is_trial":false,"path_per_floor":["M","M","?","M","M","R","E","M","T","T","R","E"],"character_chosen":"THE_SILENT","items_purchased":[],"campfire_rested":1,"item_purchase_floors":[],"current_hp_per_floor":[59,52,52,51,42,42,6,6,6,6,24,24],"gold":210,"neow_bonus":"REMOVE_TWO","is_prod":false,"is_daily":false,"chose_seed":false,"campfire_upgraded":1,"win_rate":0,"timestamp":1547898825,"path_taken":["M","M","?","?","M","R","E","M","T","?","R","E"],"build_version":"2019-01-17","purchased_purges":0,"victory":false,"max_hp_per_floor":[60,60,60,60,60,60,60,60,60,60,60,60],"card_choices":[{"not_picked":["Sucker Punch","Outmaneuver","Deflect"],"picked":"SKIP","floor":1.0},{"not_picked":["Slice","Skewer"],"picked":"Noxious Fumes","floor":2.0},{"not_picked":["Quick Slash","Slice"],"picked":"Acrobatics","floor":4.0},{"not_picked":["Acrobatics","Dodge and Roll"],"picked":"Masterful Stab","floor":5.0},{"not_picked":["Outmaneuver","Bouncing Flask"],"picked":"Backflip","floor":7.0},{"not_picked":["Blade Dance","Outmaneuver","Phantasmal Killer"],"picked":"SKIP","floor":8}],"player_experience":683336,"relics_obtained":[{"floor":7.0,"key":"Ancient Tea Set"},{"floor":9,"key":"Ornamental Fan"},{"floor":10,"key":"Singing Bowl"}],"event_choices":[{"damage_healed":0.0,"max_hp_gain":0.0,"max_hp_loss":0.0,"gold_gain":0.0,"event_name":"Upgrade Shrine","player_choice":"Upgraded","floor":3.0,"gold_loss":0.0,"damage_taken":0.0,"cards_upgraded":["Noxious Fumes"]}],"is_beta":true,"boss_relics":[],"items_purged_floors":[],"is_endless":false,"potions_floor_spawned":[2,5,7],"killed_by":"Gremlin Nob","ascension_level":20}