{"gold_per_floor":[111,111,111,121,121,121,151,167,213,225,243,243,243,263,263,360,410,429,234,234,254,266,266,292,292,292,292,311,311,311,322,322,417,417,429,282,282,301,320,320,337,337,361,361,361,361],"floor_reached":46,"playtime":8725,"items_purged":["Strike_B","Strike_B"],"score":487,"play_id":"9a492488-426c-456d-a6c3-2586e9fdf011","local_time":"20190802182917","is_ascension_mode":true,"campfire_choices":[{"data":"Compile Driver","floor":6,"key":"SMITH"},{"floor":13,"key":"REST"},{"data":"Static Discharge","floor":15,"key":"SMITH"},{"floor":23,"key":"REST"},{"floor":25,"key":"REST"},{"floor":29,"key":"REST"},{"data":"Thunder Strike","floor":32,"key":"SMITH"},{"floor":40,"key":"REST"},{"floor":42,"key":"REST"}],"neow_cost":"NONE","seed_source_timestamp":252001704772363,"circlet_count":0,"master_deck":["Defend_B","Defend_B","Defend_B","Defend_B","Zap","Electrodynamics+1","Compile Driver+1","Redo+1","Self Repair+1","Static Discharge+1","Static Discharge","Thunder Strike+1","Self Repair","Ball Lightning","Loop","Capacitor+1","Barrage","The Bomb","Barrage"],"relics":["Cracked Core","Blood Vial","Bag of Marbles","Tiny House","Dodecahedron","Kunai","Mango","Frozen Egg 2","Inserter","Oddly Smooth Stone"],"potions_floor_usage":[],"damage_taken":[{"damage":1,"enemies":"Cultist","floor":1,"turns":3},{"damage":0,"enemies":"Small Slimes","floor":4,"turns":3},{"damage":21,"enemies":"Lagavulin","floor":7,"turns":5},{"damage":12,"enemies":"2 Louse","floor":8,"turns":3},{"damage":16,"enemies":"Gremlin Gang","floor":10,"turns":3},{"damage":11,"enemies":"Blue Slaver","floor":11,"turns":4},{"damage":0,"enemies":"Lots of Slimes","floor":14,"turns":1},{"damage":36,"enemies":"Hexaghost","floor":16,"turns":8},{"damage":10,"enemies":"Chosen","floor":18,"turns":4},{"damage":30,"enemies":"2 Thieves","floor":21,"turns":3},{"damage":26,"enemies":"3 Cultists","floor":22,"turns":3},{"damage":54,"enemies":"Book of Stabbing","floor":24,"turns":4},{"damage":27,"enemies":"Centurion and Healer","floor":28,"turns":5},{"damage":10,"enemies":"Snecko","floor":31,"turns":4},{"damage":65,"enemies":"Automaton","floor":33,"turns":7},{"damage":39,"enemies":"Orb Walker","floor":35,"turns":4},{"damage":29,"enemies":"3 Darklings","floor":38,"turns":4},{"damage":40,"enemies":"Jaw Worm Horde","floor":39,"turns":3},{"damage":58,"enemies":"4 Shapes","floor":41,"turns":3},{"damage":50,"enemies":"Spire Growth","floor":46,"turns":4}],"seed_played":"-1380684011592591493","potions_obtained":[{"floor":1,"key":"FocusPotion"},{"floor":10,"key":"LiquidBronze"},{"floor":11,"key":"Dexterity Potion"},{"floor":17,"key":"GamblersBrew"}],"is_trial":false,"path_per_floor":["M","?","?","M","?","R","E","M","T","M","M","?","R","M","R","B",null,"M","$","T","M","M","R","E","R","T","?","M","R","?","M","R","B",null,"M","$","?","M","M","R","M","R","T","?","?","M"],"character_chosen":"DEFECT","items_purchased":["Self Repair","Ball Lightning","Barrage"],"campfire_rested":6,"item_purchase_floors":[19,19,36],"current_hp_per_floor":[74,74,67,67,67,67,46,43,43,36,34,34,56,58,58,34,80,80,80,80,67,53,77,42,66,80,80,65,93,93,84,84,31,94,72,72,72,52,31,59,13,41,41,41,41,0],"gold":361,"neow_bonus":"ONE_RANDOM_RARE_CARD","is_prod":false,"is_daily":false,"chose_seed":false,"campfire_upgraded":3,"win_rate":0,"timestamp":1564788557,"path_taken":["M","?","?","M","?","R","E","M","T","M","?","?","R","M","R","BOSS","M","$","?","?","M","R","E","R","T","?","?","R","?","M","R","BOSS","M","$","?","M","M","R","M","R","T","?","?","?"],"build_version":"2019-07-17","purchased_purges":2,"victory":false,"max_hp_per_floor":[75,75,75,75,75,75,75,75,75,75,75,75,75,75,75,75,80,80,80,80,80,80,80,80,80,94,94,94,94,94,94,94,94,94,94,94,94,94,94,94,94,94,94,94,94,94],"card_choices":[{"not_picked":["Recycle","Undo","Beam Cell"],"picked":"SKIP","floor":1},{"not_picked":["Conserve Battery","Leap"],"picked":"Compile Driver","floor":4},{"not_picked":["Heatsinks","Force Field"],"picked":"Self Repair","floor":7},{"not_picked":["Steam","Rebound","Gash"],"picked":"SKIP","floor":8},{"not_picked":["Turbo","Coolheaded"],"picked":"Static Discharge","floor":10},{"not_picked":["Sweeping Beam","Meteor Strike","Rebound"],"picked":"SKIP","floor":11},{"not_picked":["Redo","Stack"],"picked":"Static Discharge","floor":14},{"not_picked":["Reboot","Hyperbeam"],"picked":"Thunder Strike","floor":16},{"not_picked":["Rebound+1","Cold Snap","Sweeping Beam"],"picked":"SKIP","floor":18},{"not_picked":["Doom and Gloom","Chaos","Turbo"],"picked":"SKIP","floor":21},{"not_picked":["Double Energy","Gash"],"picked":"Loop","floor":22},{"not_picked":["White Noise","FTL"],"picked":"Capacitor+1","floor":24},{"not_picked":["Cold Snap","Force Field","Beam Cell"],"picked":"SKIP","floor":28},{"not_picked":["Coolheaded","Sweeping Beam","Stack"],"picked":"SKIP","floor":31},{"not_picked":["Sweeping Beam","Beam Cell+1","Streamline"],"picked":"SKIP","floor":35},{"not_picked":["Panacea","Deep Breath"],"picked":"The Bomb","floor":37},{"not_picked":["Redo","Reinforced Body"],"picked":"Barrage","floor":38},{"not_picked":["Cold Snap+1","Skim","Leap"],"picked":"SKIP","floor":39},{"not_picked":["Beam Cell","Rebound+1","Meteor Strike"],"picked":"SKIP","floor":41}],"player_experience":30044,"relics_obtained":[{"floor":7,"key":"Blood Vial"},{"floor":9,"key":"Bag of Marbles"},{"floor":20,"key":"Dodecahedron"},{"floor":24,"key":"Kunai"},{"floor":26,"key":"Mango"},{"floor":27,"key":"Frozen Egg 2"},{"floor":43,"key":"Oddly Smooth Stone"}],"event_choices":[{"damage_healed":0,"gold_gain":0,"player_choice":"Grow","damage_taken":0,"max_hp_gain":0,"max_hp_loss":0,"event_name":"Living Wall","floor":2,"gold_loss":0,"cards_upgraded":["Electrodynamics"]},{"cards_removed":["Strike_B"],"damage_healed":0,"gold_gain":0,"player_choice":"Card Removal","damage_taken":7,"max_hp_gain":0,"max_hp_loss":0,"event_name":"Golden Wing","floor":3,"gold_loss":0},{"damage_healed":0,"gold_gain":0,"cards_transformed":["Strike_B"],"player_choice":"Transformed","damage_taken":0,"max_hp_gain":0,"max_hp_loss":0,"event_name":"Transmorgrifier","floor":5,"gold_loss":0,"cards_obtained":["Redo"]},{"damage_healed":0,"gold_gain":0,"player_choice":"Upgraded","damage_taken":0,"max_hp_gain":0,"max_hp_loss":0,"event_name":"Upgrade Shrine","floor":12,"gold_loss":0,"cards_upgraded":["Self Repair"]},{"damage_healed":0,"gold_gain":0,"player_choice":"Relic","damage_taken":0,"max_hp_gain":0,"max_hp_loss":0,"event_name":"Wheel of Change","floor":27,"gold_loss":0},{"damage_healed":0,"gold_gain":0,"player_choice":"Ignored","damage_taken":0,"max_hp_gain":0,"max_hp_loss":0,"event_name":"Beggar","floor":30,"gold_loss":0},{"damage_healed":0,"gold_gain":0,"player_choice":"Memory 1","damage_taken":0,"max_hp_gain":0,"max_hp_loss":0,"event_name":"SensoryStone","floor":37,"gold_loss":0},{"cards_removed":["Dualcast"],"damage_healed":0,"gold_gain":0,"player_choice":"Removed Skill","damage_taken":0,"max_hp_gain":0,"max_hp_loss":0,"event_name":"Falling","floor":44,"gold_loss":0},{"damage_healed":0,"gold_gain":0,"player_choice":"Ignored","damage_taken":0,"max_hp_gain":0,"max_hp_loss":0,"event_name":"Tomb of Lord Red Mask","floor":45,"gold_loss":0}],"is_beta":false,"boss_relics":[{"not_picked":["Fusion Hammer","Busted Crown"],"picked":"Tiny House"},{"not_picked":["FrozenCore","Nuclear Battery"],"picked":"Inserter"}],"items_purged_floors":[19,36],"is_endless":false,"potions_floor_spawned":[1,10,11,14,22,28,33,38,39],"killed_by":"Spire Growth","ascension_level":1}