{"gold_per_floor":[118,20,20,30,41,41,51,4,4,4,23,23,57,73,73,173,173,183,196,196,196,206,206,220,220,244,46,62,82,82,97,97,97],"floor_reached":33,"playtime":1622,"items_purged":["Strike_B"],"score":276,"play_id":"926820b1-02f0-40a1-8caf-00f5d70d1a30","local_time":"20190809183312","is_ascension_mode":false,"campfire_choices":[{"floor":6,"key":"REST"},{"floor":10,"key":"REST"},{"data":"1","floor":12,"key":"LIFT"},{"data":"2","floor":15,"key":"LIFT"},{"floor":23,"key":"REST"},{"floor":25,"key":"REST"},{"data":"3","floor":32,"key":"LIFT"}],"neow_cost":"CURSE","seed_source_timestamp":167546703370114,"circlet_count":0,"master_deck":["Strike_B","Strike_B","Defend_B+1","Defend_B","Defend_B","Defend_B+1","Zap","Dualcast","Parasite","Ball Lightning","Sweeping Beam","Fusion","Steam","Ball Lightning","Ball Lightning","Conserve Battery","Biased Cognition+1","BootSequence","Reinforced Body+1","Ball Lightning","Glacier","Auto Shields+1","Ball Lightning+1"],"relics":["Cracked Core","Girya","Ancient Tea Set","Frozen Egg 2","Eternal Feather","Nilry\u0027s Codex","War Paint","OrangePellets"],"potions_floor_usage":[16,16,16,29,33],"damage_taken":[{"damage":5,"enemies":"Small Slimes","floor":1,"turns":3},{"damage":6,"enemies":"Cultist","floor":4,"turns":3},{"damage":8,"enemies":"2 Louse","floor":5,"turns":2},{"damage":17,"enemies":"Exordium Thugs","floor":7,"turns":4},{"damage":8,"enemies":"Gremlin Gang","floor":11,"turns":4},{"damage":6,"enemies":"Gremlin Nob","floor":13,"turns":3},{"damage":7,"enemies":"Blue Slaver","floor":14,"turns":3},{"damage":34,"enemies":"The Guardian","floor":16,"turns":10},{"damage":12,"enemies":"Shell Parasite","floor":18,"turns":4},{"damage":20,"enemies":"2 Thieves","floor":19,"turns":3},{"damage":17,"enemies":"Centurion and Healer","floor":22,"turns":4},{"damage":10,"enemies":"Shelled Parasite and Fungi","floor":24,"turns":7},{"damage":10,"enemies":"Sentry and Sphere","floor":28,"turns":5},{"damage":7,"enemies":"Snecko","floor":29,"turns":4},{"damage":14,"enemies":"Shelled Parasite and Fungi","floor":31,"turns":8},{"damage":57,"enemies":"Collector","floor":33,"turns":8}],"seed_played":"-2936661017895522051","potions_obtained":[{"floor":5,"key":"Weak Potion"},{"floor":11,"key":"Swift Potion"},{"floor":13,"key":"AttackPotion"},{"floor":16,"key":"LiquidBronze"},{"floor":22,"key":"FocusPotion"},{"floor":24,"key":"GamblersBrew"},{"floor":29,"key":"Fruit Juice"}],"is_trial":false,"path_per_floor":["M","$","?","M","M","R","M","$","T","R","M","R","E","M","R","B",null,"M","M","?","?","M","R","M","R","T","$","M","M","?","M","R","B"],"character_chosen":"DEFECT","items_purchased":["Sweeping Beam","Ball Lightning","OrangePellets"],"campfire_rested":4,"item_purchase_floors":[2,8,27],"current_hp_per_floor":[70,70,70,64,56,75,58,58,58,75,67,67,61,54,54,20,75,63,43,27,27,10,44,34,68,68,68,58,56,56,42,54,0],"gold":97,"neow_bonus":"ONE_RARE_RELIC","is_prod":false,"is_daily":false,"chose_seed":false,"campfire_upgraded":0,"win_rate":0.0,"timestamp":1565389992,"path_taken":["M","$","?","M","M","R","M","?","T","R","M","R","E","M","R","BOSS","M","M","?","?","M","R","?","R","T","$","?","M","?","M","R","BOSS"],"build_version":"2019-07-17","purchased_purges":1,"victory":false,"max_hp_per_floor":[75,75,75,75,75,75,75,75,75,75,75,75,75,75,75,75,75,75,75,75,75,75,75,75,75,75,75,75,80,80,80,80,80],"card_choices":[{"not_picked":["Reprogram","Streamline"],"picked":"Ball Lightning","floor":1},{"not_picked":["Go for the Eyes","Blizzard"],"picked":"Steam","floor":4},{"not_picked":["Hello World","Darkness","Compile Driver"],"picked":"SKIP","floor":5},{"not_picked":["Streamline","Sweeping Beam"],"picked":"Ball Lightning","floor":7},{"not_picked":["FTL","Steam","Blizzard"],"picked":"SKIP","floor":11},{"not_picked":["Chill","Sweeping Beam"],"picked":"Conserve Battery","floor":13},{"not_picked":["Amplify","Steam","Compile Driver"],"picked":"SKIP","floor":14},{"not_picked":["Reboot","Creative AI+1"],"picked":"Biased Cognition+1","floor":16},{"not_picked":["Sweeping Beam+1","Skim"],"picked":"BootSequence","floor":18},{"not_picked":["Stack","Doom and Gloom"],"picked":"Reinforced Body+1","floor":19},{"not_picked":["Conserve Battery+1","Double Energy"],"picked":"Ball Lightning","floor":22},{"not_picked":["FTL","Compile Driver","Barrage"],"picked":"SKIP","floor":24},{"not_picked":["Stack","Doom and Gloom"],"picked":"Glacier","floor":28},{"not_picked":["Redo","Cold Snap"],"picked":"Auto Shields+1","floor":29},{"not_picked":["Coolheaded","Go for the Eyes"],"picked":"Ball Lightning+1","floor":31}],"player_experience":30661,"relics_obtained":[{"floor":9,"key":"Ancient Tea Set"},{"floor":13,"key":"Frozen Egg 2"},{"floor":20,"key":"Nilry\u0027s Codex"},{"floor":26,"key":"War Paint"}],"event_choices":[{"damage_healed":0,"gold_gain":0,"cards_transformed":["Strike_B"],"player_choice":"Transformed","damage_taken":0,"max_hp_gain":0,"max_hp_loss":0,"event_name":"Transmorgrifier","floor":3,"gold_loss":0,"cards_obtained":["Fusion"]},{"damage_healed":0,"gold_gain":0,"player_choice":"Obtained Book","damage_taken":16,"max_hp_gain":0,"max_hp_loss":0,"event_name":"Cursed Tome","floor":20,"gold_loss":0},{"damage_healed":0,"gold_gain":0,"player_choice":"Ignored","damage_taken":0,"max_hp_gain":0,"max_hp_loss":0,"event_name":"Vampires","floor":21,"gold_loss":0},{"damage_healed":0,"gold_gain":0,"player_choice":"Ignored","damage_taken":0,"max_hp_gain":0,"max_hp_loss":0,"event_name":"Ghosts","floor":30,"gold_loss":0}],"is_beta":false,"boss_relics":[{"not_picked":["Astrolabe","Ectoplasm"],"picked":"Eternal Feather"}],"items_purged_floors":[2],"is_endless":false,"potions_floor_spawned":[5,11,13,16,22,24,29],"killed_by":"Collector","ascension_level":0}