{"gold_per_floor":[116,291,1,18,18,18,51,51,51,81,92,104,104],"floor_reached":13,"playtime":518,"items_purged":[],"score":116,"play_id":"d7b7c167-762b-4d68-a559-dc2d4b0f5c13","local_time":"20180720195532","is_ascension_mode":true,"campfire_choices":[{"data":"Coolheaded","floor":6,"key":"SMITH"},{"floor":8,"key":"REST"}],"neow_cost":"NONE","seed_source_timestamp":38629603353535,"circlet_count":0,"master_deck":["Strike_B","Strike_B","Strike_B","Strike_B","Defend_B+1","Defend_B","Defend_B+1","Defend_B","Zap","Dualcast","Double Energy","Doubt","Gash","Coolheaded+1","Cold Snap","Gash","Chaos+1"],"special_seed":0,"relics":["Cracked Core","War Paint","Mummified Hand","Toxic Egg 2","Cables","Mango"],"potions_floor_usage":[],"damage_taken":[{"damage":8,"enemies":"Small Slimes","floor":1,"turns":4},{"damage":0,"enemies":"2 Louse","floor":4,"turns":3},{"damage":70,"enemies":"Gremlin Nob","floor":7,"turns":5},{"damage":6,"enemies":"3 Sentries","floor":10,"turns":7},{"damage":4,"enemies":"Jaw Worm","floor":11,"turns":2},{"damage":14,"enemies":"Exordium Wildlife","floor":12,"turns":5},{"damage":17,"enemies":"Gremlin Gang","floor":13,"turns":1}],"seed_played":"4453469883881317290","potions_obtained":[{"floor":1,"key":"FearPotion"},{"floor":7,"key":"Ancient Potion"},{"floor":12,"key":"Fire Potion"}],"is_trial":false,"path_per_floor":["M","?","$","M","?","R","E","R","T","E","M","M"],"character_chosen":"DEFECT","items_purchased":["Mummified Hand","Gash"],"campfire_rested":1,"item_purchase_floors":[3,3],"current_hp_per_floor":[67,67,67,67,75,75,5,27,27,35,31,17,0],"gold":104,"neow_bonus":"RANDOM_COMMON_RELIC","is_prod":false,"is_daily":false,"chose_seed":false,"campfire_upgraded":1,"win_rate":0,"timestamp":1532087732,"path_taken":["M","?","$","M","?","R","E","R","T","E","M","?","M"],"build_version":"2018-07-19v2","purchased_purges":0,"victory":false,"max_hp_per_floor":[75,75,75,75,75,75,75,75,75,89,89,89,89],"card_choices":[{"not_picked":["Reinforced Body","Stack"],"picked":"Double Energy","floor":1},{"not_picked":["FTL","Hello World"],"picked":"Coolheaded","floor":4},{"not_picked":["Beam Cell","Consume"],"picked":"Cold Snap","floor":7},{"not_picked":["Hologram+1","Doom and Gloom"],"picked":"Gash","floor":10},{"not_picked":["Go for the Eyes","Rip and Tear","Cold Snap"],"picked":"SKIP","floor":11},{"not_picked":["Rip and Tear","Redo+1"],"picked":"Chaos+1","floor":12}],"player_experience":127049,"relics_obtained":[{"floor":7,"key":"Toxic Egg 2"},{"floor":9,"key":"Cables"},{"floor":10,"key":"Mango"}],"event_choices":[{"event_name":"Liars Game","player_choice":"agreed","floor":2,"damage_taken":0},{"event_name":"Wheel of Change","player_choice":"Full Heal","floor":5,"damage_taken":0}],"is_beta":false,"boss_relics":[],"items_purged_floors":[],"is_endless":false,"potions_floor_spawned":[1,7,12],"killed_by":"Gremlin Gang","ascension_level":5}