{"gold_per_floor":[117,133,150,163,173,173,186,186,186,186,186,205,205,215,215,310,310,325,340,354,163,163,163,163,180,180,195,195,212,232,245,245,245],"floor_reached":33,"playtime":1898,"items_purged":[],"score":299,"play_id":"93bae102-3cca-47d7-9d0b-b941c8aef12b","local_time":"20180830102323","is_ascension_mode":true,"campfire_choices":[{"data":"Noxious Fumes","floor":6,"key":"SMITH"},{"data":"Burst","floor":8,"key":"SMITH"},{"data":"Catalyst","floor":10,"key":"SMITH"},{"data":"Neutralize","floor":13,"key":"SMITH"},{"data":"Leg Sweep","floor":15,"key":"SMITH"},{"data":"Secret Technique","floor":23,"key":"SMITH"},{"data":"RitualDagger","floor":28,"key":"SMITH"},{"floor":32,"key":"REST"}],"neow_cost":"","seed_source_timestamp":7406615236508,"circlet_count":0,"master_deck":["Defend_G","Defend_G","Defend_G","Defend_G","Defend_G","Strike_G","Strike_G","Strike_G","Strike_G","Survivor","Neutralize+1","Backflip","Deflect","Noxious Fumes+1","Catalyst+1","Burst+1","PiercingWail","PiercingWail","Quick Slash","Leg Sweep+1","Glass Knife","Bouncing Flask","Crippling Poison","Secret Technique+1","RitualDagger+1","Bane+1","Injury","Accuracy+1","Cloak And Dagger"],"relics":["Ring of the Snake","Bird Faced Urn","Cursed Key","Mummified Hand"],"potions_floor_usage":[18,27,27,33,33],"damage_taken":[{"damage":1,"enemies":"Cultist","floor":1,"turns":4},{"damage":5,"enemies":"2 Louse","floor":2,"turns":4},{"damage":5,"enemies":"Jaw Worm","floor":3,"turns":5},{"damage":3,"enemies":"Exordium Wildlife","floor":4,"turns":4},{"damage":20,"enemies":"3 Louse","floor":5,"turns":4},{"damage":5,"enemies":"Blue Slaver","floor":7,"turns":6},{"damage":10,"enemies":"Large Slime","floor":12,"turns":8},{"damage":9,"enemies":"3 Louse","floor":14,"turns":4},{"damage":15,"enemies":"Hexaghost","floor":16,"turns":14},{"damage":9,"enemies":"Chosen","floor":18,"turns":6},{"damage":0,"enemies":"Shell Parasite","floor":19,"turns":5},{"damage":10,"enemies":"Shelled Parasite and Fungi","floor":20,"turns":7},{"damage":5,"enemies":"Centurion and Healer","floor":25,"turns":6},{"damage":4,"enemies":"Sentry and Sphere","floor":27,"turns":5},{"damage":14,"enemies":"Shelled Parasite and Fungi","floor":29,"turns":6},{"damage":9,"enemies":"Centurion and Healer","floor":30,"turns":7},{"damage":0,"enemies":"Snake Plant","floor":31,"turns":2},{"damage":52,"enemies":"Collector","floor":33,"turns":9}],"seed_played":"3285794197129526426","potions_obtained":[{"floor":4,"key":"LiquidBronze"},{"floor":5,"key":"SkillPotion"},{"floor":12,"key":"GamblersBrew"},{"floor":19,"key":"Energy Potion"},{"floor":27,"key":"Ancient Potion"},{"floor":29,"key":"SpeedPotion"}],"is_trial":false,"path_per_floor":["M","M","M","M","M","R","M","R","T","R","?","M","R","M","R","B",null,"M","M","M","$","?","R","?","M","T","M","R","M","M","M","R"],"character_chosen":"THE_SILENT","items_purchased":["Secret Technique"],"campfire_rested":1,"item_purchase_floors":[21],"current_hp_per_floor":[69,64,59,56,36,36,31,31,31,31,31,23,23,16,16,3,70,61,63,55,55,55,55,49,46,46,44,44,32,27,27,48,0],"gold":245,"neow_bonus":"","is_prod":false,"is_daily":false,"chose_seed":false,"campfire_upgraded":7,"win_rate":0,"timestamp":1535595803,"path_taken":["M","M","M","M","M","R","M","R","T","R","?","M","R","M","R","BOSS","M","M","M","$","?","R","?","M","T","?","R","M","M","M","R","BOSS"],"build_version":"2018-08-28","purchased_purges":0,"victory":false,"max_hp_per_floor":[70,70,70,70,70,70,70,70,70,70,70,70,70,70,70,70,70,70,70,70,70,70,70,70,70,70,70,70,70,70,70,70,70],"card_choices":[{"not_picked":["Dagger Throw","Sucker Punch"],"picked":"Backflip","floor":1},{"not_picked":["Dagger Throw","Outmaneuver"],"picked":"Deflect","floor":2},{"not_picked":["Backflip","PiercingWail"],"picked":"Noxious Fumes","floor":3},{"not_picked":["Acrobatics","Reflex"],"picked":"Catalyst","floor":4},{"not_picked":["Infinite Blades","Deflect"],"picked":"Burst","floor":5},{"not_picked":["Cloak And Dagger","Skewer"],"picked":"PiercingWail","floor":7},{"not_picked":["Sucker Punch","Acrobatics"],"picked":"Quick Slash","floor":12},{"not_picked":["Backflip","Reflex"],"picked":"Leg Sweep","floor":14},{"not_picked":["Tools of the Trade","Doppelganger"],"picked":"Glass Knife","floor":16},{"not_picked":["Finisher","Dagger Throw"],"picked":"Bouncing Flask","floor":18},{"not_picked":["Cloak And Dagger","Dagger Throw+1"],"picked":"Crippling Poison","floor":19},{"not_picked":["Caltrops","Accuracy","Reflex+1"],"picked":"SKIP","floor":20},{"not_picked":["Blade Dance","Quick Slash"],"picked":"Bane+1","floor":25},{"not_picked":["Dagger Spray","Burst","Bane"],"picked":"SKIP","floor":27},{"not_picked":["Outmaneuver","All Out Attack"],"picked":"Accuracy+1","floor":29},{"not_picked":["Outmaneuver","Prepared+1"],"picked":"Cloak And Dagger","floor":30},{"not_picked":["Flechettes","Slice+1","Underhanded Strike"],"picked":"SKIP","floor":31}],"player_experience":269679,"relics_obtained":[{"floor":9,"key":"Bird Faced Urn"},{"floor":26,"key":"Mummified Hand"}],"event_choices":[{"event_name":"Living Wall","player_choice":"Change","floor":11,"damage_taken":0},{"event_name":"Vampires","player_choice":"Ignored","floor":22,"damage_taken":0},{"event_name":"Nest","player_choice":"Joined the Cult","floor":24,"damage_taken":0}],"is_beta":true,"boss_relics":[{"not_picked":["HoveringKite","Ring of the Serpent"],"picked":"Cursed Key"}],"items_purged_floors":[],"is_endless":false,"potions_floor_spawned":[4,5,12,14,19,27,29,31],"killed_by":"Collector","ascension_level":2}