{"gold_per_floor":[117,131,143,143,156,186,186,186,259,259,279,31,31,42,42,42],"floor_reached":16,"playtime":16118,"items_purged":["Strike_R"],"score":102,"play_id":"55569e32-1e5b-45cb-b89e-014e8fca0427","local_time":"20190808075821","is_ascension_mode":false,"campfire_choices":[{"data":"Pommel Strike","floor":7,"key":"SMITH"},{"data":"Pommel Strike","floor":10,"key":"SMITH"},{"data":"Pommel Strike","floor":13,"key":"SMITH"},{"data":"Bash","floor":15,"key":"SMITH"}],"neow_cost":"NONE","seed_source_timestamp":1418058878196000,"circlet_count":0,"master_deck":["Strike_R","Strike_R","Defend_R","Defend_R","Defend_R","Defend_R","Bash+1","Twin Strike","Pommel Strike+1","Cleave","Pommel Strike+1","Battle Trance","True Grit","Pommel Strike+1","Inflame+1"],"relics":["Burning Blood","Pocketwatch","Frozen Egg 2","Vajra"],"potions_floor_usage":[],"damage_taken":[{"damage":1,"enemies":"2 Louse","floor":1,"turns":3},{"damage":10,"enemies":"Jaw Worm","floor":2,"turns":4},{"damage":5,"enemies":"Small Slimes","floor":3,"turns":4},{"damage":11,"enemies":"Blue Slaver","floor":5,"turns":5},{"damage":28,"enemies":"Gremlin Nob","floor":6,"turns":4},{"damage":7,"enemies":"2 Fungi Beasts","floor":11,"turns":4},{"damage":1,"enemies":"Red Slaver","floor":14,"turns":4},{"damage":49,"enemies":"The Guardian","floor":16,"turns":12}],"seed_played":"-1634565884813948519","potions_obtained":[{"floor":1,"key":"PowerPotion"},{"floor":6,"key":"Strength Potion"},{"floor":14,"key":"SteroidPotion"}],"is_trial":false,"path_per_floor":["M","M","M","?","M","E","R","?","T","R","M","$","R","M","R","B"],"character_chosen":"IRONCLAD","items_purchased":["Vajra","Pommel Strike"],"campfire_rested":0,"item_purchase_floors":[12,12],"current_hp_per_floor":[80,76,77,77,72,50,50,43,43,43,42,42,42,47,47,0],"gold":42,"neow_bonus":"REMOVE_CARD","is_prod":false,"is_daily":false,"chose_seed":false,"campfire_upgraded":4,"win_rate":0.0,"timestamp":1565243901,"path_taken":["M","M","M","?","M","E","R","?","T","R","M","$","R","M","R","BOSS"],"build_version":"2019-07-17","purchased_purges":1,"victory":false,"max_hp_per_floor":[80,80,80,80,80,80,80,80,80,80,80,80,80,80,80,80],"card_choices":[{"not_picked":["Carnage","Anger"],"picked":"Twin Strike","floor":1},{"not_picked":["Clothesline","Clash"],"picked":"Pommel Strike","floor":2},{"not_picked":["Seeing Red","Fiend Fire"],"picked":"Cleave","floor":3},{"not_picked":["Armaments","Twin Strike"],"picked":"Pommel Strike","floor":5},{"not_picked":["Shockwave","Disarm"],"picked":"Battle Trance","floor":6},{"not_picked":["Blood for Blood","Perfected Strike"],"picked":"True Grit","floor":11},{"not_picked":["Infernal Blade","Flex"],"picked":"Inflame+1","floor":14}],"player_experience":277741,"relics_obtained":[{"floor":6,"key":"Pocketwatch"},{"floor":9,"key":"Frozen Egg 2"}],"event_choices":[{"damage_healed":0,"gold_gain":0,"player_choice":"Ignored","damage_taken":0,"max_hp_gain":0,"max_hp_loss":0,"event_name":"Liars Game","floor":4,"gold_loss":0},{"cards_removed":["Strike_R"],"damage_healed":0,"gold_gain":0,"player_choice":"Card Removal","damage_taken":7,"max_hp_gain":0,"max_hp_loss":0,"event_name":"Golden Wing","floor":8,"gold_loss":0}],"is_beta":false,"boss_relics":[],"items_purged_floors":[12],"is_endless":false,"potions_floor_spawned":[1,6,14],"killed_by":"The Guardian","ascension_level":0}