{"gold_per_floor":[111,111,111,111,286,324,324,360,360,404,418,418,437,462,462,587,587,605,605,249,249,249,278,278,297,297,317,20,39,39,59,59,155,155,174,223,76,10,10,10,38,0,50,64,64,83,83,111,111,111],"floor_reached":51,"playtime":2056,"items_purged":["Doubt"],"score":1158,"play_id":"c9e7618e-5acb-4fdf-ab2b-2fecc3fd173d","local_time":"20180727162757","is_ascension_mode":true,"campfire_choices":[{"data":"Dualcast","floor":7.0,"key":"SMITH"},{"data":"Zap","floor":12.0,"key":"SMITH"},{"data":"Leap","floor":15.0,"key":"SMITH"},{"data":"Loop","floor":24.0,"key":"SMITH"},{"floor":30.0,"key":"REST"},{"data":"Loop","floor":32.0,"key":"SMITH"},{"floor":40,"key":"REST"},{"data":"Magnetism","floor":45,"key":"SMITH"},{"floor":47,"key":"REST"},{"floor":49,"key":"REST"}],"neow_cost":"NONE","seed_source_timestamp":0,"circlet_count":0,"master_deck":["Strike_B","Defend_B","Defend_B","Defend_B","Zap+1","Dualcast+1","Beam Cell","Conserve Battery","Leap+1","Gash","Cold Snap","Go for the Eyes","Compile Driver","Echo Form","Gash+1","Loop+1","Master of Strategy","Biased Cognition","Redo","Fusion+1","Loop+1","Aggregate","Magnetism+1","Gash","Turbo","Reboot","Capacitor+1","Blizzard+1","Auto Shields+1","Hologram","Leap+1","Purity","Stack","Meteor Strike"],"special_seed":0,"relics":["Cracked Core","NeowsBlessing","Bloody Idol","Darkstone Periapt","Cables","Symbiotic Virus","Mercury Hourglass","Inserter","Enchiridion","Regal Pillow","Bottled Tornado","Astrolabe","Torii","DataDisk","Letter Opener","Pear","Red Mask","Happy Flower","Boot"],"potions_floor_usage":[50,50],"damage_taken":[{"damage":0.0,"enemies":"2 Louse","floor":1.0,"turns":1.0},{"damage":0.0,"enemies":"Gremlin Nob","floor":6.0,"turns":1.0},{"damage":0.0,"enemies":"3 Sentries","floor":8.0,"turns":2.0},{"damage":16.0,"enemies":"Lagavulin","floor":10.0,"turns":4.0},{"damage":0.0,"enemies":"Small Slimes","floor":11.0,"turns":3.0},{"damage":0.0,"enemies":"Cultist","floor":13.0,"turns":3.0},{"damage":0.0,"enemies":"Looter","floor":14.0,"turns":2.0},{"damage":0.0,"enemies":"Slime Boss","floor":16.0,"turns":6.0},{"damage":5.0,"enemies":"Shell Parasite","floor":18.0,"turns":5.0},{"damage":23.0,"enemies":"Book of Stabbing","floor":23.0,"turns":4.0},{"damage":8.0,"enemies":"3 Byrds","floor":25.0,"turns":2.0},{"damage":13.0,"enemies":"Snake Plant","floor":27.0,"turns":4.0},{"damage":2.0,"enemies":"Centurion and Healer","floor":29.0,"turns":4.0},{"damage":15.0,"enemies":"Cultist and Chosen","floor":31.0,"turns":4.0},{"damage":32.0,"enemies":"Automaton","floor":33.0,"turns":6.0},{"damage":10.0,"enemies":"Flame Bruiser 1 Orb","floor":35.0,"turns":4.0},{"damage":54.0,"floor":36.0,"turns":5.0},{"damage":35,"enemies":"Nemesis","floor":41,"turns":3},{"damage":0,"enemies":"3 Shapes","floor":44,"turns":3},{"damage":19,"enemies":"3 Darklings","floor":46,"turns":4},{"damage":11,"enemies":"Giant Head","floor":48,"turns":8},{"damage":82,"enemies":"Donu and Deca","floor":50,"turns":8}],"seed_played":"-6973646190058771004","potions_obtained":[{"floor":8.0,"key":"SpeedPotion"},{"floor":14.0,"key":"Dexterity Potion"},{"floor":16.0,"key":"Block Potion"},{"floor":18.0,"key":"PowerPotion"},{"floor":23.0,"key":"Swift Potion"},{"floor":41,"key":"Energy Potion"},{"floor":44,"key":"Explosive Potion"},{"floor":46,"key":"FearPotion"}],"is_trial":false,"path_per_floor":["M","?","?","?","?","E","R","E","T","E","M","R","M","M","R","B",null,"M","?","$","?","?","E","R","M","T","M","$","M","R","M","R","B",null,"M","?","$","?","?","R","E","?","T","M","R","M","R","E","R","B"],"character_chosen":"DEFECT","items_purchased":["Loop","Master of Strategy","Loop","Aggregate","Magnetism","DataDisk"],"campfire_rested":4,"item_purchase_floors":[20,20,28,28,28,37],"current_hp_per_floor":[68,50,55,48,48,48,48,48,48,32,32,32,32,32,32,32,68,63,63,63,47,47,29,29,26,26,18,18,21,60,50,50,23,66,61,12,12,12,12,51,31,31,36,41,41,27,69,63,90,8],"gold":111,"neow_bonus":"THREE_ENEMY_KILL","is_prod":false,"is_daily":false,"chose_seed":false,"campfire_upgraded":6,"win_rate":0,"timestamp":1532680077,"path_taken":["M","?","?","?","?","E","R","E","T","E","M","R","?","M","R","BOSS","M","?","$","?","?","E","R","?","T","?","$","M","R","?","R","BOSS","M","?","$","?","?","R","E","?","T","M","R","?","R","E","R","BOSS"],"build_version":"2018-07-26","purchased_purges":1,"victory":true,"max_hp_per_floor":[75,75,80,80,80,80,80,80,80,80,80,80,80,80,80,80,80,80,80,80,80,80,80,80,80,80,80,80,80,80,80,80,80,80,80,80,80,80,80,80,90,90,90,90,90,90,90,90,90,90],"card_choices":[{"not_picked":["Streamline","Loop"],"picked":"Beam Cell","floor":1.0},{"not_picked":["Aggregate","Double Energy"],"picked":"Conserve Battery","floor":6.0},{"not_picked":["Steam","Melter"],"picked":"Leap","floor":8.0},{"not_picked":["Beam Cell","Auto Shields"],"picked":"Gash","floor":10.0},{"not_picked":["Stack","Skim"],"picked":"Cold Snap","floor":11.0},{"not_picked":["Cold Snap","Steam"],"picked":"Go for the Eyes","floor":13.0},{"not_picked":["Lockon","Fission"],"picked":"Compile Driver","floor":14.0},{"not_picked":["Core Surge","Buffer"],"picked":"Echo Form","floor":16.0},{"not_picked":["Go for the Eyes","Heatsinks"],"picked":"Gash+1","floor":18.0},{"not_picked":["Auto Shields","Leap"],"picked":"Biased Cognition","floor":23.0},{"not_picked":["Hello World","Static Discharge"],"picked":"Redo","floor":25.0},{"not_picked":["Rebound","Steam"],"picked":"Fusion+1","floor":27.0},{"not_picked":["Sunder+1","Rebound"],"picked":"Gash","floor":29.0},{"not_picked":["Capacitor","Streamline+1"],"picked":"Turbo","floor":31.0},{"not_picked":["Biased Cognition","Machine Learning"],"picked":"Reboot","floor":33.0},{"not_picked":["Beam Cell+1","Ball Lightning+1"],"picked":"Hologram","floor":35.0},{"not_picked":["Sweeping Beam","Scrape+1"],"picked":"Leap+1","floor":36.0},{"not_picked":["Secret Technique","Sadistic Nature"],"picked":"Purity","floor":39},{"not_picked":["Rebound","Static Discharge","Barrage+1"],"picked":"SKIP","floor":41},{"not_picked":["Ball Lightning+1","Cold Snap"],"picked":"Stack","floor":44},{"not_picked":["Streamline","FTL+1","Rebound"],"picked":"SKIP","floor":46},{"not_picked":["Barrage","Go for the Eyes"],"picked":"Meteor Strike","floor":48}],"player_experience":180230,"relics_obtained":[{"floor":6.0,"key":"Darkstone Periapt"},{"floor":8.0,"key":"Cables"},{"floor":9.0,"key":"Symbiotic Virus"},{"floor":10.0,"key":"Mercury Hourglass"},{"floor":21.0,"key":"Enchiridion"},{"floor":23.0,"key":"Regal Pillow"},{"floor":26.0,"key":"Bottled Tornado"},{"floor":36.0,"key":"Torii"},{"floor":41,"key":"Pear"},{"floor":43,"key":"Happy Flower"},{"floor":48,"key":"Boot"}],"event_choices":[{"event_name":"Golden Idol","player_choice":"Take Damage","floor":2.0,"damage_taken":0.0},{"event_name":"Big Fish","player_choice":"Donut","floor":3.0,"damage_taken":0.0},{"event_name":"Golden Wing","player_choice":"Card Removal","floor":4.0,"damage_taken":0.0},{"event_name":"Liars Game","player_choice":"agreed","floor":5.0,"damage_taken":0.0},{"event_name":"Forgotten Altar","player_choice":"Gave Idol","floor":19.0,"damage_taken":0.0},{"event_name":"Cursed Tome","player_choice":"Obtained Book","floor":21.0,"damage_taken":0.0},{"event_name":"Drug Dealer","player_choice":"Ignored","floor":22.0,"damage_taken":0.0},{"event_name":"Mysterious Sphere","player_choice":"Fight","floor":36.0,"damage_taken":0.0},{"event_name":"WeMeetAgain","player_choice":"Gold","floor":38,"damage_taken":0},{"event_name":"SensoryStone","player_choice":"Memory 1","floor":39,"damage_taken":0},{"event_name":"Tomb of Lord Red Mask","player_choice":"Paid","floor":42,"damage_taken":0}],"is_beta":false,"boss_relics":[{"not_picked":["Coffee Dripper","Sozu"],"picked":"Inserter"},{"not_picked":["Empty Cage","Fusion Hammer"],"picked":"Astrolabe"}],"items_purged_floors":[20],"is_endless":false,"potions_floor_spawned":[8,14,16,18,23,27,29,41,44,46],"ascension_level":6}