{"gold_per_floor":[118,128,146,17,17,17,44,44,44,62,62,81,100,116,116,195,195,210,210,135,154,173,173,6,32,32,32,32,42,59,78,78,155,155,166,166,66,82,96,96,115,135,214,214,214,225,237,247,247,247],"floor_reached":50,"playtime":4100,"items_purged":["Strike_G","Decay"],"score":994,"play_id":"ac151958-9b3d-41c1-99b3-21d59aa645fb","local_time":"20181125143050","is_ascension_mode":true,"campfire_choices":[{"data":"Unload","floor":6.0,"key":"SMITH"},{"data":"Neutralize","floor":11.0,"key":"SMITH"},{"data":"Poisoned Stab","floor":15.0,"key":"SMITH"},{"data":"Bane","floor":23.0,"key":"SMITH"},{"floor":27.0,"key":"REST"},{"floor":32.0,"key":"REST"},{"data":"Survivor","floor":40.0,"key":"SMITH"},{"floor":45.0,"key":"REST"},{"floor":49.0,"key":"REST"}],"neow_cost":"NONE","seed_source_timestamp":0,"circlet_count":0,"master_deck":["AscendersBane","Defend_G","Defend_G","Defend_G","Defend_G","Strike_G","Strike_G","Strike_G","Strike_G","Survivor+1","Neutralize+1","Escape Plan","Unload+1","Blade Dance+1","Calculated Gamble+1","Poisoned Stab+1","Blur+1","Sucker Punch","Corpse Explosion+1","Bane+1","Deadly Poison+1","Well Laid Plans","Bouncing Flask+1","Venomology+1","Cloak And Dagger+1","Catalyst+1","Burst+1","Backflip+1","Noxious Fumes","Metamorphosis+1","Accuracy+1","Setup+1","Deadly Poison+1"],"special_seed":0,"relics":["Ring of the Snake","NeowsBlessing","Toxic Egg 2","Snake Skull","White Beast Statue","Blue Candle","Bottled Lightning","Anchor","WristBlade","Matryoshka","Ancient Tea Set","Mummified Hand"],"potions_floor_usage":[50,50],"damage_taken":[{"damage":0.0,"enemies":"Cultist","floor":1.0,"turns":1.0},{"damage":0.0,"enemies":"Small Slimes","floor":2.0,"turns":1.0},{"damage":0.0,"enemies":"2 Louse","floor":3.0,"turns":1.0},{"damage":50.0,"enemies":"Gremlin Nob","floor":7.0,"turns":5.0},{"damage":0.0,"enemies":"Lots of Slimes","floor":10.0,"turns":2.0},{"damage":0.0,"enemies":"Looter","floor":12.0,"turns":3.0},{"damage":0.0,"enemies":"Large Slime","floor":13.0,"turns":4.0},{"damage":0.0,"enemies":"3 Louse","floor":14.0,"turns":3.0},{"damage":13.0,"enemies":"Hexaghost","floor":16.0,"turns":11.0},{"damage":14.0,"enemies":"Shell Parasite","floor":18.0,"turns":6.0},{"damage":6.0,"enemies":"2 Thieves","floor":21.0,"turns":2.0},{"damage":0.0,"enemies":"3 Cultists","floor":22.0,"turns":2.0},{"damage":20.0,"enemies":"Gremlin Leader","floor":25.0,"turns":6.0},{"damage":9.0,"enemies":"Snecko","floor":29.0,"turns":4.0},{"damage":3.0,"enemies":"Centurion and Healer","floor":30.0,"turns":4.0},{"damage":8.0,"enemies":"Shelled Parasite and Fungi","floor":31.0,"turns":4.0},{"damage":21.0,"enemies":"Automaton","floor":33.0,"turns":8.0},{"damage":0.0,"enemies":"3 Darklings","floor":35.0,"turns":2.0},{"damage":1.0,"enemies":"Orb Walker","floor":38.0,"turns":2.0},{"damage":4.0,"enemies":"4 Shapes","floor":39.0,"turns":6.0},{"damage":12.0,"enemies":"Spire Growth","floor":41.0,"turns":4.0},{"damage":19.0,"enemies":"Transient","floor":42.0,"turns":6.0},{"damage":15.0,"enemies":"Sphere and 2 Shapes","floor":46.0,"turns":6.0},{"damage":8.0,"enemies":"Maw","floor":47.0,"turns":5.0},{"damage":0.0,"enemies":"3 Darklings","floor":48.0,"turns":2.0},{"damage":50,"enemies":"Awakened One","floor":50,"turns":4}],"seed_played":"4909613307236943119","potions_obtained":[{"floor":3.0,"key":"Explosive Potion"},{"floor":10.0,"key":"Fruit Juice"},{"floor":13.0,"key":"EssenceOfSteel"},{"floor":16.0,"key":"EssenceOfSteel"},{"floor":18.0,"key":"SkillPotion"},{"floor":21.0,"key":"Weak Potion"},{"floor":22.0,"key":"SkillPotion"},{"floor":25.0,"key":"Strength Potion"},{"floor":29.0,"key":"SkillPotion"},{"floor":30.0,"key":"EssenceOfSteel"},{"floor":31.0,"key":"GhostInAJar"},{"floor":33.0,"key":"GamblersBrew"},{"floor":41.0,"key":"Dexterity Potion"},{"floor":42.0,"key":"GamblersBrew"},{"floor":46.0,"key":"SteroidPotion"},{"floor":47.0,"key":"Fire Potion"}],"is_trial":false,"path_per_floor":["M","M","M","$","?","R","E","E","?","T","M","R","M","M","M","R","B",null,"M","?","?","M","M","R","$","E","T","R","?","M","M","M","R","B",null,"M","T","$","M","M","R","M","M","T","?","R","M","M","M","R","B"],"character_chosen":"THE_SILENT","items_purchased":["SkillPotion","Well Laid Plans","Bouncing Flask+1"],"campfire_rested":4,"item_purchase_floors":[4,24,24],"current_hp_per_floor":[59,59,59,59,59,59,9,9,9,14,14,14,14,14,14,1,54,40,40,40,34,34,34,34,14,14,35,35,26,23,15,36,15,57,57,57,57,56,52,52,40,21,21,21,42,27,19,19,40,0],"gold":247,"neow_bonus":"THREE_ENEMY_KILL","is_prod":false,"is_daily":false,"chose_seed":false,"campfire_upgraded":5,"win_rate":0,"timestamp":1543127450,"path_taken":["M","?","M","$","?","R","E","?","T","?","R","M","M","M","R","BOSS","M","?","?","M","M","R","$","E","T","R","?","M","M","M","R","BOSS","M","?","$","M","M","R","M","M","T","?","R","M","M","M","R","BOSS"],"build_version":"2018-11-15","purchased_purges":2,"victory":false,"max_hp_per_floor":[66,66,66,66,66,66,66,66,66,71,71,71,71,71,71,71,71,71,71,71,71,71,71,71,71,71,71,71,71,71,71,71,71,71,71,71,71,71,71,71,71,71,71,71,71,71,71,71,71,71],"card_choices":[{"not_picked":["Bane","Riddle With Holes"],"picked":"Escape Plan","floor":1.0},{"not_picked":["Sucker Punch","Dagger Throw","PiercingWail"],"picked":"SKIP","floor":2.0},{"not_picked":["Dodge and Roll","Dagger Spray"],"picked":"Unload","floor":3.0},{"not_picked":["Heel Hook","Blur"],"picked":"Blade Dance","floor":7.0},{"not_picked":["Acrobatics+1","Bane"],"picked":"Calculated Gamble+1","floor":10.0},{"not_picked":["Expertise+1","Bane"],"picked":"Poisoned Stab","floor":12.0},{"not_picked":["Heel Hook","Choke"],"picked":"Blur+1","floor":13.0},{"not_picked":["Quick Slash","Outmaneuver+1"],"picked":"Sucker Punch","floor":14.0},{"not_picked":["Adrenaline+1","Glass Knife"],"picked":"Corpse Explosion+1","floor":16.0},{"not_picked":["Slice","Endless Agony"],"picked":"Bane","floor":18.0},{"not_picked":["Poisoned Stab","Bane"],"picked":"Deadly Poison+1","floor":21.0},{"not_picked":["Dagger Spray","Caltrops","Dagger Throw"],"picked":"SKIP","floor":22.0},{"not_picked":["Flechettes+1","Predator"],"picked":"Venomology+1","floor":25.0},{"not_picked":["Sucker Punch","Acrobatics+1"],"picked":"Cloak And Dagger+1","floor":29.0},{"not_picked":["Blade Dance+1","Bane+1","Sucker Punch"],"picked":"SKIP","floor":30.0},{"not_picked":["Masterful Stab","Escape Plan+1"],"picked":"Catalyst+1","floor":31.0},{"not_picked":["Phantasmal Killer+1","Doppelganger+1"],"picked":"Burst+1","floor":33.0},{"not_picked":["Expertise+1","Acrobatics+1"],"picked":"Backflip+1","floor":35.0},{"not_picked":["Acrobatics+1","Quick Slash","Flechettes"],"picked":"SKIP","floor":38.0},{"not_picked":["Outmaneuver+1","Quick Slash+1","Flying Knee"],"picked":"SKIP","floor":39.0},{"not_picked":["Predator","Well Laid Plans"],"picked":"Noxious Fumes","floor":41.0},{"not_picked":["Choke","Dagger Throw","Blade Dance+1"],"picked":"SKIP","floor":42.0},{"not_picked":["Finesse+1","Apotheosis+1"],"picked":"Metamorphosis+1","floor":44.0},{"not_picked":["Endless Agony","Outmaneuver+1"],"picked":"Accuracy+1","floor":46.0},{"not_picked":["Reflex+1","Masterful Stab+1"],"picked":"Setup+1","floor":47.0},{"not_picked":["Predator+1","Dagger Throw"],"picked":"Deadly Poison+1","floor":48.0}],"player_experience":567741,"relics_obtained":[{"floor":7.0,"key":"Toxic Egg 2"},{"floor":9.0,"key":"Snake Skull"},{"floor":25.0,"key":"Bottled Lightning"},{"floor":26.0,"key":"Anchor"},{"floor":36.0,"key":"Matryoshka"},{"floor":43.0,"key":"Ancient Tea Set"},{"floor":43.0,"key":"Mummified Hand"}],"event_choices":[{"damage_healed":0.0,"max_hp_gain":0.0,"max_hp_loss":0.0,"gold_gain":0.0,"event_name":"Scrap Ooze","player_choice":"Fled","floor":5.0,"gold_loss":0.0,"damage_taken":0.0},{"cards_removed":["Defend_G"],"damage_healed":0.0,"max_hp_gain":0.0,"max_hp_loss":0.0,"gold_gain":0.0,"event_name":"Purifier","player_choice":"Purged","floor":8.0,"gold_loss":0.0,"damage_taken":0.0},{"damage_healed":0.0,"max_hp_gain":0.0,"max_hp_loss":0.0,"gold_gain":0.0,"event_name":"The Mausoleum","player_choice":"Opened","floor":19.0,"gold_loss":0.0,"damage_taken":0.0,"relics_obtained":["Blue Candle"],"cards_obtained":["Writhe"]},{"cards_removed":["Writhe"],"damage_healed":0.0,"max_hp_gain":0.0,"max_hp_loss":0.0,"gold_gain":0.0,"event_name":"Beggar","player_choice":"Gave Gold","floor":20.0,"gold_loss":75.0,"damage_taken":0.0},{"damage_healed":0.0,"max_hp_gain":0.0,"max_hp_loss":0.0,"gold_gain":0.0,"event_name":"Wheel of Change","player_choice":"Cursed","floor":28.0,"gold_loss":0.0,"damage_taken":0.0,"cards_obtained":["Decay"]},{"damage_healed":0.0,"max_hp_gain":0.0,"max_hp_loss":0.0,"gold_gain":0.0,"event_name":"SensoryStone","player_choice":"Memory 1","floor":44.0,"gold_loss":0.0,"damage_taken":0.0}],"is_beta":true,"boss_relics":[{"not_picked":["Snecko Eye","Eternal Feather"],"picked":"White Beast Statue"},{"not_picked":["Coffee Dripper","Sozu"],"picked":"WristBlade"}],"items_purged_floors":[4,37],"is_endless":false,"potions_floor_spawned":[3,10,13,16,18,21,22,25,29,30,31,33,35,38,39,41,42,46,47,48],"killed_by":"Awakened One","ascension_level":20}