{"gold_per_floor":[11,23,40,40,54,54,54,54,54,54,54,74,86,100,100,204,204,217,234,234,7,17,17],"floor_reached":23,"playtime":673,"items_purged":["Parasite"],"score":250,"play_id":"defff52a-a647-4050-af0d-a1a7575d18c1","local_time":"20181013131237","is_ascension_mode":true,"campfire_choices":[{"data":"Searing Blow","floor":6.0,"key":"SMITH"},{"data":"Searing Blow+1","floor":8.0,"key":"SMITH"},{"data":"Searing Blow+2","floor":11.0,"key":"SMITH"},{"data":"Searing Blow+3","floor":15.0,"key":"SMITH"}],"neow_cost":"NO_GOLD","seed_source_timestamp":7475188560144,"circlet_count":0,"master_deck":["Strike_R","Strike_R","Strike_R","Strike_R","Defend_R","Defend_R","Defend_R","Defend_R","Bash","Searing Blow+4","Armaments","Battle Trance","Shockwave","Dropkick","Headbutt"],"special_seed":0,"relics":["Burning Blood","Peace Pipe","StoneCalendar","Dead Branch","White Beast Statue","Potion Belt"],"potions_floor_usage":[19,22,23],"damage_taken":[{"damage":13.0,"enemies":"2 Louse","floor":1.0,"turns":3.0},{"damage":18.0,"enemies":"Small Slimes","floor":2.0,"turns":5.0},{"damage":6.0,"enemies":"Cultist","floor":3.0,"turns":3.0},{"damage":12.0,"enemies":"Looter","floor":5.0,"turns":4.0},{"damage":7.0,"enemies":"Exordium Thugs","floor":12.0,"turns":4.0},{"damage":5.0,"enemies":"2 Fungi Beasts","floor":13.0,"turns":4.0},{"damage":11.0,"enemies":"Blue Slaver","floor":14.0,"turns":3.0},{"damage":36.0,"enemies":"Slime Boss","floor":16.0,"turns":7.0},{"damage":28.0,"enemies":"2 Thieves","floor":18.0,"turns":5.0},{"damage":11,"enemies":"Spheric Guardian","floor":19,"turns":3},{"damage":18,"enemies":"Snake Plant","floor":22,"turns":3},{"damage":50,"enemies":"Gremlin Leader","floor":23,"turns":4}],"seed_played":"-5874800521946271486","potions_obtained":[{"floor":2.0,"key":"Regen Potion"},{"floor":5.0,"key":"SkillPotion"},{"floor":13.0,"key":"SteroidPotion"},{"floor":18.0,"key":"EssenceOfSteel"},{"floor":19,"key":"EssenceOfSteel"},{"floor":22,"key":"BloodPotion"}],"is_trial":false,"path_per_floor":["M","M","M","?","M","R","$","R","T","?","R","M","M","M","R","B",null,"M","M","?","$","M"],"character_chosen":"IRONCLAD","items_purchased":["Potion Belt"],"campfire_rested":0,"item_purchase_floors":[21],"current_hp_per_floor":[65,53,53,50,44,44,44,44,44,64,64,63,64,59,59,29,67,59,54,54,54,42,0],"gold":17,"neow_bonus":"ONE_RARE_RELIC","is_prod":false,"is_daily":false,"chose_seed":false,"campfire_upgraded":4,"win_rate":0,"timestamp":1539407557,"path_taken":["M","M","M","?","M","R","?","R","T","?","R","M","?","M","R","BOSS","M","M","?","$","?","E"],"build_version":"2018-10-11","purchased_purges":1,"victory":false,"max_hp_per_floor":[80,80,80,80,80,80,80,80,80,80,80,80,80,80,80,80,80,80,80,80,77,77,77],"card_choices":[{"not_picked":["Anger","Twin Strike","Heavy Blade"],"picked":"SKIP","floor":1.0},{"not_picked":["Iron Wave","Searing Blow","Havoc"],"picked":"SKIP","floor":2.0},{"not_picked":["Iron Wave","Havoc"],"picked":"Searing Blow","floor":2.0},{"not_picked":["Cleave","Iron Wave"],"picked":"Armaments","floor":3.0},{"not_picked":["Sword Boomerang","True Grit","Flex"],"picked":"SKIP","floor":5.0},{"not_picked":["Shrug It Off","Perfected Strike","Entrench"],"picked":"SKIP","floor":12.0},{"not_picked":["Inflame","Second Wind"],"picked":"Battle Trance","floor":13.0},{"not_picked":["Disarm","Bloodletting"],"picked":"Shockwave","floor":14.0},{"not_picked":["Havoc","Flex","Clash"],"picked":"SKIP","floor":18.0},{"not_picked":["Shrug It Off","Thunderclap"],"picked":"Dropkick","floor":19},{"not_picked":["Headbutt","Battle Trance","Anger+1"],"picked":"SKIP","floor":22},{"not_picked":["Battle Trance","Anger+1"],"picked":"Headbutt","floor":22}],"player_experience":437660,"relics_obtained":[{"floor":9.0,"key":"Dead Branch"}],"event_choices":[{"event_name":"Scrap Ooze","player_choice":"success","floor":4.0,"damage_taken":3.0},{"event_name":"Mushrooms","player_choice":"Healed and dodged fight","floor":10.0,"damage_taken":0.0},{"event_name":"Purifier","player_choice":"One Purge","floor":20,"damage_taken":0}],"is_beta":true,"boss_relics":[{"not_picked":["Empty Cage","Pandora\u0027s Box"],"picked":"White Beast Statue"}],"items_purged_floors":[21],"is_endless":false,"potions_floor_spawned":[2,5,13,14,18,19,22],"killed_by":"Gremlin Leader","ascension_level":7}