{"gold_per_floor":[366,434,461,481,491,491,517,517,572,572,585,585,598,598,598,670,670,644,569,619,633,647,647],"floor_reached":23,"playtime":1268,"items_purged":[],"score":363,"play_id":"e5d24bdc-3adf-4cd4-81f0-47c575b44a7f","local_time":"20181117120404","is_ascension_mode":true,"campfire_choices":[{"data":"All Out Attack","floor":6,"key":"SMITH"},{"data":"Footwork","floor":12,"key":"SMITH"},{"data":"Phantasmal Killer","floor":15,"key":"SMITH"}],"neow_cost":"TEN_PERCENT_HP_LOSS","seed_source_timestamp":377998049569,"circlet_count":0,"master_deck":["AscendersBane","Defend_G","Defend_G","Defend_G","Defend_G","Defend_G","Strike_G","Strike_G","Strike_G","Survivor","Neutralize+1","All Out Attack+1","Footwork+1","Backstab","Phantasmal Killer+1","Backflip","PiercingWail","Adrenaline","Blur","Dagger Spray"],"relics":["Ring of the Serpent","Juzu Bracelet","Darkstone Periapt","Boot"],"potions_floor_usage":[16,23],"damage_taken":[{"damage":14,"enemies":"Jaw Worm","floor":1,"turns":6},{"damage":0,"enemies":"Small Slimes","floor":4,"turns":2},{"damage":1,"enemies":"Cultist","floor":5,"turns":4},{"damage":18,"enemies":"3 Sentries","floor":7,"turns":8},{"damage":2,"enemies":"Blue Slaver","floor":11,"turns":4},{"damage":12,"enemies":"Large Slime","floor":13,"turns":5},{"damage":14,"enemies":"The Guardian","floor":16,"turns":17},{"damage":14,"enemies":"2 Thieves","floor":18,"turns":4},{"damage":5,"enemies":"Spheric Guardian","floor":21,"turns":16},{"damage":16,"enemies":"Snecko","floor":22,"turns":12},{"damage":19,"enemies":"Book of Stabbing","floor":23,"turns":5}],"seed_played":"-1482482077751792215","potions_obtained":[{"floor":4,"key":"Dexterity Potion"},{"floor":5,"key":"FearPotion"},{"floor":22,"key":"Weak Potion"}],"is_trial":false,"path_per_floor":["M","?","T","M","M","R","E","?","T","?","M","R","M","?","R","B",null,"M","?","?","M","M","E"],"character_chosen":"THE_SILENT","items_purchased":[],"campfire_rested":0,"item_purchase_floors":[],"current_hp_per_floor":[45,45,45,45,44,44,26,26,26,26,24,24,12,32,32,18,50,36,36,36,31,15,0],"gold":647,"neow_bonus":"TWO_FIFTY_GOLD","is_prod":false,"is_daily":false,"chose_seed":false,"campfire_upgraded":3,"win_rate":0,"timestamp":1542427444,"path_taken":["M","?","?","M","M","R","E","?","T","?","M","R","M","?","R","BOSS","M","?","?","M","M","E"],"build_version":"2018-11-15","purchased_purges":0,"victory":false,"max_hp_per_floor":[60,60,60,60,60,60,60,60,60,60,60,60,60,60,60,60,60,60,60,60,60,60,60],"card_choices":[{"not_picked":["Acrobatics","Quick Slash"],"picked":"All Out Attack","floor":1},{"not_picked":["Quick Slash","Deflect","Accuracy"],"picked":"SKIP","floor":4},{"not_picked":["Infinite Blades","Setup"],"picked":"Footwork","floor":5},{"not_picked":["Dodge and Roll","Dagger Throw"],"picked":"Backstab","floor":7},{"not_picked":["All Out Attack","Flechettes"],"picked":"Backflip","floor":11},{"not_picked":["Sucker Punch","Predator"],"picked":"PiercingWail","floor":13},{"not_picked":["Storm of Steel","Unload"],"picked":"Adrenaline","floor":16},{"not_picked":["Slice+1","Masterful Stab"],"picked":"Blur","floor":18},{"not_picked":["Bane","Sucker Punch","Acrobatics"],"picked":"SKIP","floor":21},{"not_picked":["Dodge and Roll","Catalyst"],"picked":"Dagger Spray","floor":22}],"player_experience":543992,"relics_obtained":[{"floor":3,"key":"Juzu Bracelet"},{"floor":7,"key":"Darkstone Periapt"},{"floor":9,"key":"Boot"}],"event_choices":[{"damage_healed":0,"gold_gain":68,"player_choice":"Gained Gold","damage_taken":0,"max_hp_gain":0,"max_hp_loss":0,"event_name":"Golden Wing","floor":2,"gold_loss":0},{"damage_healed":0,"gold_gain":0,"player_choice":"Grow","damage_taken":0,"max_hp_gain":0,"max_hp_loss":0,"event_name":"Living Wall","floor":8,"gold_loss":0,"cards_upgraded":["Neutralize"]},{"damage_healed":0,"gold_gain":0,"cards_transformed":["Strike_G"],"player_choice":"Transformed","damage_taken":0,"max_hp_gain":0,"max_hp_loss":0,"event_name":"Transmorgrifier","floor":10,"gold_loss":0,"cards_obtained":["Phantasmal Killer"]},{"damage_healed":20,"gold_gain":0,"player_choice":"Banana","damage_taken":0,"max_hp_gain":0,"max_hp_loss":0,"event_name":"Big Fish","floor":14,"gold_loss":0},{"cards_removed":["Strike_G"],"damage_healed":0,"gold_gain":0,"player_choice":"Gave Gold","damage_taken":0,"max_hp_gain":0,"max_hp_loss":0,"event_name":"Beggar","floor":19,"gold_loss":75},{"damage_healed":0,"gold_gain":50,"player_choice":"Pray","damage_taken":0,"max_hp_gain":0,"max_hp_loss":0,"event_name":"Golden Shrine","floor":20,"gold_loss":0}],"is_beta":true,"boss_relics":[{"not_picked":["WristBlade","Empty Cage"],"picked":"Ring of the Serpent"}],"items_purged_floors":[],"is_endless":false,"potions_floor_spawned":[4,5,7,11,22],"killed_by":"Book of Stabbing","ascension_level":18}