{"gold_per_floor":[363,363,151,226,54,54,54,54,54,54,78,78,109,109,109,109],"floor_reached":16,"playtime":374,"items_purged":["Strike_B"],"score":208,"play_id":"bea8facd-34cf-49a6-969d-9dfcbc9e79ae","local_time":"20190214180101","is_ascension_mode":true,"campfire_choices":[{"data":"Streamline","floor":10,"key":"SMITH"},{"data":"Beam Cell","floor":12,"key":"SMITH"},{"floor":15,"key":"REST"}],"neow_cost":"TEN_PERCENT_HP_LOSS","seed_source_timestamp":6834816063621,"circlet_count":0,"master_deck":["AscendersBane","Strike_B","Strike_B+1","Defend_B","Defend_B","Defend_B","Defend_B","Zap","Dualcast","Reinforced Body","Defragment","Streamline+1","Beam Cell+1","Go for the Eyes+1"],"special_seed":0,"relics":["Cracked Core","DataDisk","Golden Idol","Mercury Hourglass","Whetstone","Blue Candle"],"potions_floor_usage":[6,16],"damage_taken":[{"damage":7.0,"enemies":"Jaw Worm","floor":1.0,"turns":3.0},{"damage":0,"enemies":"3 Sentries","floor":6,"turns":1},{"damage":6,"enemies":"Small Slimes","floor":11,"turns":2},{"damage":38,"enemies":"Gremlin Nob","floor":13,"turns":4},{"damage":15,"enemies":"Hexaghost","floor":16,"turns":10}],"seed_played":"5144619626770251412","potions_obtained":[{"floor":1.0,"key":"SmokeBomb"},{"floor":13,"key":"Swift Potion"}],"is_trial":false,"path_per_floor":["M","?","$","?","$","E","?","$","T","R","M","R","E","T","R","B"],"character_chosen":"DEFECT","items_purchased":["Defragment","Streamline","DataDisk"],"campfire_rested":1,"item_purchase_floors":[3,3,5],"current_hp_per_floor":[57,57,57,46,46,46,46,46,46,46,40,40,2,2,19,4],"gold":109,"neow_bonus":"TWO_FIFTY_GOLD","is_prod":false,"is_daily":false,"chose_seed":false,"campfire_upgraded":2,"win_rate":0,"timestamp":1550138461,"path_taken":["M","?","$","?","$","E","?","?","T","R","M","R","E","?","R","BOSS"],"build_version":"2019-02-06","purchased_purges":1,"victory":false,"max_hp_per_floor":[64,64,64,64,64,64,58,58,58,58,58,58,58,58,58,58],"card_choices":[{"not_picked":["Storm","Turbo","Barrage"],"picked":"SKIP","floor":1.0},{"not_picked":["Stack","Sweeping Beam"],"picked":"Beam Cell","floor":11},{"not_picked":["Steam Power","Meteor Strike"],"picked":"Go for the Eyes","floor":13}],"player_experience":790570,"relics_obtained":[{"floor":9,"key":"Mercury Hourglass"},{"floor":13,"key":"Whetstone"},{"floor":14,"key":"Blue Candle"}],"event_choices":[{"damage_healed":0.0,"max_hp_gain":0.0,"max_hp_loss":0.0,"gold_gain":0.0,"cards_transformed":["Strike_B"],"event_name":"Living Wall","player_choice":"Change","floor":2.0,"gold_loss":0.0,"damage_taken":0.0,"cards_obtained":["Reinforced Body"]},{"damage_healed":0.0,"max_hp_gain":0.0,"max_hp_loss":0.0,"gold_gain":75.0,"event_name":"World of Goop","player_choice":"Gather Gold","floor":4.0,"gold_loss":0.0,"damage_taken":11.0},{"damage_healed":0,"gold_gain":0,"player_choice":"Lose Max HP","damage_taken":0,"relics_obtained":["Golden Idol"],"max_hp_gain":0,"max_hp_loss":6,"event_name":"Golden Idol","floor":7,"gold_loss":0}],"is_beta":true,"boss_relics":[],"items_purged_floors":[3],"is_endless":false,"potions_floor_spawned":[1,6,13],"killed_by":"Hexaghost","ascension_level":20}