{"gold_per_floor":[112,112,112,127,28,28,62,74,123,123,178,178,202,226,226,354,417,417],"floor_reached":18,"playtime":1927,"items_purged":["Strike_R"],"score":160,"play_id":"69fd752d-9b80-4ca9-b667-04c3e66d412d","local_time":"20190808092711","is_ascension_mode":false,"campfire_choices":[{"data":"Bash","floor":6,"key":"SMITH"},{"data":"Flex","floor":10,"key":"SMITH"},{"data":"Iron Wave","floor":15,"key":"SMITH"}],"neow_cost":"NONE","seed_source_timestamp":1445629318356700,"circlet_count":0,"master_deck":["Strike_R+1","Strike_R+1","Strike_R+1","Defend_R","Defend_R","Defend_R","Defend_R","Bash+1","Shrug It Off","Ghostly Armor","Flex+1","Flex","Shrug It Off","Armaments","Iron Wave+1","Barricade","Cleave"],"relics":["Burning Blood","Whetstone","Lantern","Red Skull","Golden Idol","Tiny House"],"potions_floor_usage":[14],"damage_taken":[{"damage":1,"enemies":"Cultist","floor":1,"turns":4},{"damage":0,"enemies":"2 Louse","floor":4,"turns":3},{"damage":30,"enemies":"Gremlin Nob","floor":7,"turns":5},{"damage":6,"enemies":"Jaw Worm","floor":8,"turns":6},{"damage":34,"enemies":"Gremlin Nob","floor":11,"turns":5},{"damage":0,"enemies":"2 Fungi Beasts","floor":13,"turns":3},{"damage":0,"enemies":"3 Louse","floor":14,"turns":5},{"damage":53,"enemies":"The Guardian","floor":16,"turns":23},{"damage":93,"enemies":"3 Byrds","floor":18,"turns":9}],"seed_played":"-4065886216239578910","potions_obtained":[{"floor":11,"key":"BloodPotion"},{"floor":13,"key":"SpeedPotion"},{"floor":16,"key":"SpeedPotion"},{"floor":17,"key":"FearPotion"}],"is_trial":false,"path_per_floor":["M","?","?","M","$","R","E","M","T","R","?","?","M","M","R","B",null,"M"],"character_chosen":"IRONCLAD","items_purchased":["Flex"],"campfire_rested":0,"item_purchase_floors":[5],"current_hp_per_floor":[88,81,86,92,92,92,68,68,68,68,40,40,46,73,73,26,91,0],"gold":417,"neow_bonus":"TEN_PERCENT_HP_BONUS","is_prod":false,"is_daily":false,"chose_seed":false,"campfire_upgraded":3,"win_rate":0.0,"timestamp":1565249231,"path_taken":["M","?","?","M","?","R","E","M","T","R","?","?","M","M","R","BOSS","M"],"build_version":"2019-07-17","purchased_purges":1,"victory":false,"max_hp_per_floor":[88,88,93,93,93,93,93,93,93,93,93,86,86,86,86,86,91,91],"card_choices":[{"not_picked":["Pommel Strike","Cleave"],"picked":"Shrug It Off","floor":1},{"not_picked":["Twin Strike","Heavy Blade"],"picked":"Ghostly Armor","floor":4},{"not_picked":["Corruption","Infernal Blade","Hemokinesis"],"picked":"SKIP","floor":7},{"not_picked":["Fire Breathing","Combust"],"picked":"Flex","floor":8},{"not_picked":["Flex","Headbutt"],"picked":"Shrug It Off","floor":11},{"not_picked":["Limit Break","Pummel"],"picked":"Armaments","floor":13},{"not_picked":["Clash","Clothesline"],"picked":"Iron Wave","floor":14},{"not_picked":["Brutality","Berserk"],"picked":"Barricade","floor":16},{"not_picked":["Thunderclap","Perfected Strike"],"picked":"Cleave","floor":17}],"player_experience":294264,"relics_obtained":[{"floor":7,"key":"Whetstone"},{"floor":9,"key":"Lantern"},{"floor":11,"key":"Red Skull"}],"event_choices":[{"cards_removed":["Strike_R"],"damage_healed":0,"gold_gain":0,"player_choice":"Card Removal","damage_taken":7,"max_hp_gain":0,"max_hp_loss":0,"event_name":"Golden Wing","floor":2,"gold_loss":0},{"damage_healed":0,"gold_gain":0,"player_choice":"Donut","damage_taken":0,"max_hp_gain":5,"max_hp_loss":0,"event_name":"Big Fish","floor":3,"gold_loss":0},{"damage_healed":0,"gold_gain":0,"player_choice":"Searched \u00271\u0027 times","damage_taken":0,"max_hp_gain":0,"max_hp_loss":0,"event_name":"Dead Adventurer","floor":11,"gold_loss":0},{"damage_healed":0,"gold_gain":0,"player_choice":"Lose Max HP","damage_taken":0,"relics_obtained":["Golden Idol"],"max_hp_gain":0,"max_hp_loss":7,"event_name":"Golden Idol","floor":12,"gold_loss":0}],"is_beta":false,"boss_relics":[{"not_picked":["Orrery","Ectoplasm"],"picked":"Tiny House"}],"items_purged_floors":[5],"is_endless":false,"potions_floor_spawned":[11,13,16],"killed_by":"3 Byrds","ascension_level":0}