{"gold_per_floor":[111,111,123,133,308,308,322,333,360,360,360,186,211,233,233,333,333,347,297,277,277],"floor_reached":21,"playtime":859,"items_purged":[],"score":270,"play_id":"247639d4-e4be-4e0b-9108-d5b415f569ce","local_time":"20180831093118","is_ascension_mode":true,"campfire_choices":[{"data":"Loop","floor":6.0,"key":"SMITH"},{"floor":11.0,"key":"REST"},{"data":"Defragment","floor":15.0,"key":"SMITH"}],"neow_cost":"PERCENT_DAMAGE","seed_source_timestamp":0,"circlet_count":0,"master_deck":["Strike_B","Strike_B","Strike_B","Strike_B","Defend_B","Defend_B","Defend_B","Defend_B","Zap+1","Dualcast+1","AscendersBane","Echo Form","Loop+1","Ball Lightning","Rebound","Coolheaded","Core Surge","Defragment+1","Flash of Steel","Leap","Rainbow","Turbo","Stack","Tempest","Melter","Steam Power","Glacier","Steam"],"special_seed":0,"relics":["Cracked Core","War Paint","Bag of Preparation","Odd Mushroom","Orrery"],"potions_floor_usage":[21],"damage_taken":[{"damage":0.0,"enemies":"Small Slimes","floor":1.0,"turns":3.0},{"damage":12.0,"enemies":"2 Louse","floor":3.0,"turns":3.0},{"damage":1.0,"enemies":"Cultist","floor":4.0,"turns":3.0},{"damage":21.0,"enemies":"3 Louse","floor":7.0,"turns":3.0},{"damage":11.0,"enemies":"Looter","floor":8.0,"turns":2.0},{"damage":17.0,"enemies":"The Mushroom Lair","floor":14.0,"turns":3.0},{"damage":1.0,"enemies":"Hexaghost","floor":16.0,"turns":8.0},{"damage":29,"enemies":"3 Byrds","floor":18,"turns":4},{"damage":20,"enemies":"2 Thieves","floor":20,"turns":5},{"damage":10,"enemies":"Cultist and Chosen","floor":21,"turns":6}],"seed_played":"3941609022891640124","potions_obtained":[{"floor":1.0,"key":"Strength Potion"},{"floor":4.0,"key":"FearPotion"},{"floor":18,"key":"GamblersBrew"}],"is_trial":false,"path_per_floor":["M","?","M","M","?","R","M","M","T","?","R","$","T","?","R","B",null,"M","?","M"],"character_chosen":"DEFECT","items_purchased":["Defragment","Flash of Steel"],"campfire_rested":1,"item_purchase_floors":[12,12],"current_hp_per_floor":[50,50,38,37,37,37,16,5,5,5,27,27,27,10,10,9,59,30,30,10,0],"gold":277,"neow_bonus":"THREE_RARE_CARDS","is_prod":false,"is_daily":false,"chose_seed":false,"campfire_upgraded":2,"win_rate":0,"timestamp":1535679078,"path_taken":["M","?","M","M","?","R","M","M","T","?","R","$","?","?","R","BOSS","M","?","?","M"],"build_version":"2018-08-29","purchased_purges":0,"victory":false,"max_hp_per_floor":[75,75,75,75,75,75,75,75,75,75,75,75,75,75,75,75,75,75,75,75,75],"card_choices":[{"not_picked":["Core Surge","Seek"],"picked":"Echo Form","floor":0.0},{"not_picked":["Storm","Gash"],"picked":"Loop","floor":1.0},{"not_picked":["Turbo","Hologram"],"picked":"Ball Lightning","floor":3.0},{"not_picked":["Storm","Hello World"],"picked":"Rebound","floor":4.0},{"not_picked":["Steam","Skim"],"picked":"Coolheaded","floor":7.0},{"not_picked":["Coolheaded","Conserve Battery"],"picked":"Core Surge","floor":8.0},{"not_picked":["Gash","FTL"],"picked":"Leap","floor":14.0},{"not_picked":["Thunder Strike","Hyperbeam"],"picked":"Rainbow","floor":16.0},{"not_picked":["Conserve Battery","Fusion"],"picked":"Turbo","floor":17},{"not_picked":["Compile Driver","Ball Lightning"],"picked":"Stack","floor":17},{"not_picked":["Coolheaded","Reprogram"],"picked":"Tempest","floor":17},{"not_picked":["Rebound","Gash"],"picked":"Melter","floor":17},{"not_picked":["Hologram","Streamline"],"picked":"Steam Power","floor":17},{"not_picked":["Defragment","Thunder Strike"],"picked":"Glacier","floor":18},{"not_picked":["Loop","Scrape"],"picked":"Steam","floor":20}],"player_experience":280079,"relics_obtained":[{"floor":9.0,"key":"War Paint"},{"floor":13.0,"key":"Bag of Preparation"},{"floor":14.0,"key":"Odd Mushroom"}],"event_choices":[{"event_name":"Golden Wing","player_choice":"Ignored","floor":2.0,"damage_taken":0.0},{"event_name":"Liars Game","player_choice":"agreed","floor":5.0,"damage_taken":0.0},{"event_name":"Purifier","player_choice":"One Purge","floor":10.0,"damage_taken":0.0},{"event_name":"Mushrooms","player_choice":"Fought Mushrooms","floor":14.0,"damage_taken":0.0},{"event_name":"The Joust","player_choice":"Bet on Murderer","floor":19,"damage_taken":0}],"is_beta":true,"boss_relics":[{"not_picked":["Pandora\u0027s Box","Black Star"],"picked":"Orrery"}],"items_purged_floors":[],"is_endless":false,"potions_floor_spawned":[1,4,18],"killed_by":"Cultist and Chosen","ascension_level":12}