{"gold_per_floor":[118,118,138,138,63,74,92,118,118,118,135,150,150,150,150,251,251,267,267,167,182,33,33,47,47],"floor_reached":25,"playtime":2924,"items_purged":["Strike_R","Strike_R"],"score":203,"play_id":"b6b0c569-ad43-4951-befb-f0657a77e06c","local_time":"20190807202429","is_ascension_mode":false,"campfire_choices":[{"data":"Armaments","floor":10,"key":"SMITH"},{"data":"Evolve","floor":13,"key":"SMITH"},{"floor":15,"key":"REST"},{"data":"Exhume","floor":23,"key":"SMITH"}],"neow_cost":"NONE","seed_source_timestamp":3605878817028,"circlet_count":0,"master_deck":["Strike_R","Strike_R+1","Strike_R","Defend_R","Defend_R","Defend_R","Defend_R","Bash","Madness+1","Hemokinesis+1","Armaments+1","Disarm","Intimidate","Evolve+1","Rupture","Feed","Exhume+1","Seeing Red"],"relics":["Burning Blood"],"potions_floor_usage":[12,16,16],"damage_taken":[{"damage":11,"enemies":"Jaw Worm","floor":1,"turns":5},{"damage":2,"enemies":"Small Slimes","floor":3,"turns":2},{"damage":2,"enemies":"2 Louse","floor":6,"turns":2},{"damage":10,"enemies":"Looter","floor":7,"turns":5},{"damage":21,"enemies":"Lagavulin","floor":8,"turns":6},{"damage":3,"enemies":"Lots of Slimes","floor":11,"turns":7},{"damage":4,"enemies":"Red Slaver","floor":12,"turns":3},{"damage":34,"enemies":"Slime Boss","floor":16,"turns":11},{"damage":12,"enemies":"Shell Parasite","floor":18,"turns":9},{"damage":60,"enemies":"3 Byrds","floor":21,"turns":11},{"damage":17,"enemies":"Snake Plant","floor":24,"turns":9},{"damage":18,"enemies":"Snecko","floor":25,"turns":5}],"seed_played":"-3513219989995516248","potions_obtained":[{"floor":3,"key":"Energy Potion"},{"floor":7,"key":"Block Potion"},{"floor":12,"key":"Ancient Potion"},{"floor":21,"key":"Energy Potion"},{"floor":24,"key":"EntropicBrew"}],"is_trial":false,"path_per_floor":["M","?","M","?","$","M","M","E","T","R","M","M","R","?","R","B",null,"M","?","$","M","$","R","M","M"],"character_chosen":"IRONCLAD","items_purchased":["Exhume"],"campfire_rested":1,"item_purchase_floors":[22],"current_hp_per_floor":[75,75,79,63,63,67,63,48,48,48,51,53,53,53,77,49,80,74,74,74,24,24,24,17,0],"gold":47,"neow_bonus":"RANDOM_COLORLESS","is_prod":false,"is_daily":false,"chose_seed":false,"campfire_upgraded":3,"win_rate":0,"timestamp":1565198669,"path_taken":["M","?","M","?","$","M","M","E","T","R","M","M","R","?","R","BOSS","M","?","$","?","?","R","M","M"],"build_version":"2019-07-17","purchased_purges":2,"victory":false,"max_hp_per_floor":[80,80,80,80,80,80,80,80,80,80,80,80,80,80,80,80,80,80,80,80,84,84,84,88,88],"card_choices":[{"not_picked":["Sever Soul","Spot Weakness"],"picked":"Hemokinesis","floor":1},{"not_picked":["Anger","Iron Wave"],"picked":"Armaments","floor":3},{"not_picked":["Rage","Twin Strike"],"picked":"Disarm","floor":6},{"not_picked":["Armaments","Perfected Strike"],"picked":"Intimidate","floor":7},{"not_picked":["Burning Pact","Blood for Blood"],"picked":"Evolve","floor":8},{"not_picked":["Pummel","Cleave","Sword Boomerang"],"picked":"SKIP","floor":11},{"not_picked":["Rampage","Flex"],"picked":"Rupture","floor":12},{"not_picked":["Berserk","Bludgeon"],"picked":"Feed","floor":16},{"not_picked":["Evolve","Shockwave","Flex"],"picked":"SKIP","floor":18},{"not_picked":["Sword Boomerang","Headbutt","Burning Pact"],"picked":"SKIP","floor":21},{"not_picked":["Flex","Wild Strike"],"picked":"Seeing Red","floor":24}],"player_experience":104773,"relics_obtained":[],"event_choices":[{"damage_healed":0,"gold_gain":0,"player_choice":"Grow","damage_taken":0,"max_hp_gain":0,"max_hp_loss":0,"event_name":"Living Wall","floor":2,"gold_loss":0,"cards_upgraded":["Hemokinesis"]},{"damage_healed":0,"gold_gain":0,"player_choice":"Entered Light","damage_taken":16,"max_hp_gain":0,"max_hp_loss":0,"event_name":"Shining Light","floor":4,"gold_loss":0,"cards_upgraded":["Madness","Strike_R"]},{"damage_healed":0,"gold_gain":0,"player_choice":"Ignored","damage_taken":0,"max_hp_gain":0,"max_hp_loss":0,"event_name":"Liars Game","floor":14,"gold_loss":0},{"damage_healed":0,"gold_gain":0,"player_choice":"Ignored","damage_taken":0,"max_hp_gain":0,"max_hp_loss":0,"event_name":"WeMeetAgain","floor":19,"gold_loss":0}],"is_beta":false,"boss_relics":[{"not_picked":["Eternal Feather","Runic Pyramid","Snecko Eye"]}],"items_purged_floors":[5,20],"is_endless":false,"potions_floor_spawned":[3,7,12,16,21,24],"killed_by":"Snecko","ascension_level":0}