{"gold_per_floor":[110,121,137,107,127,127,139,139,139,139,139,152,77,89,89,89],"floor_reached":16,"playtime":1456,"items_purged":["Strike_G"],"score":94,"play_id":"5a5e406a-043d-45bc-8dbd-ede6827844dc","local_time":"20190809192856","is_ascension_mode":false,"campfire_choices":[{"data":"Survivor","floor":6,"key":"SMITH"},{"data":"Outmaneuver","floor":8,"key":"SMITH"},{"data":"Infinite Blades","floor":10,"key":"SMITH"},{"data":"Deflect","floor":15,"key":"SMITH"}],"neow_cost":"NONE","seed_source_timestamp":1571518255851300,"circlet_count":0,"master_deck":["Strike_G","Strike_G","Strike_G","Strike_G","Defend_G","Defend_G","Defend_G","Defend_G","Defend_G","Survivor+1","Neutralize","Backflip","Well Laid Plans","Infinite Blades+1","Outmaneuver+1","Deflect+1"],"relics":["Ring of the Snake","Gremlin Horn"],"potions_floor_usage":[],"damage_taken":[{"damage":1,"enemies":"Small Slimes","floor":1,"turns":4},{"damage":1,"enemies":"Cultist","floor":2,"turns":4},{"damage":2,"enemies":"2 Louse","floor":3,"turns":4},{"damage":2,"enemies":"Looter","floor":4,"turns":4},{"damage":2,"enemies":"2 Fungi Beasts","floor":5,"turns":6},{"damage":2,"enemies":"Large Slime","floor":7,"turns":9},{"damage":2,"enemies":"Looter","floor":12,"turns":4},{"damage":0,"enemies":"Exordium Wildlife","floor":14,"turns":10},{"damage":79,"enemies":"Slime Boss","floor":16,"turns":18}],"seed_played":"875792349428740322","potions_obtained":[{"floor":1,"key":"FearPotion"},{"floor":7,"key":"Ancient Potion"},{"floor":14,"key":"LiquidBronze"}],"is_trial":false,"path_per_floor":["M","M","M","M","M","R","M","R","T","R","?","M","$","M","R","B"],"character_chosen":"THE_SILENT","items_purchased":[],"campfire_rested":0,"item_purchase_floors":[],"current_hp_per_floor":[76,75,73,71,69,69,67,67,67,67,67,65,65,65,65,0],"gold":89,"neow_bonus":"TEN_PERCENT_HP_BONUS","is_prod":false,"is_daily":false,"chose_seed":false,"campfire_upgraded":4,"win_rate":0.0,"timestamp":1565371736,"path_taken":["M","M","M","M","M","R","M","R","T","R","?","M","$","?","R","BOSS"],"build_version":"2019-07-17","purchased_purges":1,"victory":false,"max_hp_per_floor":[77,77,77,77,77,77,77,77,77,77,77,77,77,77,77,77],"card_choices":[{"not_picked":["Tactician","PiercingWail","Bane"],"picked":"SKIP","floor":1},{"not_picked":["Bane","Deflect"],"picked":"Backflip","floor":2},{"not_picked":["Underhanded Strike","Dodge and Roll"],"picked":"Well Laid Plans","floor":3},{"not_picked":["Sucker Punch","Underhanded Strike"],"picked":"Infinite Blades","floor":4},{"not_picked":["Flying Knee","Dagger Spray","Sucker Punch"],"picked":"SKIP","floor":5},{"not_picked":["Quick Slash","Bullet Time"],"picked":"Outmaneuver","floor":7},{"not_picked":["Dagger Throw","Bane"],"picked":"Deflect","floor":12},{"not_picked":["Dodge and Roll","Bane","Deadly Poison"],"picked":"SKIP","floor":14}],"player_experience":362017,"relics_obtained":[{"floor":9,"key":"Gremlin Horn"}],"event_choices":[{"damage_healed":0,"gold_gain":0,"player_choice":"Ignored","damage_taken":0,"max_hp_gain":0,"max_hp_loss":0,"event_name":"NoteForYourself","floor":11,"gold_loss":0}],"is_beta":false,"boss_relics":[],"items_purged_floors":[13],"is_endless":false,"potions_floor_spawned":[1,7,14],"killed_by":"Slime Boss","ascension_level":0}