{"gold_per_floor":[109,109,128,53,99,126,126,158,158,173,173,188,204,221,221,293,293,307,204,10,20,38,73,73],"floor_reached":24,"playtime":621,"items_purged":[],"score":506,"play_id":"e64239e3-96fa-4af6-b42b-99a01d42acc1","local_time":"20181208192922","is_ascension_mode":true,"campfire_choices":[{"data":"Darkness","floor":7.0,"key":"SMITH"},{"floor":11.0,"key":"REST"},{"data":"Loop","floor":15.0,"key":"SMITH"}],"neow_cost":"NONE","seed_source_timestamp":39513803636314,"circlet_count":0,"master_deck":["AscendersBane","Strike_B","Strike_B","Defend_B","Defend_B","Defend_B","Defend_B","Zap","Dualcast","Ball Lightning","Beam Cell","Darkness+1","Leap","Doom and Gloom","Loop+1","Conserve Battery","Multi-Cast","Redo","Auto Shields","Turbo","Leap+1","Lockon"],"special_seed":0,"relics":["Cracked Core","NeowsBlessing","Bag of Preparation","Art of War","StoneCalendar","Kunai","Runic Pyramid","DataDisk","Question Card"],"potions_floor_usage":[24],"damage_taken":[{"damage":0.0,"enemies":"Small Slimes","floor":1.0,"turns":1.0},{"damage":0.0,"enemies":"Jaw Worm","floor":3.0,"turns":1.0},{"damage":0.0,"enemies":"3 Sentries","floor":6.0,"turns":1.0},{"damage":41.0,"enemies":"Gremlin Nob","floor":8.0,"turns":4.0},{"damage":1.0,"enemies":"Cultist","floor":10.0,"turns":4.0},{"damage":8.0,"enemies":"Lots of Slimes","floor":12.0,"turns":3.0},{"damage":0.0,"enemies":"Exordium Thugs","floor":13.0,"turns":3.0},{"damage":7.0,"enemies":"Looter","floor":14.0,"turns":3.0},{"damage":11.0,"enemies":"The Guardian","floor":16.0,"turns":7.0},{"damage":0.0,"enemies":"Chosen","floor":18.0,"turns":3.0},{"damage":10.0,"enemies":"Shell Parasite","floor":21.0,"turns":3.0},{"damage":3.0,"enemies":"Snake Plant","floor":22.0,"turns":3.0},{"damage":34.0,"enemies":"Gremlin Leader","floor":23.0,"turns":4.0},{"damage":0,"enemies":"Colosseum Slavers","floor":24,"turns":1}],"seed_played":"-1106692922656774125","potions_obtained":[{"floor":3.0,"key":"EssenceOfSteel"},{"floor":12.0,"key":"Explosive Potion"},{"floor":13.0,"key":"Weak Potion"},{"floor":16.0,"key":"FocusPotion"},{"floor":18.0,"key":"Weak Potion"},{"floor":23.0,"key":"GamblersBrew"}],"is_trial":false,"path_per_floor":["M","?","M","?","T","E","R","E","T","M","R","M","M","M","R","B",null,"M","$","$","M","M","E","?"],"character_chosen":"DEFECT","items_purchased":["Redo","Auto Shields","DataDisk","Turbo"],"campfire_rested":1,"item_purchase_floors":[19,19,20,20],"current_hp_per_floor":[64,57,57,57,57,57,57,16,16,15,36,28,28,21,21,10,56,56,56,56,46,43,9,9],"gold":73,"neow_bonus":"THREE_ENEMY_KILL","is_prod":false,"is_daily":false,"chose_seed":false,"campfire_upgraded":2,"win_rate":0,"timestamp":1544268562,"path_taken":["M","?","M","?","?","E","R","E","T","M","R","M","?","M","R","BOSS","M","?","$","M","?","E","?"],"build_version":"2018-12-06","purchased_purges":0,"victory":false,"max_hp_per_floor":[71,71,71,71,71,71,71,71,71,71,71,71,71,71,71,71,71,71,71,71,71,71,71,71],"card_choices":[{"not_picked":["Gash","White Noise"],"picked":"Ball Lightning","floor":1.0},{"not_picked":["Streamline","Reprogram"],"picked":"Beam Cell","floor":3.0},{"not_picked":["Machine Learning","Turbo"],"picked":"Darkness","floor":6.0},{"not_picked":["Scrape","Compile Driver"],"picked":"Leap","floor":8.0},{"not_picked":["Tempest","Streamline"],"picked":"Doom and Gloom","floor":10.0},{"not_picked":["Ball Lightning","Double Energy"],"picked":"Loop","floor":12.0},{"not_picked":["Steam","Compile Driver"],"picked":"Conserve Battery","floor":13.0},{"not_picked":["Go for the Eyes","Hologram","Doom and Gloom"],"picked":"SKIP","floor":14.0},{"not_picked":["Core Surge","Echo Form"],"picked":"Multi-Cast","floor":16.0},{"not_picked":["Barrage","Consume","Conserve Battery"],"picked":"SKIP","floor":18.0},{"not_picked":["Turbo+1","Storm"],"picked":"Leap+1","floor":21.0},{"not_picked":["Steam Power","Sweeping Beam","Compile Driver"],"picked":"SKIP","floor":22.0},{"not_picked":["Barrage","Leap"],"picked":"Lockon","floor":23.0}],"player_experience":599768,"relics_obtained":[{"floor":5.0,"key":"Bag of Preparation"},{"floor":6.0,"key":"Art of War"},{"floor":8.0,"key":"StoneCalendar"},{"floor":9.0,"key":"Kunai"},{"floor":23.0,"key":"Question Card"}],"event_choices":[{"cards_removed":["Strike_B"],"damage_healed":0.0,"max_hp_gain":0.0,"max_hp_loss":0.0,"gold_gain":0.0,"event_name":"Golden Wing","player_choice":"Card Removal","floor":2.0,"gold_loss":0.0,"damage_taken":7.0},{"cards_removed":["Strike_B"],"damage_healed":0.0,"max_hp_gain":0.0,"max_hp_loss":0.0,"gold_gain":0.0,"event_name":"The Cleric","player_choice":"Card Removal","floor":4.0,"gold_loss":75.0,"damage_taken":0.0},{"damage_healed":0,"gold_gain":0,"player_choice":"Fight","damage_taken":0,"max_hp_gain":0,"max_hp_loss":0,"event_name":"Colosseum","floor":24,"gold_loss":0}],"is_beta":true,"boss_relics":[{"not_picked":["Tiny House","Orrery"],"picked":"Runic Pyramid"}],"items_purged_floors":[],"is_endless":false,"potions_floor_spawned":[3,12,13,16,18,23],"killed_by":"Colosseum Slavers","ascension_level":20}