{"gold_per_floor":[119,131,149,149,166,199,199,254,277,294,304,304,337,356,356,451,451,461,475,475,475],"floor_reached":21,"playtime":1034,"items_purged":[],"score":294,"play_id":"b5576d6c-d7ac-48aa-a794-5eefdff3ccec","local_time":"20180731223700","is_ascension_mode":true,"campfire_choices":[{"data":"Dualcast","floor":7.0,"key":"SMITH"},{"floor":12.0,"key":"REST"},{"floor":15.0,"key":"REST"}],"neow_cost":"NONE","seed_source_timestamp":0,"circlet_count":0,"master_deck":["Strike_B","Strike_B","Strike_B","Strike_B","Defend_B","Defend_B","Defend_B","Defend_B+1","Zap","Dualcast+1","Leap","Turbo","Doom and Gloom+1","Gash","Reinforced Body","Cold Snap","Streamline","Defragment","Conserve Battery","Steam","Echo Form","Loop","Chaos","BootSequence","Go for the Eyes","Turbo+1"],"special_seed":0,"relics":["Busted Crown","DataDisk","Tiny Chest","Pen Nib","Lantern","Orrery"],"potions_floor_usage":[],"damage_taken":[{"damage":0.0,"enemies":"Small Slimes","floor":1.0,"turns":3.0},{"damage":9.0,"enemies":"Jaw Worm","floor":2.0,"turns":4.0},{"damage":1.0,"enemies":"Cultist","floor":3.0,"turns":5.0},{"damage":7.0,"enemies":"Gremlin Gang","floor":5.0,"turns":3.0},{"damage":2.0,"enemies":"3 Sentries","floor":6.0,"turns":6.0},{"damage":7.0,"enemies":"Lagavulin","floor":8.0,"turns":5.0},{"damage":4.0,"enemies":"Lots of Slimes","floor":10.0,"turns":3.0},{"damage":7.0,"enemies":"Exordium Wildlife","floor":11.0,"turns":2.0},{"damage":18.0,"enemies":"3 Sentries","floor":13.0,"turns":7.0},{"damage":0.0,"enemies":"Looter","floor":14.0,"turns":2.0},{"damage":4.0,"enemies":"The Guardian","floor":16.0,"turns":11.0},{"damage":25.0,"enemies":"Chosen","floor":18.0,"turns":7.0},{"damage":29,"enemies":"3 Byrds","floor":19,"turns":7},{"damage":22,"enemies":"Sentry and Sphere","floor":21,"turns":3}],"seed_played":"1972201781742604650","potions_obtained":[{"floor":2.0,"key":"Regen Potion"},{"floor":3.0,"key":"Block Potion"},{"floor":6.0,"key":"SteroidPotion"},{"floor":10.0,"key":"Strength Potion"},{"floor":14.0,"key":"Poison Potion"},{"floor":19,"key":"AttackPotion"}],"is_trial":false,"path_per_floor":["M","M","M","?","M","E","R","E","T","M","M","R","E","M","R","B",null,"M","M","?"],"character_chosen":"DEFECT","items_purchased":[],"campfire_rested":2,"item_purchase_floors":[],"current_hp_per_floor":[68,59,58,43,45,43,43,36,36,32,25,47,29,29,51,47,68,43,14,14,0],"gold":475,"neow_bonus":"BOSS_RELIC","is_prod":false,"is_daily":false,"chose_seed":false,"campfire_upgraded":1,"win_rate":0,"timestamp":1533047820,"path_taken":["M","M","M","?","M","E","R","E","T","?","?","R","E","M","R","BOSS","M","M","?","M"],"build_version":"2018-07-26","purchased_purges":0,"victory":false,"max_hp_per_floor":[75,75,75,75,75,75,75,75,75,75,75,75,75,75,75,75,75,75,75,75,75],"card_choices":[{"not_picked":[],"picked":"Leap","floor":1.0},{"not_picked":[],"picked":"Turbo","floor":2.0},{"not_picked":[],"picked":"Doom and Gloom","floor":3.0},{"not_picked":[],"picked":"Gash","floor":5.0},{"not_picked":[],"picked":"Reinforced Body","floor":6.0},{"not_picked":[],"picked":"Cold Snap","floor":8.0},{"not_picked":[],"picked":"Streamline","floor":10.0},{"not_picked":[],"picked":"Defragment","floor":11.0},{"not_picked":[],"picked":"Conserve Battery","floor":13.0},{"not_picked":[],"picked":"Steam","floor":14.0},{"not_picked":[],"picked":"Echo Form","floor":16.0},{"not_picked":[],"picked":"Loop","floor":17.0},{"not_picked":[],"picked":"Chaos","floor":17.0},{"not_picked":[],"picked":"BootSequence","floor":17.0},{"not_picked":[],"picked":"Go for the Eyes","floor":17.0},{"not_picked":["Barrage"],"picked":"SKIP","floor":18.0},{"not_picked":[],"picked":"Turbo+1","floor":19}],"player_experience":195598,"relics_obtained":[{"floor":6.0,"key":"DataDisk"},{"floor":8.0,"key":"Tiny Chest"},{"floor":9.0,"key":"Pen Nib"},{"floor":13.0,"key":"Lantern"}],"event_choices":[{"event_name":"Shining Light","player_choice":"Entered Light","floor":4.0,"damage_taken":0.0},{"event_name":"Vampires","player_choice":"Ignored","floor":20,"damage_taken":0}],"is_beta":false,"boss_relics":[{"not_picked":["Runic Pyramid","White Beast Statue"],"picked":"Orrery"}],"items_purged_floors":[],"is_endless":false,"potions_floor_spawned":[2,3,6,10,14,19],"killed_by":"Sentry and Sphere","ascension_level":9}