{"gold_per_floor":[119,194,194,213,230,230,250,250,250,250,250,268,303,91,91,166,166,181,181,199,199,219,219,231,231],"floor_reached":25,"playtime":1085,"items_purged":[],"score":406,"play_id":"c7d3742f-8a4c-4e70-9d32-1536dd910101","local_time":"20190616131722","is_ascension_mode":true,"campfire_choices":[{"data":"Consume","floor":6.0,"key":"SMITH"},{"data":"Dualcast","floor":8.0,"key":"SMITH"},{"data":"Glacier","floor":11.0,"key":"SMITH"},{"data":"Rainbow","floor":15.0,"key":"SMITH"},{"data":"Hologram","floor":23.0,"key":"SMITH"}],"neow_cost":"NONE","seed_source_timestamp":4121221074166,"circlet_count":0,"master_deck":["AscendersBane","Defend_B","Defend_B","Zap+1","Dualcast+1","Ball Lightning+1","Consume+1","Glacier+1","Rainbow+1","Streamline+1","Reinforced Body+1","Creative AI+1","Hologram+1","Shame","Coolheaded"],"special_seed":0,"relics":["Cracked Core","NeowsBlessing","Thread and Needle","Incense Burner","Lee\u0027s Waffle","Astrolabe","theJungle:SpiritDisease","theJungle:SneckoAutograph"],"potions_floor_usage":[],"damage_taken":[{"damage":0.0,"enemies":"Cultist","floor":1.0,"turns":1.0},{"damage":0.0,"enemies":"2 Louse","floor":4.0,"turns":1.0},{"damage":0.0,"enemies":"Jaw Worm","floor":5.0,"turns":1.0},{"damage":8.0,"enemies":"Blue Slaver","floor":7.0,"turns":3.0},{"damage":0.0,"enemies":"Exordium Thugs","floor":12.0,"turns":4.0},{"damage":27.0,"enemies":"Gremlin Nob","floor":13.0,"turns":5.0},{"damage":25.0,"enemies":"Slime Boss","floor":16.0,"turns":11.0},{"damage":7.0,"enemies":"Shell Parasite","floor":18.0,"turns":5.0},{"damage":0.0,"enemies":"theJungle:Flameango_and_Byrd","floor":20.0,"turns":6.0},{"damage":30.0,"enemies":"theJungle:JungleHuntersEncounter","floor":22.0,"turns":8.0},{"damage":10.0,"enemies":"theJungle:Snecko_Cultist_And_Trap","floor":24.0,"turns":5.0},{"damage":38,"enemies":"theJungle:Cassacara","floor":25,"turns":8}],"seed_played":"-3310466963878131871","potions_obtained":[{"floor":7.0,"key":"EssenceOfSteel"},{"floor":12.0,"key":"Dexterity Potion"},{"floor":13.0,"key":"Ancient Potion"}],"is_trial":false,"path_per_floor":["M","?","?","M","M","R","M","R","T","?","R","M","E","$","R","B",null,"M","?","M","?","M","R","M","E"],"character_chosen":"DEFECT","items_purchased":["Lee\u0027s Waffle"],"campfire_rested":0,"item_purchase_floors":[14],"current_hp_per_floor":[64,53,53,53,53,53,45,45,45,45,45,45,18,78,78,53,72,65,65,65,65,35,35,25,0],"gold":231,"neow_bonus":"THREE_ENEMY_KILL","is_prod":false,"is_daily":false,"chose_seed":false,"campfire_upgraded":5,"win_rate":0,"timestamp":1560662242,"path_taken":["M","?","?","M","?","R","M","R","T","?","R","?","E","$","R","BOSS","M","?","M","?","M","R","M","E"],"build_version":"2019-01-23","purchased_purges":0,"victory":false,"max_hp_per_floor":[71,71,71,71,71,71,71,71,71,71,71,71,71,78,78,78,78,78,78,78,78,78,78,78,78],"card_choices":[{"not_picked":["Redo","Cold Snap"],"picked":"Ball Lightning","floor":1.0},{"not_picked":["Steam","Rebound","Conserve Battery"],"picked":"SKIP","floor":4.0},{"not_picked":["BootSequence","Turbo"],"picked":"Consume","floor":5.0},{"not_picked":["Ball Lightning","Rebound"],"picked":"Glacier","floor":7.0},{"not_picked":["Cold Snap","Barrage","Conserve Battery"],"picked":"SKIP","floor":12.0},{"not_picked":["Creative AI","Chaos"],"picked":"Rainbow","floor":13.0},{"not_picked":["Force Field","Reinforced Body","Go for the Eyes"],"picked":"SKIP","floor":18.0},{"not_picked":["White Noise","Gash+1"],"picked":"Hologram","floor":20.0},{"not_picked":["Hologram+1","Cold Snap","Streamline"],"picked":"SKIP","floor":22.0},{"not_picked":["Redo","Glacier"],"picked":"Coolheaded","floor":24.0}],"player_experience":994774,"relics_obtained":[{"floor":9.0,"key":"Thread and Needle"},{"floor":13.0,"key":"Incense Burner"}],"event_choices":[{"damage_healed":0.0,"max_hp_gain":0.0,"max_hp_loss":0.0,"gold_gain":75.0,"event_name":"World of Goop","player_choice":"Gather Gold","floor":2.0,"gold_loss":0.0,"damage_taken":11.0},{"damage_healed":0.0,"max_hp_gain":0.0,"max_hp_loss":0.0,"gold_gain":0.0,"event_name":"Living Wall","player_choice":"Grow","floor":3.0,"gold_loss":0.0,"damage_taken":0.0,"cards_upgraded":["Zap"]},{"damage_healed":0.0,"max_hp_gain":0.0,"max_hp_loss":0.0,"gold_gain":0.0,"event_name":"Upgrade Shrine","player_choice":"Upgraded","floor":10.0,"gold_loss":0.0,"damage_taken":0.0,"cards_upgraded":["Ball Lightning"]}],"is_beta":false,"boss_relics":[{"not_picked":["Snecko Eye","Black Star"],"picked":"Astrolabe"}],"items_purged_floors":[],"is_endless":false,"potions_floor_spawned":[7,12,13,16,18,22],"killed_by":"theJungle:Cassacara","ascension_level":20}