{"gold_per_floor":[117,130,146,31,31,31,374,374,374,398,398,423,441,475,475,573,573,591,576,576],"floor_reached":20,"playtime":842,"items_purged":["Strike_G"],"score":353,"play_id":"62bbbd3a-918c-48d6-9ca0-04c0c05c3009","local_time":"20181112181754","is_ascension_mode":true,"campfire_choices":[{"data":"Skewer","floor":6.0,"key":"SMITH"},{"data":"Doppelganger","floor":11.0,"key":"SMITH"},{"data":"Blade Dance","floor":15.0,"key":"SMITH"}],"neow_cost":"NONE","seed_source_timestamp":4349219559476,"circlet_count":0,"master_deck":["AscendersBane","Defend_G","Defend_G","Defend_G","Defend_G","Defend_G","Strike_G","Strike_G","Strike_G","Strike_G","Survivor","Neutralize","Die Die Die","Masterful Stab","Well Laid Plans","Skewer+1","Doppelganger+1","Blade Dance+1","Malaise","Dash"],"special_seed":0,"relics":["Ring of the Snake","Golden Idol","Old Coin","Kunai","Unceasing Top","White Beast Statue"],"potions_floor_usage":[20],"damage_taken":[{"damage":4.0,"enemies":"Small Slimes","floor":1.0,"turns":4.0},{"damage":0.0,"enemies":"Jaw Worm","floor":2.0,"turns":4.0},{"damage":0.0,"enemies":"Cultist","floor":3.0,"turns":3.0},{"damage":10.0,"enemies":"3 Sentries","floor":7.0,"turns":6.0},{"damage":1.0,"enemies":"Exordium Wildlife","floor":10.0,"turns":3.0},{"damage":4.0,"enemies":"Red Slaver","floor":12.0,"turns":2.0},{"damage":8.0,"enemies":"3 Louse","floor":13.0,"turns":2.0},{"damage":20.0,"enemies":"Lagavulin","floor":14.0,"turns":6.0},{"damage":8.0,"enemies":"The Guardian","floor":16.0,"turns":16.0},{"damage":10.0,"enemies":"3 Byrds","floor":18.0,"turns":7.0},{"damage":19.0,"enemies":"2 Thieves","floor":19.0,"turns":4.0},{"damage":17,"enemies":"Shelled Parasite and Fungi","floor":20,"turns":4}],"seed_played":"-7301385771812326896","potions_obtained":[{"floor":1.0,"key":"SkillPotion"},{"floor":3.0,"key":"Fire Potion"},{"floor":16.0,"key":"EssenceOfSteel"},{"floor":18.0,"key":"SpeedPotion"},{"floor":19.0,"key":"LiquidBronze"}],"is_trial":false,"path_per_floor":["M","M","M","$","?","R","E","?","T","M","R","M","M","E","R","B",null,"M","M","M"],"character_chosen":"THE_SILENT","items_purchased":["Skewer"],"campfire_rested":0,"item_purchase_floors":[4],"current_hp_per_floor":[55,55,55,55,55,55,45,45,45,44,44,40,32,12,12,4,46,36,17,0],"gold":576,"neow_bonus":"ONE_RANDOM_RARE_CARD","is_prod":false,"is_daily":false,"chose_seed":false,"campfire_upgraded":3,"win_rate":0,"timestamp":1542017874,"path_taken":["M","M","M","$","?","R","E","?","T","M","R","M","M","E","R","BOSS","M","M","M"],"build_version":"2018-11-08","purchased_purges":1,"victory":false,"max_hp_per_floor":[66,66,66,66,60,60,60,60,60,60,60,60,60,60,60,60,60,60,60,60],"card_choices":[{"not_picked":["Concentrate","Prepared"],"picked":"Masterful Stab","floor":1.0},{"not_picked":["Slice","Quick Slash"],"picked":"Well Laid Plans","floor":2.0},{"not_picked":["Acrobatics","Dodge and Roll","Choke"],"picked":"SKIP","floor":3.0},{"not_picked":["Bane","Outmaneuver"],"picked":"Doppelganger","floor":7.0},{"not_picked":["Prepared","Backflip"],"picked":"Blade Dance","floor":10.0},{"not_picked":["Setup","Dagger Throw","Deadly Poison"],"picked":"SKIP","floor":12.0},{"not_picked":["Slice","Sucker Punch","Quick Slash"],"picked":"SKIP","floor":13.0},{"not_picked":["Deadly Poison","Deflect","Blade Dance"],"picked":"SKIP","floor":14.0},{"not_picked":["Grand Finale","Unload"],"picked":"Malaise","floor":16.0},{"not_picked":["Dagger Throw","Flechettes","Deadly Poison"],"picked":"SKIP","floor":18.0},{"not_picked":["Catalyst","Setup+1"],"picked":"Dash","floor":19.0}],"player_experience":536608,"relics_obtained":[{"floor":7.0,"key":"Old Coin"},{"floor":9.0,"key":"Kunai"},{"floor":14.0,"key":"Unceasing Top"}],"event_choices":[{"damage_healed":0.0,"max_hp_gain":0.0,"max_hp_loss":6.0,"gold_gain":0.0,"event_name":"Golden Idol","player_choice":"Lose Max HP","floor":5.0,"gold_loss":0.0,"damage_taken":0.0,"relics_obtained":["Golden Idol"]},{"damage_healed":0.0,"max_hp_gain":0.0,"max_hp_loss":0.0,"gold_gain":0.0,"event_name":"Scrap Ooze","player_choice":"Fled","floor":8.0,"gold_loss":0.0,"damage_taken":0.0}],"is_beta":true,"boss_relics":[{"not_picked":["HoveringKite","Busted Crown"],"picked":"White Beast Statue"}],"items_purged_floors":[4],"is_endless":false,"potions_floor_spawned":[1,3,10,13,16,18,19],"killed_by":"Shelled Parasite and Fungi","ascension_level":18}