{"gold_per_floor":[119,119,84,84,25,69,69,105,105,128,151,151,151,73,73,168,168,186,101,151,205,205,205],"floor_reached":23,"playtime":471,"items_purged":[],"score":486,"play_id":"96ec02ef-a588-4dbb-a8f8-2874aa52a96f","local_time":"20181124201242","is_ascension_mode":true,"campfire_choices":[{"data":"Deadly Poison","floor":7.0,"key":"SMITH"},{"data":"Bane","floor":15,"key":"SMITH"}],"neow_cost":"NONE","seed_source_timestamp":6394804206371,"circlet_count":0,"master_deck":["AscendersBane","Defend_G+1","Defend_G+1","Defend_G+1","Defend_G+1","Defend_G+1","Strike_G+1","Strike_G+1","Strike_G+1","Strike_G+1","Strike_G+1","Survivor","Neutralize","Deadly Poison+1","Bane+1","PiercingWail","Backflip","Noxious Fumes","Dash","Corpse Explosion","PiercingWail+1"],"special_seed":0,"relics":["Ring of the Snake","NeowsBlessing","Golden Idol","Boot","Turnip","Ancient Tea Set","Runic Pyramid","Mummified Hand","Juzu Bracelet"],"potions_floor_usage":[16],"damage_taken":[{"damage":0.0,"enemies":"Jaw Worm","floor":1.0,"turns":1.0},{"damage":0.0,"enemies":"Gremlin Nob","floor":6.0,"turns":1.0},{"damage":0.0,"enemies":"3 Sentries","floor":8.0,"turns":1.0},{"damage":0.0,"enemies":"2 Louse","floor":10.0,"turns":4.0},{"damage":7.0,"enemies":"Small Slimes","floor":11.0,"turns":3.0},{"damage":30,"enemies":"The Guardian","floor":16,"turns":10},{"damage":13,"enemies":"Shell Parasite","floor":18,"turns":7},{"damage":42,"enemies":"Gremlin Leader","floor":23,"turns":7}],"seed_played":"-5259734608178481797","potions_obtained":[{"floor":6.0,"key":"Strength Potion"},{"floor":11.0,"key":"SkillPotion"},{"floor":16,"key":"Dexterity Potion"}],"is_trial":false,"path_per_floor":["M","?","?","?","$","E","R","E","T","M","M","?","?","$","R","B",null,"M","?","?","T","?","E"],"character_chosen":"THE_SILENT","items_purchased":["Deadly Poison","Dash"],"campfire_rested":0,"item_purchase_floors":[5,14],"current_hp_per_floor":[59,39,55,55,55,55,55,55,55,55,48,48,53,53,53,23,55,42,42,42,42,42,0],"gold":205,"neow_bonus":"THREE_ENEMY_KILL","is_prod":false,"is_daily":false,"chose_seed":false,"campfire_upgraded":2,"win_rate":0,"timestamp":1543061562,"path_taken":["M","?","?","?","$","E","R","E","T","M","M","?","?","$","R","BOSS","M","?","?","?","?","E"],"build_version":"2018-11-15","purchased_purges":0,"victory":false,"max_hp_per_floor":[66,66,66,60,60,60,60,60,60,60,60,60,65,65,65,65,65,65,65,65,65,65,65],"card_choices":[{"not_picked":["PiercingWail","Cloak And Dagger","Poisoned Stab"],"picked":"SKIP","floor":1.0},{"not_picked":["Riddle With Holes","Escape Plan"],"picked":"Bane","floor":6.0},{"not_picked":["Concentrate","Deflect"],"picked":"PiercingWail","floor":8.0},{"not_picked":["Bane","Choke"],"picked":"Backflip","floor":10.0},{"not_picked":["PiercingWail","Acrobatics"],"picked":"Noxious Fumes","floor":11.0},{"not_picked":["Grand Finale","Wraith Form v2"],"picked":"Corpse Explosion","floor":16},{"not_picked":["Blur","Dash"],"picked":"PiercingWail+1","floor":18}],"player_experience":563715,"relics_obtained":[{"floor":6.0,"key":"Boot"},{"floor":8.0,"key":"Turnip"},{"floor":9.0,"key":"Ancient Tea Set"},{"floor":21,"key":"Juzu Bracelet"}],"event_choices":[{"damage_healed":0.0,"max_hp_gain":0.0,"max_hp_loss":0.0,"gold_gain":0.0,"event_name":"Shining Light","player_choice":"Entered Light","floor":2.0,"gold_loss":0.0,"damage_taken":20.0,"cards_upgraded":["Defend_G","Strike_G"]},{"damage_healed":16.0,"max_hp_gain":0.0,"max_hp_loss":0.0,"gold_gain":0.0,"event_name":"The Cleric","player_choice":"Healed","floor":3.0,"gold_loss":35.0,"damage_taken":0.0},{"damage_healed":0.0,"max_hp_gain":0.0,"max_hp_loss":6.0,"gold_gain":0.0,"event_name":"Golden Idol","player_choice":"Lose Max HP","floor":4.0,"gold_loss":0.0,"damage_taken":0.0,"relics_obtained":["Golden Idol"]},{"damage_healed":0,"gold_gain":0,"player_choice":"Searched \u00270\u0027 times","damage_taken":0,"max_hp_gain":0,"max_hp_loss":0,"event_name":"Dead Adventurer","floor":12,"gold_loss":0},{"damage_healed":0,"gold_gain":0,"player_choice":"Donut","damage_taken":0,"max_hp_gain":5,"max_hp_loss":0,"event_name":"Big Fish","floor":13,"gold_loss":0},{"damage_healed":0,"gold_gain":0,"player_choice":"Obtained Relic","damage_taken":0,"relics_obtained":["Mummified Hand"],"max_hp_gain":0,"max_hp_loss":0,"event_name":"Addict","floor":19,"gold_loss":85},{"damage_healed":0,"gold_gain":50,"player_choice":"Stole From Cult","damage_taken":0,"max_hp_gain":0,"max_hp_loss":0,"event_name":"Nest","floor":20,"gold_loss":0},{"damage_healed":0,"gold_gain":0,"player_choice":"Simplicity","damage_taken":0,"max_hp_gain":0,"max_hp_loss":0,"event_name":"Back to Basics","floor":22,"gold_loss":0,"cards_upgraded":["Defend_G","Defend_G","Defend_G","Defend_G","Strike_G","Strike_G","Strike_G","Strike_G"]}],"is_beta":true,"boss_relics":[{"not_picked":["Tiny House","Calling Bell"],"picked":"Runic Pyramid"}],"items_purged_floors":[],"is_endless":false,"potions_floor_spawned":[6,11,16],"killed_by":"Gremlin Leader","ascension_level":20}