{"gold_per_floor":[213,213,213,4,24,24,62,62,62,135,171,190,231,15,15,111,111,134,149,149,188,188,188,252,252,252,252,167,201,201,221,221,317,317,338,338,338,353,368,368,392,413,413,47,63,112,112],"floor_reached":47,"playtime":1877,"items_purged":["Strike_G","Clumsy"],"score":884,"play_id":"8a60341e-e8d4-414b-aff9-8cd49299bd4e","local_time":"20181116214149","is_ascension_mode":true,"campfire_choices":[{"data":"Noxious Fumes","floor":6.0,"key":"SMITH"},{"data":"Deadly Poison","floor":8.0,"key":"SMITH"},{"data":"Bane","floor":15.0,"key":"SMITH"},{"data":"Bullet Time","floor":23.0,"key":"SMITH"},{"floor":25.0,"key":"REST"},{"data":"Corpse Explosion","floor":27.0,"key":"SMITH"},{"floor":30.0,"key":"REST"},{"floor":32.0,"key":"REST"},{"floor":40.0,"key":"REST"}],"neow_cost":"NONE","seed_source_timestamp":0,"circlet_count":0,"master_deck":["AscendersBane","Defend_G","Defend_G","Defend_G","Defend_G","Survivor","Neutralize+1","Noxious Fumes+1","Deadly Poison+1","All Out Attack","Escape Plan","Bane+1","Masterful Stab","HandOfGreed+1","Bullet Time+1","Quick Slash+1","Corpse Explosion+1","Backflip","Dodge and Roll","Corpse Explosion+1","Bullet Time","PiercingWail","Terror","Deflect+1"],"special_seed":0,"relics":["Ring of the Snake","Golden Idol","Pocketwatch","Lantern","Unceasing Top","Dodecahedron","Sundial","Astrolabe","Girya","Potion Belt","Cursed Key","Toxic Egg 2","ClockworkSouvenir"],"potions_floor_usage":[47,47],"damage_taken":[{"damage":0.0,"enemies":"2 Louse","floor":1.0,"turns":3.0},{"damage":0.0,"enemies":"Jaw Worm","floor":5.0,"turns":4.0},{"damage":28.0,"enemies":"3 Sentries","floor":7.0,"turns":7.0},{"damage":6.0,"enemies":"Gremlin Nob","floor":10.0,"turns":3.0},{"damage":7.0,"enemies":"Lagavulin","floor":11.0,"turns":5.0},{"damage":0.0,"enemies":"Small Slimes","floor":12.0,"turns":2.0},{"damage":9.0,"enemies":"3 Sentries","floor":13.0,"turns":9.0},{"damage":2.0,"enemies":"Hexaghost","floor":16.0,"turns":7.0},{"damage":2.0,"enemies":"3 Byrds","floor":18.0,"turns":3.0},{"damage":0.0,"enemies":"Chosen","floor":19.0,"turns":3.0},{"damage":12.0,"enemies":"Snake Plant","floor":21.0,"turns":3.0},{"damage":13.0,"enemies":"Shelled Parasite and Fungi","floor":24.0,"turns":3.0},{"damage":30.0,"enemies":"Book of Stabbing","floor":29.0,"turns":5.0},{"damage":0.0,"enemies":"Snecko","floor":31.0,"turns":3.0},{"damage":31.0,"enemies":"Champ","floor":33.0,"turns":10.0},{"damage":17.0,"enemies":"3 Darklings","floor":35.0,"turns":2.0},{"damage":0.0,"enemies":"3 Shapes","floor":38.0,"turns":1.0},{"damage":21.0,"enemies":"Writhing Mass","floor":39.0,"turns":6.0},{"damage":10.0,"enemies":"Spire Growth","floor":41.0,"turns":4.0},{"damage":0.0,"enemies":"Jaw Worm Horde","floor":42.0,"turns":2.0},{"damage":12,"enemies":"3 Darklings","floor":45,"turns":3},{"damage":0,"enemies":"4 Shapes","floor":46,"turns":4},{"damage":33,"enemies":"Giant Head","floor":47,"turns":5}],"seed_played":"-3094867621996824567","potions_obtained":[{"floor":1.0,"key":"Fire Potion"},{"floor":7.0,"key":"FearPotion"},{"floor":12.0,"key":"FearPotion"},{"floor":16.0,"key":"PowerPotion"},{"floor":21.0,"key":"SpeedPotion"},{"floor":29.0,"key":"AttackPotion"},{"floor":31.0,"key":"PowerPotion"},{"floor":39.0,"key":"SpeedPotion"},{"floor":45,"key":"Poison Potion"}],"is_trial":false,"path_per_floor":["M","?","?","$","M","R","E","R","T","?","E","M","E","$","R","B",null,"M","M","?","M","?","R","M","R","T","R","?","E","R","M","R","B",null,"M","?","?","M","M","R","M","M","T","$","M","M","E"],"character_chosen":"THE_SILENT","items_purchased":["Noxious Fumes","Deadly Poison","HandOfGreed","ClockworkSouvenir","SkillPotion"],"campfire_rested":4,"item_purchase_floors":[4,4,14,44,44],"current_hp_per_floor":[59,59,59,59,59,59,31,31,31,25,18,18,9,9,9,7,47,45,45,45,33,33,33,20,38,38,38,38,8,26,26,44,13,48,31,31,31,31,10,28,18,18,18,18,6,6,0],"gold":112,"neow_bonus":"HUNDRED_GOLD","is_prod":false,"is_daily":false,"chose_seed":false,"campfire_upgraded":5,"win_rate":0,"timestamp":1542375709,"path_taken":["M","?","?","?","M","R","E","R","T","?","E","?","E","?","R","BOSS","M","M","?","?","?","R","M","R","T","R","?","E","R","M","R","BOSS","M","?","?","M","?","R","?","M","T","$","M","M","E"],"build_version":"2018-11-15","purchased_purges":2,"victory":false,"max_hp_per_floor":[66,66,60,60,60,60,60,60,60,60,60,60,60,60,60,60,60,60,60,60,60,60,60,60,60,60,60,60,60,60,60,60,60,60,60,60,60,60,60,60,60,60,60,60,60,60,60],"card_choices":[{"not_picked":["Heel Hook","Dodge and Roll","Underhanded Strike"],"picked":"SKIP","floor":1.0},{"not_picked":["Acrobatics","Slice"],"picked":"All Out Attack","floor":5.0},{"not_picked":["Outmaneuver","Dagger Throw"],"picked":"Escape Plan","floor":7.0},{"not_picked":["Heel Hook","Cloak And Dagger"],"picked":"Bane","floor":11.0},{"not_picked":["Flechettes","Acrobatics","Slice"],"picked":"SKIP","floor":12.0},{"not_picked":["Dodge and Roll","Finisher"],"picked":"Masterful Stab","floor":13.0},{"not_picked":["Phantasmal Killer","Envenom"],"picked":"Bullet Time","floor":16.0},{"not_picked":["Dagger Throw","Bane","Flechettes"],"picked":"SKIP","floor":18.0},{"not_picked":["Underhanded Strike","Bane","Dodge and Roll"],"picked":"SKIP","floor":19.0},{"not_picked":["Slice","Flying Knee"],"picked":"Backflip","floor":21.0},{"not_picked":["Quick Slash","Bane","Prepared+1"],"picked":"SKIP","floor":24.0},{"not_picked":["Tactician","Wraith Form v2","Backflip"],"picked":"SKIP","floor":29.0},{"not_picked":["Backstab+1","Setup","Deadly Poison"],"picked":"SKIP","floor":31.0},{"not_picked":["A Thousand Cuts","Glass Knife"],"picked":"Bullet Time","floor":33.0},{"not_picked":["Finisher+1","Prepared"],"picked":"PiercingWail","floor":35.0},{"not_picked":["PiercingWail","Flechettes+1","Quick Slash"],"picked":"SKIP","floor":38.0},{"not_picked":["PiercingWail","Underhanded Strike"],"picked":"Terror","floor":39.0},{"not_picked":["Deadly Poison","Flying Knee","Dagger Throw"],"picked":"SKIP","floor":41.0},{"not_picked":["Outmaneuver+1","Cloak And Dagger","Blade Dance+1"],"picked":"SKIP","floor":42.0},{"not_picked":["Tactician+1","Heel Hook+1","Escape Plan+1"],"picked":"SKIP","floor":45},{"not_picked":["Bouncing Flask+1","After Image"],"picked":"Deflect+1","floor":46}],"player_experience":542115,"relics_obtained":[{"floor":7.0,"key":"Pocketwatch"},{"floor":9.0,"key":"Lantern"},{"floor":10.0,"key":"Unceasing Top"},{"floor":11.0,"key":"Dodecahedron"},{"floor":13.0,"key":"Sundial"},{"floor":29.0,"key":"Potion Belt"},{"floor":43.0,"key":"Toxic Egg 2"}],"event_choices":[{"damage_healed":0.0,"max_hp_gain":0.0,"max_hp_loss":0.0,"gold_gain":0.0,"event_name":"Living Wall","player_choice":"Grow","floor":2.0,"gold_loss":0.0,"damage_taken":0.0,"cards_upgraded":["Neutralize"]},{"damage_healed":0.0,"max_hp_gain":0.0,"max_hp_loss":6.0,"gold_gain":0.0,"event_name":"Golden Idol","player_choice":"Lose Max HP","floor":3.0,"gold_loss":0.0,"damage_taken":0.0,"relics_obtained":["Golden Idol"]},{"damage_healed":0.0,"max_hp_gain":0.0,"max_hp_loss":0.0,"gold_gain":30.0,"event_name":"Dead Adventurer","player_choice":"Searched \u00272\u0027 times","floor":10.0,"gold_loss":0.0,"damage_taken":0.0},{"damage_healed":0.0,"max_hp_gain":0.0,"max_hp_loss":0.0,"gold_gain":0.0,"event_name":"Accursed Blacksmith","player_choice":"Forge","floor":20.0,"gold_loss":0.0,"damage_taken":0.0,"cards_upgraded":["HandOfGreed"]},{"damage_healed":0.0,"max_hp_gain":0.0,"max_hp_loss":0.0,"gold_gain":0.0,"cards_transformed":["Strike_G","Strike_G"],"event_name":"Drug Dealer","player_choice":"Became Test Subject","floor":22.0,"gold_loss":0.0,"damage_taken":0.0,"cards_obtained":["Dodge and Roll","Corpse Explosion"]},{"damage_healed":0.0,"max_hp_gain":0.0,"max_hp_loss":0.0,"gold_gain":0.0,"event_name":"Addict","player_choice":"Obtained Relic","floor":28.0,"gold_loss":85.0,"damage_taken":0.0,"relics_obtained":["Girya"]},{"damage_healed":0.0,"max_hp_gain":0.0,"max_hp_loss":0.0,"gold_gain":0.0,"event_name":"Mysterious Sphere","player_choice":"Ignored","floor":36.0,"gold_loss":0.0,"damage_taken":0.0},{"cards_removed":["Slice"],"damage_healed":0.0,"max_hp_gain":0.0,"max_hp_loss":0.0,"gold_gain":0.0,"event_name":"Purifier","player_choice":"Purged","floor":37.0,"gold_loss":0.0,"damage_taken":0.0}],"is_beta":true,"boss_relics":[{"not_picked":["Tiny House","Lizard Tail"],"picked":"Astrolabe"},{"not_picked":["Philosopher\u0027s Stone","Orrery"],"picked":"Cursed Key"}],"items_purged_floors":[4,44],"is_endless":false,"potions_floor_spawned":[1,7,12,16,21,29,31,39,45],"killed_by":"Giant Head","ascension_level":18}