{"gold_per_floor":[117,117,42,42,67,106,106,106,129,143,187,202,252,265,265,358,358,374,390,411,426,426,426,426,464,464,484,484],"floor_reached":28,"playtime":800,"items_purged":["Shame"],"score":550,"play_id":"80ea7b89-ad53-4ebb-9783-66e68303a6ff","local_time":"20181104181636","is_ascension_mode":true,"campfire_choices":[{"data":"Sunder","floor":7.0,"key":"SMITH"},{"data":"Go for the Eyes","floor":15.0,"key":"SMITH"},{"data":"Beam Cell","floor":23.0,"key":"SMITH"}],"neow_cost":"CURSE","seed_source_timestamp":25104066158211,"circlet_count":0,"master_deck":["AscendersBane","Strike_B","Strike_B","Strike_B","Defend_B","Defend_B","Defend_B","Defend_B","Zap","Dualcast+1","Hyperbeam+1","Go for the Eyes+1","Leap+1","Sunder+1","Auto Shields","Core Surge","Undo","Glacier","Beam Cell+1","Fusion","Steam+1","Darkness"],"special_seed":0,"relics":["Cracked Core","Golden Idol","Lantern","War Paint","Strawberry","Cursed Key","Centennial Puzzle"],"potions_floor_usage":[28,28],"damage_taken":[{"damage":7.0,"enemies":"Jaw Worm","floor":1.0,"turns":2.0},{"damage":0.0,"enemies":"Small Slimes","floor":5.0,"turns":2.0},{"damage":15.0,"enemies":"3 Sentries","floor":6.0,"turns":5.0},{"damage":0.0,"enemies":"Cultist","floor":10.0,"turns":2.0},{"damage":0.0,"enemies":"Gremlin Nob","floor":11.0,"turns":2.0},{"damage":0.0,"enemies":"Exordium Wildlife","floor":12.0,"turns":1.0},{"damage":0.0,"enemies":"Gremlin Gang","floor":14.0,"turns":3.0},{"damage":31.0,"enemies":"The Guardian","floor":16.0,"turns":15.0},{"damage":9.0,"enemies":"2 Thieves","floor":18.0,"turns":4.0},{"damage":5.0,"enemies":"Shell Parasite","floor":19.0,"turns":3.0},{"damage":15.0,"enemies":"Cultist and Chosen","floor":20.0,"turns":6.0},{"damage":0.0,"enemies":"3 Cultists","floor":21.0,"turns":4.0},{"damage":35.0,"enemies":"Book of Stabbing","floor":25.0,"turns":5.0},{"damage":3.0,"enemies":"Centurion and Healer","floor":27.0,"turns":6.0},{"damage":8,"enemies":"Snake Plant","floor":28,"turns":2}],"seed_played":"7809957605298615724","potions_obtained":[{"floor":11.0,"key":"Strength Potion"},{"floor":12.0,"key":"FocusPotion"},{"floor":20.0,"key":"Fruit Juice"},{"floor":21.0,"key":"Weak Potion"},{"floor":27.0,"key":"Swift Potion"}],"is_trial":false,"path_per_floor":["M","?","$","?","M","E","R","?","T","M","E","M","?","M","R","B",null,"M","M","M","M","?","R","?","E","T","M","M"],"character_chosen":"DEFECT","items_purchased":[],"campfire_rested":0,"item_purchase_floors":[],"current_hp_per_floor":[57,62,62,62,62,47,47,47,47,47,54,54,54,54,54,23,63,54,49,34,39,39,39,39,4,4,1,0],"gold":484,"neow_bonus":"THREE_RARE_CARDS","is_prod":false,"is_daily":false,"chose_seed":false,"campfire_upgraded":3,"win_rate":0,"timestamp":1541326596,"path_taken":["M","?","$","?","M","E","R","?","T","?","E","M","?","M","R","BOSS","M","M","?","M","?","R","?","E","T","M","?"],"build_version":"2018-11-02","purchased_purges":1,"victory":false,"max_hp_per_floor":[71,76,76,69,69,69,69,69,69,69,76,76,76,76,76,76,76,76,76,76,81,81,81,81,81,81,81,81],"card_choices":[{"not_picked":["Biased Cognition","Machine Learning"],"picked":"Hyperbeam","floor":0.0},{"not_picked":["Consume","Chill"],"picked":"Go for the Eyes","floor":1.0},{"not_picked":["Coolheaded","Steam"],"picked":"Leap","floor":5.0},{"not_picked":["Compile Driver","Redo"],"picked":"Sunder","floor":6.0},{"not_picked":["Darkness","Turbo","Ball Lightning"],"picked":"SKIP","floor":10.0},{"not_picked":["Redo","Storm","Doom and Gloom"],"picked":"SKIP","floor":11.0},{"not_picked":["Rebound","Chill"],"picked":"Auto Shields","floor":12.0},{"not_picked":["Scrape","Turbo","Sweeping Beam"],"picked":"SKIP","floor":14.0},{"not_picked":["Amplify","Buffer"],"picked":"Core Surge","floor":16.0},{"not_picked":["Turbo","Hologram"],"picked":"Undo","floor":18.0},{"not_picked":["Compile Driver","Rebound+1"],"picked":"Glacier","floor":19.0},{"not_picked":["Rebound","Compile Driver","Sweeping Beam"],"picked":"SKIP","floor":20.0},{"not_picked":["Compile Driver+1","Redo"],"picked":"Beam Cell","floor":21.0},{"not_picked":["Coolheaded","Scrape"],"picked":"Steam+1","floor":25.0},{"not_picked":["Force Field","Beam Cell"],"picked":"Darkness","floor":27.0}],"player_experience":499309,"relics_obtained":[{"floor":6.0,"key":"Lantern"},{"floor":9.0,"key":"War Paint"},{"floor":11.0,"key":"Strawberry"},{"floor":25.0,"key":"Centennial Puzzle"}],"event_choices":[{"damage_healed":0.0,"max_hp_gain":5.0,"max_hp_loss":0.0,"gold_gain":0.0,"event_name":"Big Fish","player_choice":"Donut","floor":2.0,"gold_loss":0.0,"damage_taken":0.0},{"damage_healed":0.0,"max_hp_gain":0.0,"max_hp_loss":7.0,"gold_gain":0.0,"event_name":"Golden Idol","player_choice":"Lose Max HP","floor":4.0,"gold_loss":0.0,"damage_taken":0.0,"relics_obtained":["Golden Idol"]},{"damage_healed":0.0,"max_hp_gain":0.0,"max_hp_loss":0.0,"gold_gain":0.0,"event_name":"Accursed Blacksmith","player_choice":"Forge","floor":8.0,"gold_loss":0.0,"damage_taken":0.0,"cards_upgraded":["Hyperbeam"]},{"damage_healed":0.0,"max_hp_gain":0.0,"max_hp_loss":0.0,"gold_gain":50.0,"event_name":"Golden Shrine","player_choice":"Pray","floor":13.0,"gold_loss":0.0,"damage_taken":0.0},{"damage_healed":0.0,"max_hp_gain":0.0,"max_hp_loss":0.0,"gold_gain":0.0,"event_name":"The Mausoleum","player_choice":"Ignored","floor":22.0,"gold_loss":0.0,"damage_taken":0.0},{"damage_healed":0.0,"max_hp_gain":0.0,"max_hp_loss":0.0,"gold_gain":0.0,"cards_transformed":["Strike_B"],"event_name":"Transmorgrifier","player_choice":"Transformed","floor":24.0,"gold_loss":0.0,"damage_taken":0.0,"cards_obtained":["Fusion"]}],"is_beta":true,"boss_relics":[{"not_picked":["Eternal Feather","Black Star"],"picked":"Cursed Key"}],"items_purged_floors":[3],"is_endless":false,"potions_floor_spawned":[11,12,18,20,21,27],"killed_by":"Snake Plant","ascension_level":20}