{"gold_per_floor":[111,128,53,53,53,82,99,99,148,61,79,79,79,79,79,154,154,169,81,93,120,80,80,99,99,126,126],"floor_reached":27,"playtime":750,"items_purged":["Strike_G"],"score":492,"play_id":"6caac885-6141-4a82-b06d-ea55df33adaf","local_time":"20181118121202","is_ascension_mode":true,"campfire_choices":[{"data":"Neutralize","floor":8.0,"key":"SMITH"},{"data":"Burst","floor":13.0,"key":"SMITH"},{"data":"Footwork","floor":15.0,"key":"SMITH"},{"data":"Noxious Fumes","floor":23.0,"key":"SMITH"},{"floor":25,"key":"REST"}],"neow_cost":"NONE","seed_source_timestamp":0,"circlet_count":0,"master_deck":["AscendersBane","Defend_G","Defend_G","Defend_G","Defend_G","Defend_G","Strike_G","Strike_G","Strike_G","Strike_G","Survivor","Neutralize+1","Dagger Spray","Dash","Burst+1","Neutralize+1","Die Die Die","Footwork+1","Masterful Stab","Corpse Explosion","Noxious Fumes+1","Footwork","Bane"],"special_seed":0,"relics":["Ring of the Snake","NeowsBlessing","Pen Nib","Bottled Flame","Ancient Tea Set","Philosopher\u0027s Stone","Red Mask","Oddly Smooth Stone"],"potions_floor_usage":[24],"damage_taken":[{"damage":0.0,"enemies":"Cultist","floor":1.0,"turns":1.0},{"damage":0.0,"enemies":"2 Louse","floor":2.0,"turns":1.0},{"damage":0.0,"enemies":"3 Sentries","floor":6.0,"turns":1.0},{"damage":4.0,"enemies":"Jaw Worm","floor":7.0,"turns":4.0},{"damage":0.0,"enemies":"Blue Slaver","floor":11.0,"turns":2.0},{"damage":32.0,"enemies":"Slime Boss","floor":16.0,"turns":12.0},{"damage":26.0,"enemies":"2 Thieves","floor":18.0,"turns":3.0},{"damage":4.0,"enemies":"Chosen","floor":20.0,"turns":7.0},{"damage":0.0,"enemies":"Masked Bandits","floor":21.0,"turns":2.0},{"damage":8,"enemies":"Snecko","floor":24,"turns":5},{"damage":45,"enemies":"Book of Stabbing","floor":27,"turns":4}],"seed_played":"4207942770649767769","potions_obtained":[{"floor":2.0,"key":"AttackPotion"},{"floor":7.0,"key":"Block Potion"},{"floor":16.0,"key":"Energy Potion"},{"floor":20.0,"key":"SpeedPotion"},{"floor":22.0,"key":"AttackPotion"}],"is_trial":false,"path_per_floor":["M","M","$","?","?","E","M","R","T","$","M","?","R","?","R","B",null,"M","$","M","?","?","R","M","R","T","E"],"character_chosen":"THE_SILENT","items_purchased":["Footwork","Noxious Fumes"],"campfire_rested":1,"item_purchase_floors":[10,19],"current_hp_per_floor":[59,59,59,54,54,54,50,50,50,50,50,50,50,55,55,23,59,33,33,29,29,29,29,21,42,42,0],"gold":126,"neow_bonus":"THREE_ENEMY_KILL","is_prod":false,"is_daily":false,"chose_seed":false,"campfire_upgraded":4,"win_rate":0,"timestamp":1542514322,"path_taken":["M","M","$","?","?","E","?","R","T","$","M","?","R","?","R","BOSS","M","$","M","?","?","R","?","R","T","E"],"build_version":"2018-11-15","purchased_purges":1,"victory":false,"max_hp_per_floor":[66,66,66,66,66,66,66,66,66,66,66,66,66,71,71,71,71,71,71,71,71,71,71,71,71,71,71],"card_choices":[{"not_picked":["Sucker Punch","Deflect"],"picked":"Dagger Spray","floor":1.0},{"not_picked":["Poisoned Stab","Predator"],"picked":"Dash","floor":2.0},{"not_picked":["Caltrops","Backflip"],"picked":"Die Die Die","floor":6.0},{"not_picked":["Bane","Backflip","Prepared"],"picked":"SKIP","floor":7.0},{"not_picked":["Concentrate","Acrobatics"],"picked":"Masterful Stab","floor":11.0},{"not_picked":["Burst","Die Die Die"],"picked":"Corpse Explosion","floor":16.0},{"not_picked":["Quick Slash","Masterful Stab","Sucker Punch"],"picked":"SKIP","floor":18.0},{"not_picked":["Quick Slash","Choke"],"picked":"Footwork","floor":20.0},{"not_picked":["Dagger Throw","Outmaneuver"],"picked":"Bane","floor":21.0},{"not_picked":["Dodge and Roll","Underhanded Strike","Tactician"],"picked":"SKIP","floor":24}],"player_experience":548662,"relics_obtained":[{"floor":6.0,"key":"Bottled Flame"},{"floor":9.0,"key":"Ancient Tea Set"},{"floor":21.0,"key":"Red Mask"},{"floor":26,"key":"Oddly Smooth Stone"}],"event_choices":[{"damage_healed":0.0,"max_hp_gain":0.0,"max_hp_loss":0.0,"gold_gain":0.0,"event_name":"Scrap Ooze","player_choice":"Success","floor":4.0,"gold_loss":0.0,"damage_taken":5.0,"relics_obtained":["Pen Nib"]},{"damage_healed":0.0,"max_hp_gain":0.0,"max_hp_loss":0.0,"gold_gain":0.0,"event_name":"Match and Keep!","player_choice":"2 cards matched","floor":5.0,"gold_loss":0.0,"damage_taken":0.0,"cards_obtained":["Burst","Neutralize"]},{"damage_healed":0.0,"max_hp_gain":0.0,"max_hp_loss":0.0,"gold_gain":0.0,"event_name":"Living Wall","player_choice":"Grow","floor":12.0,"gold_loss":0.0,"damage_taken":0.0,"cards_upgraded":["Neutralize"]},{"damage_healed":0.0,"max_hp_gain":5.0,"max_hp_loss":0.0,"gold_gain":0.0,"event_name":"Big Fish","player_choice":"Donut","floor":14.0,"gold_loss":0.0,"damage_taken":0.0},{"damage_healed":0.0,"max_hp_gain":0.0,"max_hp_loss":0.0,"gold_gain":0.0,"event_name":"Masked Bandits","player_choice":"Fought Bandits","floor":21.0,"gold_loss":0.0,"damage_taken":0.0},{"damage_healed":0.0,"max_hp_gain":0.0,"max_hp_loss":0.0,"gold_gain":0.0,"event_name":"The Woman in Blue","player_choice":"Bought 3 Potions","floor":22.0,"gold_loss":0.0,"damage_taken":0.0}],"is_beta":true,"boss_relics":[{"not_picked":["Ectoplasm","Empty Cage"],"picked":"Philosopher\u0027s Stone"}],"items_purged_floors":[3],"is_endless":false,"potions_floor_spawned":[2,7,16,20],"killed_by":"Book of Stabbing","ascension_level":18}