{"gold_per_floor":[117,128,203,220,170,197,197,207,232,232,264,264,293,306,306,306],"floor_reached":16,"playtime":534,"items_purged":[],"score":186,"play_id":"591676f2-71a6-45b8-bab2-b397afe75657","local_time":"20181113224117","is_ascension_mode":true,"campfire_choices":[{"data":"Feed","floor":10.0,"key":"SMITH"},{"data":"Perfected Strike","floor":12.0,"key":"SMITH"},{"data":"Double Tap","floor":15.0,"key":"SMITH"}],"neow_cost":"TEN_PERCENT_HP_LOSS","seed_source_timestamp":543238620422,"circlet_count":0,"master_deck":["AscendersBane","Strike_R","Strike_R","Strike_R","Strike_R","Strike_R","Defend_R","Defend_R","Defend_R","Bash","PanicButton","Forethought","Anger","Twin Strike","Perfected Strike+1","Feed+1","Pommel Strike","Perfected Strike+1","Double Tap+1"],"special_seed":0,"relics":["Burning Blood","Oddly Smooth Stone","Bag of Marbles","Vajra","Blood Vial"],"potions_floor_usage":[],"damage_taken":[{"damage":7.0,"enemies":"Jaw Worm","floor":1.0,"turns":4.0},{"damage":4.0,"enemies":"Small Slimes","floor":2.0,"turns":4.0},{"damage":4.0,"enemies":"2 Louse","floor":4.0,"turns":3.0},{"damage":15.0,"enemies":"3 Sentries","floor":6.0,"turns":7.0},{"damage":21.0,"enemies":"Exordium Thugs","floor":8.0,"turns":4.0},{"damage":20.0,"enemies":"Lagavulin","floor":11.0,"turns":4.0},{"damage":29.0,"enemies":"Gremlin Nob","floor":13.0,"turns":4.0},{"damage":7.0,"enemies":"Blue Slaver","floor":14.0,"turns":2.0},{"damage":20,"enemies":"Hexaghost","floor":16,"turns":5}],"seed_played":"-2262380480686282680","potions_obtained":[{"floor":4.0,"key":"Strength Potion"},{"floor":11.0,"key":"Strength Potion"}],"is_trial":false,"path_per_floor":["M","M","?","M","?","E","?","M","T","R","E","R","E","M","R","B"],"character_chosen":"IRONCLAD","items_purchased":[],"campfire_rested":0,"item_purchase_floors":[],"current_hp_per_floor":[71,72,61,63,63,54,54,42,42,42,32,32,13,14,14,0],"gold":306,"neow_bonus":"RANDOM_COLORLESS_2","is_prod":false,"is_daily":false,"chose_seed":false,"campfire_upgraded":3,"win_rate":0,"timestamp":1542120077,"path_taken":["M","M","?","M","?","E","?","?","T","R","E","R","E","M","R","BOSS"],"build_version":"2018-11-12","purchased_purges":0,"victory":false,"max_hp_per_floor":[72,72,72,72,72,72,72,75,75,75,79,79,83,83,83,83],"card_choices":[{"not_picked":["Dropkick","Havoc"],"picked":"Anger","floor":1.0},{"not_picked":["Pommel Strike","Bloodletting"],"picked":"Twin Strike","floor":2.0},{"not_picked":["True Grit","Battle Trance"],"picked":"Perfected Strike","floor":4.0},{"not_picked":["Flex","Havoc"],"picked":"Feed","floor":6.0},{"not_picked":["Clash","Entrench"],"picked":"Pommel Strike","floor":8.0},{"not_picked":["Body Slam","Feel No Pain"],"picked":"Perfected Strike","floor":11.0},{"not_picked":["Anger","Headbutt"],"picked":"Double Tap","floor":13.0},{"not_picked":["Pommel Strike","Carnage","Sword Boomerang"],"picked":"SKIP","floor":14.0}],"player_experience":537658,"relics_obtained":[{"floor":6.0,"key":"Oddly Smooth Stone"},{"floor":9.0,"key":"Bag of Marbles"},{"floor":11.0,"key":"Vajra"},{"floor":13.0,"key":"Blood Vial"}],"event_choices":[{"damage_healed":0.0,"max_hp_gain":0.0,"max_hp_loss":0.0,"gold_gain":75.0,"event_name":"World of Goop","player_choice":"Gather Gold","floor":3.0,"gold_loss":0.0,"damage_taken":11.0},{"cards_removed":["Defend_R"],"damage_healed":0.0,"max_hp_gain":0.0,"max_hp_loss":0.0,"gold_gain":0.0,"event_name":"The Cleric","player_choice":"Card Removal","floor":5.0,"gold_loss":50.0,"damage_taken":0.0},{"damage_healed":0.0,"max_hp_gain":0.0,"max_hp_loss":0.0,"gold_gain":0.0,"event_name":"Upgrade Shrine","player_choice":"Upgraded","floor":7.0,"gold_loss":0.0,"damage_taken":0.0,"cards_upgraded":["Perfected Strike"]}],"is_beta":true,"boss_relics":[],"items_purged_floors":[],"is_endless":false,"potions_floor_spawned":[4,11,14],"killed_by":"Hexaghost","ascension_level":11}