{"gold_per_floor":[109,109,128,144,157,157,186,196,196,222,197,197,27,77,77,77],"floor_reached":16,"playtime":504,"items_purged":[],"score":140,"play_id":"85ba0bab-125b-43eb-9045-e78f1ed82feb","local_time":"20180721102237","is_ascension_mode":true,"campfire_choices":[{"floor":6.0,"key":"REST"},{"floor":15,"key":"REST"}],"neow_cost":"NONE","seed_source_timestamp":6200103274182,"circlet_count":0,"master_deck":["Strike_B","Strike_B","Strike_B","Strike_B","Defend_B","Defend_B","Defend_B","Defend_B","Zap","Dualcast","Doom and Gloom","Loop+1","Hello World","Conserve Battery","Conserve Battery","Echo Form","FTL","Core Surge","Turbo","Turbo"],"special_seed":0,"relics":["Cracked Core","Potion Belt","Ornamental Fan","Calipers","SsserpentHead","Runic Capacitor"],"potions_floor_usage":[],"damage_taken":[{"damage":9.0,"enemies":"Small Slimes","floor":1.0,"turns":4.0},{"damage":1.0,"enemies":"Cultist","floor":3.0,"turns":3.0},{"damage":4.0,"enemies":"Jaw Worm","floor":4.0,"turns":4.0},{"damage":21.0,"enemies":"Lots of Slimes","floor":5.0,"turns":3.0},{"damage":18.0,"enemies":"Lagavulin","floor":7.0,"turns":6.0},{"damage":0.0,"enemies":"Large Slime","floor":8.0,"turns":5.0},{"damage":28.0,"enemies":"Gremlin Nob","floor":10.0,"turns":4.0},{"damage":15.0,"enemies":"Exordium Thugs","floor":11.0,"turns":5.0},{"damage":31,"enemies":"Slime Boss","floor":16,"turns":3}],"seed_played":"1975677068823612789","potions_obtained":[{"floor":1.0,"key":"PowerPotion"},{"floor":4.0,"key":"GamblersBrew"},{"floor":7.0,"key":"GamblersBrew"}],"is_trial":false,"path_per_floor":["M","?","M","M","M","R","E","M","T","E","M","?","$","?","R"],"character_chosen":"DEFECT","items_purchased":["Runic Capacitor","Turbo"],"campfire_rested":2,"item_purchase_floors":[13,13],"current_hp_per_floor":[66,66,65,61,40,62,44,44,44,16,1,1,1,1,23,0],"gold":77,"neow_bonus":"THREE_CARDS","is_prod":false,"is_daily":false,"chose_seed":false,"campfire_upgraded":0,"win_rate":0,"timestamp":1532139757,"path_taken":["M","?","M","M","?","R","E","M","T","E","M","?","?","?","R","BOSS"],"build_version":"2018-07-19v2","purchased_purges":0,"victory":false,"max_hp_per_floor":[75,75,75,75,75,75,75,75,75,75,75,75,75,75,75,75],"card_choices":[{"not_picked":["Fusion","Hologram"],"picked":"Doom and Gloom","floor":0.0},{"not_picked":["Barrage","Stack"],"picked":"Loop","floor":1.0},{"not_picked":["Hologram","Undo"],"picked":"Hello World","floor":3.0},{"not_picked":["Beam Cell","Aggregate"],"picked":"Conserve Battery","floor":4.0},{"not_picked":["Coolheaded","Double Energy"],"picked":"Conserve Battery","floor":5.0},{"not_picked":["Gash","Aggregate"],"picked":"Echo Form","floor":7.0},{"not_picked":["Beam Cell","Gash"],"picked":"FTL","floor":8.0},{"not_picked":["Streamline","Ball Lightning"],"picked":"Core Surge","floor":10.0},{"not_picked":["Compile Driver","Doom and Gloom"],"picked":"Turbo","floor":11.0}],"player_experience":133351,"relics_obtained":[{"floor":7.0,"key":"Potion Belt"},{"floor":9.0,"key":"Ornamental Fan"},{"floor":10.0,"key":"Calipers"}],"event_choices":[{"event_name":"Accursed Blacksmith","player_choice":"Forge","floor":2.0,"damage_taken":0.0},{"event_name":"FaceTrader","player_choice":"Trade","floor":12.0,"damage_taken":0.0},{"event_name":"Shining Light","player_choice":"Ignored","floor":14,"damage_taken":0}],"is_beta":false,"boss_relics":[],"items_purged_floors":[],"is_endless":false,"potions_floor_spawned":[1,4,7],"killed_by":"Slime Boss","ascension_level":5}