{"gold_per_floor":[114,34,34,49,49,82,82,100,100,130,130,159,54,19,19,19],"floor_reached":16,"playtime":392,"items_purged":["Strike_B"],"score":282,"play_id":"f66fd110-da21-42ef-915d-bb76ea00f210","local_time":"20190426214303","is_ascension_mode":true,"campfire_choices":[{"data":"Defragment","floor":7,"key":"SMITH"},{"data":"Heatsinks","floor":11,"key":"SMITH"},{"data":"Coolheaded","floor":15,"key":"SMITH"}],"neow_cost":"NONE","seed_source_timestamp":9254200640256,"circlet_count":0,"master_deck":["AscendersBane","Strike_B","Strike_B","Strike_B","Defend_B","Defend_B","Defend_B","Defend_B","Zap","Dualcast","Heatsinks+1","Doom and Gloom+1","Defragment+1","Turbo","Core Surge","Coolheaded+1","Compile Driver"],"relics":["Cracked Core","NeowsBlessing","Bottled Tornado","Blood Vial","Incense Burner","Calipers"],"potions_floor_usage":[10,12,16],"damage_taken":[{"damage":0,"enemies":"Jaw Worm","floor":1,"turns":1},{"damage":0,"enemies":"2 Louse","floor":4,"turns":1},{"damage":0,"enemies":"Gremlin Nob","floor":6,"turns":1},{"damage":11,"enemies":"Small Slimes","floor":8,"turns":3},{"damage":25,"enemies":"3 Sentries","floor":10,"turns":7},{"damage":25,"enemies":"Lagavulin","floor":12,"turns":5},{"damage":23,"enemies":"The Guardian","floor":16,"turns":6}],"seed_played":"6933771712810254936","potions_obtained":[{"floor":1,"key":"GamblersBrew"},{"floor":6,"key":"Swift Potion"},{"floor":12,"key":"SkillPotion"}],"is_trial":false,"path_per_floor":["M","$","?","M","?","E","R","M","T","E","R","E","$","?","R","B"],"character_chosen":"DEFECT","items_purchased":["Doom and Gloom","Compile Driver"],"campfire_rested":0,"item_purchase_floors":[2,13],"current_hp_per_floor":[64,64,64,64,64,64,64,53,53,30,30,7,7,24,24,3],"gold":19,"neow_bonus":"THREE_ENEMY_KILL","is_prod":false,"is_daily":false,"chose_seed":false,"campfire_upgraded":3,"win_rate":0,"timestamp":1556286183,"path_taken":["M","$","?","M","?","E","R","M","T","E","R","E","?","?","R","BOSS"],"build_version":"2019-01-23","purchased_purges":1,"victory":false,"max_hp_per_floor":[71,71,71,71,71,71,71,71,71,71,71,71,71,71,71,71],"card_choices":[{"not_picked":["Scrape","Lockon"],"picked":"Heatsinks","floor":1},{"not_picked":["Sweeping Beam","Go for the Eyes"],"picked":"Defragment","floor":4},{"not_picked":["Lockon","Hologram"],"picked":"Turbo","floor":6},{"not_picked":["Redo","Turbo","Hologram"],"picked":"SKIP","floor":8},{"not_picked":["Hologram","Streamline"],"picked":"Core Surge","floor":10},{"not_picked":["Steam Power","Rebound"],"picked":"Coolheaded","floor":12}],"player_experience":953487,"relics_obtained":[{"floor":6,"key":"Bottled Tornado"},{"floor":9,"key":"Blood Vial"},{"floor":10,"key":"Incense Burner"},{"floor":12,"key":"Calipers"}],"event_choices":[{"damage_healed":0,"gold_gain":0,"player_choice":"Grow","damage_taken":0,"max_hp_gain":0,"max_hp_loss":0,"event_name":"Living Wall","floor":3,"gold_loss":0,"cards_upgraded":["Doom and Gloom"]},{"damage_healed":0,"gold_gain":0,"player_choice":"Ignored","damage_taken":0,"max_hp_gain":0,"max_hp_loss":0,"event_name":"Liars Game","floor":5,"gold_loss":0},{"damage_healed":17,"gold_gain":0,"player_choice":"Healed","damage_taken":0,"max_hp_gain":0,"max_hp_loss":0,"event_name":"The Cleric","floor":14,"gold_loss":35}],"is_beta":false,"boss_relics":[],"items_purged_floors":[13],"is_endless":false,"potions_floor_spawned":[1,6,12],"killed_by":"The Guardian","ascension_level":20}