{"gold_per_floor":[119,198,148,35,55,55,68,94,119,135,135,135,153,182,182,281,281,291,22,42,42,42,77,90,90,90,117,117,17,34,0,0,96,96,111,127,127,145,145,145,174,185,208,225,0,35,35,35,35,35],"floor_reached":51,"playtime":2441,"items_purged":["Strike_B","Strike_B"],"score":1363,"play_id":"05b4a2e1-86d1-43e8-9782-5446b3390875","local_time":"20181027214827","is_ascension_mode":true,"campfire_choices":[{"data":"Zap","floor":6.0,"key":"SMITH"},{"data":"Sunder","floor":11.0,"key":"SMITH"},{"data":"Go for the Eyes","floor":15.0,"key":"SMITH"},{"floor":25.0,"key":"REST"},{"data":"Multi-Cast","floor":28.0,"key":"SMITH"},{"data":"Darkness","floor":32.0,"key":"SMITH"},{"floor":40,"key":"REST"},{"floor":49,"key":"REST"}],"neow_cost":"NONE","seed_source_timestamp":0,"circlet_count":0,"master_deck":["Defend_B","Defend_B+1","Defend_B+1","Defend_B","Zap+1","Dualcast","AscendersBane","Sunder+1","Capacitor","Go for the Eyes+1","Genetic Algorithm","Darkness+1","Cold Snap","Ball Lightning","Glacier","Reboot","Leap","Loop","Compile Driver+1","Ghostly","Ghostly","Ghostly","Ghostly","Ghostly","Shame","Multi-Cast+1","Darkness+1","Redo","Coolheaded+1","Undo","Glacier","Defragment+1","Glacier","Writhe"],"special_seed":0,"relics":["FrozenCore","DataDisk","War Paint","Bag of Marbles","FaceOfCleric","Lantern","Runic Capacitor","Kunai","Ornamental Fan","Singing Bowl","Pear","Orrery","Juzu Bracelet","Oddly Smooth Stone","Red Mask","Blue Candle"],"potions_floor_usage":[41,50,50],"damage_taken":[{"damage":2.0,"enemies":"Jaw Worm","floor":1.0,"turns":3.0},{"damage":14.0,"enemies":"2 Louse","floor":5.0,"turns":2.0},{"damage":0.0,"enemies":"Cultist","floor":7.0,"turns":3.0},{"damage":30.0,"enemies":"Lagavulin","floor":8.0,"turns":7.0},{"damage":3.0,"enemies":"Exordium Thugs","floor":10.0,"turns":4.0},{"damage":9.0,"enemies":"Gremlin Gang","floor":13.0,"turns":4.0},{"damage":0.0,"enemies":"Gremlin Nob","floor":14.0,"turns":3.0},{"damage":5.0,"enemies":"Hexaghost","floor":16.0,"turns":10.0},{"damage":2.0,"enemies":"Shell Parasite","floor":18.0,"turns":4.0},{"damage":0.0,"enemies":"3 Byrds","floor":20.0,"turns":3.0},{"damage":26.0,"enemies":"Gremlin Leader","floor":23.0,"turns":8.0},{"damage":0.0,"enemies":"Shelled Parasite and Fungi","floor":24.0,"turns":9.0},{"damage":0.0,"enemies":"Slavers","floor":27.0,"turns":8.0},{"damage":11.0,"enemies":"Centurion and Healer","floor":29.0,"turns":2.0},{"damage":0.0,"enemies":"Centurion and Healer","floor":30.0,"turns":7.0},{"damage":22.0,"enemies":"Champ","floor":33.0,"turns":12.0},{"damage":0.0,"enemies":"Orb Walker","floor":35.0,"turns":5.0},{"damage":28.0,"enemies":"3 Darklings","floor":36.0,"turns":12.0},{"damage":9.0,"enemies":"Writhing Mass","floor":38.0,"turns":6.0},{"damage":27,"enemies":"Reptomancer","floor":41,"turns":6},{"damage":9,"enemies":"Jaw Worm Horde","floor":42,"turns":7},{"damage":0,"enemies":"4 Shapes","floor":44,"turns":7},{"damage":0,"enemies":"Nemesis","floor":46,"turns":5},{"damage":23,"enemies":"Time Eater","floor":50,"turns":20}],"seed_played":"-6894222572605092351","potions_obtained":[{"floor":5.0,"key":"Dexterity Potion"},{"floor":10.0,"key":"SteroidPotion"},{"floor":13.0,"key":"PowerPotion"},{"floor":14.0,"key":"Dexterity Potion"},{"floor":16.0,"key":"LiquidBronze"},{"floor":18.0,"key":"FocusPotion"},{"floor":24.0,"key":"Fire Potion"},{"floor":27.0,"key":"Dexterity Potion"},{"floor":33.0,"key":"Dexterity Potion"},{"floor":35.0,"key":"Swift Potion"},{"floor":44,"key":"Poison Potion"}],"is_trial":false,"path_per_floor":["M","?","?","$","M","R","M","E","T","M","R","?","M","E","R","B",null,"M","$","M","?","?","E","M","R","T","E","R","$","M","?","R","B",null,"M","M","?","M","?","R","E","M","T","M","?","E","?","?","R","B"],"character_chosen":"DEFECT","items_purchased":["Capacitor","Runic Capacitor","Loop"],"campfire_rested":3,"item_purchase_floors":[4,19,19],"current_hp_per_floor":[66,66,66,66,52,52,52,22,22,19,19,19,11,12,12,8,61,60,60,61,40,40,15,16,28,28,39,39,29,32,32,32,13,48,51,26,26,20,20,40,14,6,6,7,7,10,10,29,51,29],"gold":35,"neow_bonus":"RANDOM_COMMON_RELIC","is_prod":false,"is_daily":false,"chose_seed":true,"campfire_upgraded":5,"win_rate":0,"timestamp":1540648107,"path_taken":["M","?","?","$","M","R","M","E","T","M","R","?","M","E","R","BOSS","M","$","?","?","?","E","M","R","T","E","R","?","M","?","R","BOSS","M","M","?","M","?","R","E","M","T","M","?","E","?","?","R","BOSS"],"build_version":"2018-10-25v2","purchased_purges":2,"victory":true,"max_hp_per_floor":[75,75,75,75,75,75,75,75,75,75,75,75,76,77,77,78,78,79,79,80,40,40,41,42,42,42,53,53,54,57,57,57,60,60,63,66,66,69,69,69,70,71,71,72,72,75,75,75,75,76],"card_choices":[{"not_picked":["Stack","Recycle"],"picked":"Sunder","floor":1.0},{"not_picked":["Turbo","Sunder"],"picked":"Go for the Eyes","floor":5.0},{"not_picked":["Steam Power","Scrape"],"picked":"Genetic Algorithm","floor":7.0},{"not_picked":["Rebound","Capacitor"],"picked":"Darkness","floor":8.0},{"not_picked":["Steam Power","Recycle"],"picked":"Cold Snap","floor":10.0},{"not_picked":["Storm","Sweeping Beam"],"picked":"Ball Lightning","floor":13.0},{"not_picked":["Reboot","Coolheaded"],"picked":"Glacier","floor":14.0},{"not_picked":["Seek","Machine Learning"],"picked":"Reboot","floor":16.0},{"not_picked":["Fusion","Reinforced Body"],"picked":"Leap","floor":18.0},{"not_picked":["Turbo","Conserve Battery"],"picked":"Compile Driver+1","floor":20.0},{"not_picked":["Recycle","Sweeping Beam"],"picked":"Multi-Cast","floor":23.0},{"not_picked":["Sweeping Beam+1","Heatsinks+1"],"picked":"Reprogram+1","floor":24.0},{"not_picked":["FTL","Hello World"],"picked":"Darkness+1","floor":27.0},{"not_picked":["Darkness","Sweeping Beam","Reinforced Body"],"picked":"Singing Bowl","floor":30.0},{"not_picked":["Amplify","Biased Cognition","Meteor Strike"],"picked":"Singing Bowl","floor":33.0},{"not_picked":["Conserve Battery","Barrage"],"picked":"Redo","floor":34.0},{"not_picked":["Reprogram","Aggregate+1"],"picked":"Coolheaded+1","floor":34.0},{"not_picked":["Steam","Gash"],"picked":"Undo","floor":34.0},{"not_picked":["Sweeping Beam+1","Ball Lightning+1","Aggregate"],"picked":"Singing Bowl","floor":35.0},{"not_picked":["Steam","Undo","Capacitor+1"],"picked":"Singing Bowl","floor":36.0},{"not_picked":["Blizzard","Rebound","Reinforced Body"],"picked":"Singing Bowl","floor":38},{"not_picked":["Reboot","Storm"],"picked":"Glacier","floor":41},{"not_picked":["Hello World+1","Storm"],"picked":"Defragment+1","floor":42},{"not_picked":["Stack","Force Field"],"picked":"Glacier","floor":44},{"not_picked":["Steam","Conserve Battery+1","Doom and Gloom"],"picked":"Singing Bowl","floor":46}],"player_experience":471627,"relics_obtained":[{"floor":8.0,"key":"War Paint"},{"floor":9.0,"key":"Bag of Marbles"},{"floor":14.0,"key":"Lantern"},{"floor":23.0,"key":"Ornamental Fan"},{"floor":26.0,"key":"Singing Bowl"},{"floor":27.0,"key":"Pear"},{"floor":41,"key":"Juzu Bracelet"},{"floor":43,"key":"Oddly Smooth Stone"},{"floor":46,"key":"Blue Candle"}],"event_choices":[{"damage_healed":0.0,"max_hp_gain":0.0,"max_hp_loss":0.0,"gold_gain":79.0,"event_name":"Golden Wing","player_choice":"Gained Gold","floor":2.0,"gold_loss":0.0,"damage_taken":0.0},{"cards_removed":["Strike_B"],"damage_healed":0.0,"max_hp_gain":0.0,"max_hp_loss":0.0,"gold_gain":0.0,"event_name":"The Cleric","player_choice":"Card Removal","floor":3.0,"gold_loss":50.0,"damage_taken":0.0},{"damage_healed":0.0,"max_hp_gain":0.0,"max_hp_loss":0.0,"gold_gain":0.0,"event_name":"FaceTrader","player_choice":"Trade","floor":12.0,"gold_loss":0.0,"damage_taken":0.0,"relics_obtained":["FaceOfCleric"]},{"damage_healed":0.0,"max_hp_gain":0.0,"max_hp_loss":40.0,"gold_gain":0.0,"event_name":"Ghosts","player_choice":"Became a Ghost","floor":21.0,"gold_loss":0.0,"damage_taken":0.0,"cards_obtained":["Ghostly","Ghostly","Ghostly","Ghostly","Ghostly"]},{"damage_healed":0.0,"max_hp_gain":0.0,"max_hp_loss":0.0,"gold_gain":0.0,"event_name":"Addict","player_choice":"Stole Relic","floor":22.0,"gold_loss":0.0,"damage_taken":0.0,"relics_obtained":["Kunai"],"cards_obtained":["Shame"]},{"damage_healed":0.0,"max_hp_gain":0.0,"max_hp_loss":0.0,"gold_gain":0.0,"event_name":"Masked Bandits","player_choice":"Paid Fearfully","floor":31.0,"gold_loss":34.0,"damage_taken":0.0},{"cards_removed":["Reprogram"],"damage_healed":0.0,"max_hp_gain":0.0,"max_hp_loss":0.0,"gold_gain":0.0,"event_name":"Falling","player_choice":"Removed Skill","floor":37.0,"gold_loss":0.0,"damage_taken":0.0},{"damage_healed":0,"gold_gain":0,"player_choice":"Ignored","damage_taken":0,"max_hp_gain":0,"max_hp_loss":0,"event_name":"Mysterious Sphere","floor":39,"gold_loss":0},{"damage_healed":0,"gold_gain":0,"player_choice":"Paid","damage_taken":0,"relics_obtained":["Red Mask"],"max_hp_gain":0,"max_hp_loss":0,"event_name":"Tomb of Lord Red Mask","floor":45,"gold_loss":225},{"cards_removed":["Strike_B"],"damage_healed":0,"gold_gain":0,"player_choice":"Purged","damage_taken":0,"max_hp_gain":0,"max_hp_loss":0,"event_name":"Purifier","floor":47,"gold_loss":0},{"damage_healed":19,"gold_gain":0,"player_choice":"Writhe","damage_taken":0,"max_hp_gain":0,"max_hp_loss":0,"event_name":"Winding Halls","floor":48,"gold_loss":0,"cards_obtained":["Writhe"]}],"is_beta":true,"boss_relics":[{"not_picked":["Calling Bell","Tiny House"],"picked":"FrozenCore"},{"not_picked":["Velvet Choker","Eternal Feather"],"picked":"Orrery"}],"items_purged_floors":[4,29],"is_endless":false,"potions_floor_spawned":[5,10,13,14,16,18,24,27,33,35,38,44],"ascension_level":12}