{"gold_per_floor":[112,50,50,68,92,92,57,57,57,57,118,118,143,7,7,7],"floor_reached":16,"playtime":345,"items_purged":[],"score":168,"play_id":"4d2a8699-1e1b-4207-a949-e226a04f11fb","local_time":"20190331141239","is_ascension_mode":true,"campfire_choices":[{"data":"Bouncing Flask","floor":6,"key":"SMITH"},{"data":"Deadly Poison","floor":12,"key":"SMITH"},{"data":"Neutralize","floor":15,"key":"SMITH"}],"neow_cost":"NONE","seed_source_timestamp":0,"circlet_count":0,"master_deck":["AscendersBane","Defend_G","Defend_G","Defend_G","Defend_G","Defend_G","Strike_G","Strike_G","Strike_G","Strike_G","Survivor","Neutralize+1","Bouncing Flask+1","Deadly Poison+1"],"relics":["Ring of the Snake","Juzu Bracelet","Golden Idol","Turnip","Tiny Chest","Happy Flower","Omamori"],"potions_floor_usage":[],"damage_taken":[{"damage":6,"enemies":"Jaw Worm","floor":1,"turns":5},{"damage":3,"enemies":"2 Louse","floor":4,"turns":5},{"damage":10,"enemies":"Small Slimes","floor":5,"turns":4},{"damage":22,"enemies":"Lagavulin","floor":11,"turns":7},{"damage":43,"enemies":"Slime Boss","floor":16,"turns":10}],"seed_played":"-2264140361600906542","potions_obtained":[],"is_trial":false,"path_per_floor":["M","?","?","M","M","R","?","?","T","?","E","R","T","?","R","B"],"character_chosen":"THE_SILENT","items_purchased":[],"campfire_rested":0,"item_purchase_floors":[],"current_hp_per_floor":[53,53,53,50,40,40,55,55,55,60,38,38,38,38,38,0],"gold":7,"neow_bonus":"RANDOM_COMMON_RELIC","is_prod":false,"is_daily":false,"chose_seed":true,"campfire_upgraded":3,"win_rate":0,"timestamp":1554012759,"path_taken":["M","?","?","M","M","R","?","?","T","?","E","R","?","?","R","BOSS"],"build_version":"2019-01-23","purchased_purges":0,"victory":false,"max_hp_per_floor":[66,66,60,60,60,60,60,60,60,65,65,65,65,65,65,65],"card_choices":[{"not_picked":["Underhanded Strike","Cloak And Dagger","PiercingWail"],"picked":"SKIP","floor":1},{"not_picked":["Sucker Punch","Expertise"],"picked":"Bouncing Flask","floor":4},{"not_picked":["Dagger Spray","Caltrops"],"picked":"Deadly Poison","floor":5},{"not_picked":["Choke","Underhanded Strike","Acrobatics"],"picked":"SKIP","floor":11}],"player_experience":909027,"relics_obtained":[{"floor":9,"key":"Turnip"},{"floor":11,"key":"Tiny Chest"},{"floor":13,"key":"Happy Flower"}],"event_choices":[{"damage_healed":0,"gold_gain":0,"player_choice":"Left Gold","damage_taken":0,"max_hp_gain":0,"max_hp_loss":0,"event_name":"World of Goop","floor":2,"gold_loss":62},{"damage_healed":0,"gold_gain":0,"player_choice":"Lose Max HP","damage_taken":0,"relics_obtained":["Golden Idol"],"max_hp_gain":0,"max_hp_loss":6,"event_name":"Golden Idol","floor":3,"gold_loss":0},{"damage_healed":15,"gold_gain":0,"player_choice":"Healed","damage_taken":0,"max_hp_gain":0,"max_hp_loss":0,"event_name":"The Cleric","floor":7,"gold_loss":35},{"cards_removed":["Strike_G"],"damage_healed":0,"gold_gain":0,"player_choice":"Offered Basic","damage_taken":0,"max_hp_gain":0,"max_hp_loss":0,"event_name":"Bonfire Elementals","floor":8,"gold_loss":0},{"damage_healed":0,"gold_gain":0,"player_choice":"Donut","damage_taken":0,"max_hp_gain":5,"max_hp_loss":0,"event_name":"Big Fish","floor":10,"gold_loss":0},{"damage_healed":0,"gold_gain":0,"player_choice":"Paid Gold","damage_taken":0,"relics_obtained":["Omamori"],"max_hp_gain":0,"max_hp_loss":0,"event_name":"WeMeetAgain","floor":14,"gold_loss":136}],"is_beta":false,"boss_relics":[],"items_purged_floors":[],"is_endless":false,"potions_floor_spawned":[],"killed_by":"Slime Boss","ascension_level":15}