{"gold_per_floor":[110,124,141,66,66,66,77,77,127,127,143,143,160,2,2,73,73,87,0,0,50,66,66,66,66,147,147],"floor_reached":27,"playtime":638,"items_purged":["Strike_G"],"score":362,"play_id":"100dcdf9-f98d-4026-95e1-2c606c9ec3f6","local_time":"20181102192126","is_ascension_mode":true,"campfire_choices":[{"data":"Poisoned Stab","floor":6.0,"key":"SMITH"},{"data":"Catalyst","floor":8.0,"key":"SMITH"},{"data":"Survivor","floor":10.0,"key":"SMITH"},{"data":"Footwork","floor":15.0,"key":"SMITH"},{"data":"Venomology","floor":23,"key":"SMITH"},{"data":"Dagger Spray","floor":25,"key":"SMITH"}],"neow_cost":"NONE","seed_source_timestamp":1915546309007,"circlet_count":0,"master_deck":["Defend_G+1","Defend_G","Defend_G","Defend_G","Defend_G","Strike_G+1","Strike_G","Strike_G","Survivor+1","Neutralize+1","AscendersBane","Poisoned Stab+1","Catalyst+1","Venomology+1","All Out Attack","Dagger Spray+1","Footwork+1","Grand Finale","Backflip"],"special_seed":0,"relics":["Ring of the Serpent","NeowsBlessing","Juzu Bracelet","Mummified Hand"],"potions_floor_usage":[22,27],"damage_taken":[{"damage":0.0,"enemies":"Small Slimes","floor":1.0,"turns":1.0},{"damage":0.0,"enemies":"Jaw Worm","floor":2.0,"turns":1.0},{"damage":0.0,"enemies":"2 Louse","floor":3.0,"turns":1.0},{"damage":8.0,"enemies":"Looter","floor":7.0,"turns":3.0},{"damage":20.0,"enemies":"Gremlin Gang","floor":11.0,"turns":6.0},{"damage":0.0,"enemies":"Blue Slaver","floor":13.0,"turns":2.0},{"damage":2.0,"enemies":"Hexaghost","floor":16.0,"turns":11.0},{"damage":4.0,"enemies":"Chosen","floor":18.0,"turns":4.0},{"damage":7,"enemies":"Shell Parasite","floor":22,"turns":4},{"damage":49,"enemies":"Gremlin Leader","floor":27,"turns":3}],"seed_played":"1924000611718088789","potions_obtained":[{"floor":7.0,"key":"SkillPotion"}],"is_trial":false,"path_per_floor":["M","M","M","?","?","R","M","R","T","R","M","?","M","$","R","B",null,"M","?","?","?","M","R","?","R","T"],"character_chosen":"THE_SILENT","items_purchased":["Footwork"],"campfire_rested":0,"item_purchase_floors":[14],"current_hp_per_floor":[59,59,59,59,59,59,51,51,51,51,31,11,11,11,11,9,52,48,48,48,48,41,41,41,41,41,0],"gold":147,"neow_bonus":"THREE_ENEMY_KILL","is_prod":false,"is_daily":false,"chose_seed":false,"campfire_upgraded":6,"win_rate":0,"timestamp":1541157686,"path_taken":["M","M","M","?","?","R","M","R","T","R","M","?","M","?","R","BOSS","M","?","?","?","M","R","?","R","T","E"],"build_version":"2018-10-29v2","purchased_purges":1,"victory":false,"max_hp_per_floor":[66,66,66,66,66,66,66,66,66,66,66,66,66,66,66,66,66,66,66,66,66,66,66,66,66,66,66],"card_choices":[{"not_picked":["PiercingWail","Dagger Throw"],"picked":"Poisoned Stab","floor":1.0},{"not_picked":["Dagger Throw","Flying Knee","Infinite Blades"],"picked":"SKIP","floor":2.0},{"not_picked":["Bane","Slice"],"picked":"Catalyst","floor":3.0},{"not_picked":["Dagger Throw","Prepared"],"picked":"Venomology","floor":7.0},{"not_picked":["Underhanded Strike","Prepared"],"picked":"All Out Attack","floor":11.0},{"not_picked":["Caltrops","Eviscerate"],"picked":"Dagger Spray","floor":13.0},{"not_picked":["Storm of Steel","After Image"],"picked":"Grand Finale","floor":16.0},{"not_picked":["Dodge and Roll+1","Setup"],"picked":"Backflip","floor":18.0},{"not_picked":["Slice","Choke","Deflect"],"picked":"SKIP","floor":22}],"player_experience":483085,"relics_obtained":[{"floor":9.0,"key":"Juzu Bracelet"},{"floor":26,"key":"Mummified Hand"}],"event_choices":[{"cards_removed":["Strike_G"],"damage_healed":0.0,"max_hp_gain":0.0,"max_hp_loss":0.0,"gold_gain":0.0,"event_name":"The Cleric","player_choice":"Card Removal","floor":4.0,"gold_loss":75.0,"damage_taken":0.0},{"damage_healed":0.0,"max_hp_gain":0.0,"max_hp_loss":0.0,"gold_gain":0.0,"event_name":"Living Wall","player_choice":"Grow","floor":5.0,"gold_loss":0.0,"damage_taken":0.0,"cards_upgraded":["Neutralize"]},{"damage_healed":0.0,"max_hp_gain":0.0,"max_hp_loss":0.0,"gold_gain":0.0,"event_name":"Shining Light","player_choice":"Entered Light","floor":12.0,"gold_loss":0.0,"damage_taken":20.0,"cards_upgraded":["Strike_G","Defend_G"]},{"damage_healed":0,"gold_gain":0,"player_choice":"Paid Fearfully","damage_taken":0,"max_hp_gain":0,"max_hp_loss":0,"event_name":"Masked Bandits","floor":19,"gold_loss":87},{"damage_healed":0,"gold_gain":0,"player_choice":"Ignored","damage_taken":0,"max_hp_gain":0,"max_hp_loss":0,"event_name":"The Mausoleum","floor":20,"gold_loss":0},{"damage_healed":0,"gold_gain":50,"player_choice":"Stole From Cult","damage_taken":0,"max_hp_gain":0,"max_hp_loss":0,"event_name":"Nest","floor":21,"gold_loss":0},{"damage_healed":0,"gold_gain":0,"player_choice":"Ignored","damage_taken":0,"max_hp_gain":0,"max_hp_loss":0,"event_name":"Vampires","floor":24,"gold_loss":0}],"is_beta":true,"boss_relics":[{"not_picked":["Ectoplasm","Tiny House"],"picked":"Ring of the Serpent"}],"items_purged_floors":[14],"is_endless":false,"potions_floor_spawned":[7],"killed_by":"Gremlin Leader","ascension_level":16}