{"gold_per_floor":[112,125,125,50,126,170,193,206,280,311,311,324,15,15,15,108,108,123,143,193,208,258,293,311,332,409,409,36,36],"floor_reached":29,"playtime":1025,"items_purged":["Strike_G"],"score":532,"play_id":"8bd79f3d-dec2-4d22-a792-f9b9bca30bb5","local_time":"20181121204941","is_ascension_mode":true,"campfire_choices":[{"data":"Bouncing Flask","floor":11.0,"key":"SMITH"},{"floor":15.0,"key":"REST"},{"data":"Catalyst","floor":27,"key":"SMITH"}],"neow_cost":"NONE","seed_source_timestamp":3468684891162,"circlet_count":0,"master_deck":["AscendersBane","Defend_G","Defend_G","Defend_G","Defend_G","Defend_G","Strike_G","Strike_G","Strike_G","Strike_G","Survivor","Neutralize","All Out Attack","Catalyst+1","Noxious Fumes","Bouncing Flask+1","Footwork","Well Laid Plans","Burst+1","Neutralize","Adrenaline+1","Deadly Poison+1","Backflip+1","Leg Sweep+1","Footwork","Apotheosis+1","Good Instincts+1"],"special_seed":0,"relics":["Ring of the Snake","NeowsBlessing","Golden Idol","Incense Burner","Toxic Egg 2","Juzu Bracelet","Coffee Dripper","Gremlin Horn","Singing Bowl"],"potions_floor_usage":[24],"damage_taken":[{"damage":0.0,"enemies":"2 Louse","floor":1.0,"turns":1.0},{"damage":0.0,"enemies":"Small Slimes","floor":2.0,"turns":1.0},{"damage":0.0,"enemies":"Lagavulin","floor":6.0,"turns":1.0},{"damage":6.0,"enemies":"Cultist","floor":7.0,"turns":5.0},{"damage":1.0,"enemies":"Lots of Slimes","floor":8.0,"turns":2.0},{"damage":44.0,"enemies":"Gremlin Nob","floor":10.0,"turns":5.0},{"damage":4.0,"enemies":"3 Louse","floor":12.0,"turns":2.0},{"damage":9.0,"enemies":"The Guardian","floor":16.0,"turns":8.0},{"damage":4.0,"enemies":"3 Byrds","floor":18.0,"turns":4.0},{"damage":12.0,"enemies":"Chosen","floor":19.0,"turns":4.0},{"damage":4.0,"enemies":"3 Cultists","floor":21.0,"turns":4.0},{"damage":20.0,"enemies":"Book of Stabbing","floor":23.0,"turns":4.0},{"damage":4,"enemies":"Cultist and Chosen","floor":24,"turns":4},{"damage":0,"enemies":"Centurion and Healer","floor":25,"turns":5},{"damage":13,"enemies":"Shelled Parasite and Fungi","floor":29,"turns":2}],"seed_played":"-1599694255188768105","potions_obtained":[{"floor":1.0,"key":"SkillPotion"},{"floor":8.0,"key":"FearPotion"},{"floor":19.0,"key":"Strength Potion"},{"floor":23.0,"key":"Poison Potion"}],"is_trial":false,"path_per_floor":["M","M","?","$","?","E","M","M","M","T","E","R","M","$","?","R","B",null,"M","M","?","M","?","E","M","M","T","R","$","M"],"character_chosen":"THE_SILENT","items_purchased":["Noxious Fumes","Burst+1","Poison Potion","Footwork","Apotheosis+1","Good Instincts+1"],"campfire_rested":1,"item_purchase_floors":[4,13,13,28,28,28],"current_hp_per_floor":[59,59,59,59,59,59,53,52,52,8,8,4,4,4,22,13,48,44,32,32,28,28,8,4,4,4,4,4,0],"gold":36,"neow_bonus":"THREE_ENEMY_KILL","is_prod":false,"is_daily":false,"chose_seed":false,"campfire_upgraded":2,"win_rate":0,"timestamp":1542804581,"path_taken":["M","M","?","$","?","E","M","M","T","E","R","M","$","?","R","BOSS","M","M","?","M","?","E","M","M","T","R","$","M"],"build_version":"2018-11-15","purchased_purges":1,"victory":false,"max_hp_per_floor":[66,66,60,60,60,60,60,60,60,60,60,60,60,60,60,60,60,60,60,60,60,60,60,60,60,60,60,60,60],"card_choices":[{"not_picked":["Finisher","Quick Slash"],"picked":"All Out Attack","floor":1.0},{"not_picked":["Dagger Spray","PiercingWail"],"picked":"Catalyst","floor":2.0},{"not_picked":["Flying Knee","Blade Dance","Quick Slash"],"picked":"SKIP","floor":6.0},{"not_picked":["Quick Slash","Acrobatics"],"picked":"Bouncing Flask","floor":7.0},{"not_picked":["Poisoned Stab","Bane"],"picked":"Footwork","floor":8.0},{"not_picked":["Blade Dance+1","Skewer","Quick Slash"],"picked":"SKIP","floor":10.0},{"not_picked":["Accuracy","Blade Dance+1"],"picked":"Well Laid Plans","floor":12.0},{"not_picked":["Masterful Stab","PiercingWail+1"],"picked":"Deadly Poison+1","floor":18.0},{"not_picked":["Blur+1","Deadly Poison+1"],"picked":"Backflip+1","floor":19.0},{"not_picked":["Sucker Punch","Deadly Poison+1","Expertise+1"],"picked":"SKIP","floor":21.0},{"not_picked":["Burst+1","Slice"],"picked":"Leg Sweep+1","floor":23.0},{"not_picked":["Deadly Poison+1","Backstab","Infinite Blades"],"picked":"SKIP","floor":24},{"not_picked":["Poisoned Stab","Distraction+1","Deadly Poison+1"],"picked":"SKIP","floor":25}],"player_experience":553015,"relics_obtained":[{"floor":6.0,"key":"Incense Burner"},{"floor":9.0,"key":"Toxic Egg 2"},{"floor":10.0,"key":"Juzu Bracelet"},{"floor":23.0,"key":"Gremlin Horn"},{"floor":26,"key":"Singing Bowl"}],"event_choices":[{"damage_healed":0.0,"max_hp_gain":0.0,"max_hp_loss":6.0,"gold_gain":0.0,"event_name":"Golden Idol","player_choice":"Lose Max HP","floor":3.0,"gold_loss":0.0,"damage_taken":0.0,"relics_obtained":["Golden Idol"]},{"damage_healed":0.0,"max_hp_gain":0.0,"max_hp_loss":0.0,"gold_gain":76.0,"event_name":"Golden Wing","player_choice":"Gained Gold","floor":5.0,"gold_loss":0.0,"damage_taken":0.0},{"damage_healed":0.0,"max_hp_gain":0.0,"max_hp_loss":0.0,"gold_gain":0.0,"event_name":"Match and Keep!","player_choice":"2 cards matched","floor":14.0,"gold_loss":0.0,"damage_taken":0.0,"cards_obtained":["Neutralize","Adrenaline"]},{"damage_healed":0.0,"max_hp_gain":0.0,"max_hp_loss":0.0,"gold_gain":100.0,"event_name":"The Joust","player_choice":"Bet on Murderer","floor":20.0,"gold_loss":50.0,"damage_taken":0.0},{"damage_healed":0.0,"max_hp_gain":0.0,"max_hp_loss":0.0,"gold_gain":50.0,"event_name":"Nest","player_choice":"Stole From Cult","floor":22.0,"gold_loss":0.0,"damage_taken":0.0}],"is_beta":true,"boss_relics":[{"not_picked":["White Beast Statue","Pandora\u0027s Box"],"picked":"Coffee Dripper"}],"items_purged_floors":[13],"is_endless":false,"potions_floor_spawned":[1,8,19,23],"killed_by":"Shelled Parasite and Fungi","ascension_level":18}