{"gold_per_floor":[20,20,35,35,35,76,100,115,142,175,211,211,211,226,226,355,355,369,89,113,129,129,129,228,228,253,253],"floor_reached":27,"playtime":1921,"items_purged":["Strike_B"],"score":254,"play_id":"34ec944b-3e8d-45ce-877f-a3c08450fdd2","local_time":"20190810031555","is_ascension_mode":true,"campfire_choices":[{"floor":15,"key":"REST"},{"data":"Loop","floor":23,"key":"SMITH"},{"floor":25,"key":"REST"}],"neow_cost":"NO_GOLD","seed_source_timestamp":457647801622848,"circlet_count":0,"master_deck":["Defend_B","Defend_B+1","Defend_B","Defend_B","Zap","Dualcast+1","Steam","Machine Learning","Sunder","Conserve Battery","Loop+1","Reboot","Capacitor","Injury"],"relics":["Cracked Core","Golden Idol","Juzu Bracelet","War Paint","Odd Mushroom","Happy Flower","Cursed Key","Runic Capacitor","Potion Belt"],"potions_floor_usage":[10,11,13,21,27,27],"damage_taken":[{"damage":8,"enemies":"Jaw Worm","floor":1,"turns":5},{"damage":0,"enemies":"Small Slimes","floor":3,"turns":3},{"damage":40,"enemies":"Lagavulin","floor":6,"turns":8},{"damage":0,"enemies":"Cultist","floor":7,"turns":3},{"damage":4,"enemies":"2 Fungi Beasts","floor":8,"turns":3},{"damage":5,"enemies":"The Mushroom Lair","floor":10,"turns":3},{"damage":4,"enemies":"Gremlin Nob","floor":11,"turns":3},{"damage":6,"enemies":"Lagavulin","floor":13,"turns":6},{"damage":2,"enemies":"3 Louse","floor":14,"turns":3},{"damage":21,"enemies":"The Guardian","floor":16,"turns":12},{"damage":3,"enemies":"3 Byrds","floor":18,"turns":5},{"damage":12,"enemies":"Spheric Guardian","floor":20,"turns":4},{"damage":43,"enemies":"Centurion and Healer","floor":21,"turns":18},{"damage":50,"enemies":"Gremlin Leader","floor":27,"turns":6}],"seed_played":"4515189054969089209","potions_obtained":[{"floor":6,"key":"Fire Potion"},{"floor":7,"key":"Fire Potion"},{"floor":8,"key":"SmokeBomb"},{"floor":16,"key":"SteroidPotion"},{"floor":20,"key":"Fruit Juice"},{"floor":21,"key":"SneckoOil"}],"is_trial":false,"path_per_floor":["M","?","M","?","$","E","M","M","T","?","E","?","E","M","R","B",null,"M","$","M","M","?","R","?","R","T","E"],"character_chosen":"DEFECT","items_purchased":["Runic Capacitor"],"campfire_rested":2,"item_purchase_floors":[19],"current_hp_per_floor":[67,49,49,74,74,34,34,30,30,25,21,9,3,1,23,2,75,72,72,60,22,22,22,22,46,46,0],"gold":253,"neow_bonus":"REMOVE_TWO","is_prod":false,"is_daily":false,"chose_seed":false,"campfire_upgraded":1,"win_rate":0,"timestamp":1565399755,"path_taken":["M","?","M","?","?","E","M","M","T","?","E","?","E","M","R","BOSS","M","$","M","M","?","R","?","R","T","E"],"build_version":"2019-07-17","purchased_purges":1,"victory":false,"max_hp_per_floor":[75,75,75,75,75,75,75,75,75,75,75,75,75,75,75,75,75,75,75,75,80,80,80,80,80,80,80],"card_choices":[{"not_picked":["Go for the Eyes","Leap"],"picked":"Steam","floor":1},{"not_picked":["Steam","Sweeping Beam","Compile Driver"],"picked":"SKIP","floor":3},{"not_picked":["Sweeping Beam","Machine Learning","Conserve Battery"],"picked":"SKIP","floor":6},{"not_picked":["Sweeping Beam","Conserve Battery"],"picked":"Machine Learning","floor":6},{"not_picked":["Cold Snap","Storm","Steam"],"picked":"SKIP","floor":7},{"not_picked":["Beam Cell","Hologram"],"picked":"Sunder","floor":8},{"not_picked":["Melter","Doom and Gloom"],"picked":"Conserve Battery","floor":10},{"not_picked":["Coolheaded","Go for the Eyes"],"picked":"Loop","floor":11},{"not_picked":["Compile Driver","Cold Snap","Coolheaded"],"picked":"SKIP","floor":14},{"not_picked":["Core Surge","Thunder Strike"],"picked":"Reboot","floor":16},{"not_picked":["Rebound+1","Barrage+1"],"picked":"Capacitor","floor":18},{"not_picked":["Coolheaded","Cold Snap","Barrage"],"picked":"SKIP","floor":20},{"not_picked":["Hello World","Gash+1","Cold Snap"],"picked":"SKIP","floor":21}],"player_experience":77824,"relics_obtained":[{"floor":6,"key":"Juzu Bracelet"},{"floor":9,"key":"War Paint"},{"floor":10,"key":"Odd Mushroom"},{"floor":11,"key":"Happy Flower"},{"floor":26,"key":"Potion Belt"}],"event_choices":[{"damage_healed":0,"gold_gain":0,"player_choice":"Take Damage","damage_taken":18,"relics_obtained":["Golden Idol"],"max_hp_gain":0,"max_hp_loss":0,"event_name":"Golden Idol","floor":2,"gold_loss":0},{"damage_healed":25,"gold_gain":0,"player_choice":"Banana","damage_taken":0,"max_hp_gain":0,"max_hp_loss":0,"event_name":"Big Fish","floor":4,"gold_loss":0},{"damage_healed":0,"gold_gain":0,"player_choice":"Fought Mushrooms","damage_taken":0,"max_hp_gain":0,"max_hp_loss":0,"event_name":"Mushrooms","floor":10,"gold_loss":0},{"damage_healed":0,"gold_gain":0,"player_choice":"Fled","damage_taken":12,"max_hp_gain":0,"max_hp_loss":0,"event_name":"Scrap Ooze","floor":12,"gold_loss":0},{"cards_removed":["Strike_B"],"damage_healed":0,"gold_gain":0,"player_choice":"Purged","damage_taken":0,"max_hp_gain":0,"max_hp_loss":0,"event_name":"Purifier","floor":22,"gold_loss":0},{"damage_healed":0,"gold_gain":99,"player_choice":"Stole From Cult","damage_taken":0,"max_hp_gain":0,"max_hp_loss":0,"event_name":"Nest","floor":24,"gold_loss":0}],"is_beta":false,"boss_relics":[{"not_picked":["Calling Bell","Busted Crown"],"picked":"Cursed Key"}],"items_purged_floors":[19],"is_endless":false,"potions_floor_spawned":[6,7,8,16,20,21],"killed_by":"Gremlin Leader","ascension_level":2}