{"gold_per_floor":[119,119,119,119,138,138,153,172,199,199,199,225,225,240,240,240],"floor_reached":16,"playtime":672,"items_purged":[],"score":150,"play_id":"66b63b66-8d95-4e2a-9859-3e3923194399","local_time":"20180721155141","is_ascension_mode":true,"campfire_choices":[{"data":"Dualcast","floor":6,"key":"SMITH"},{"data":"Go for the Eyes","floor":10,"key":"SMITH"},{"data":"Scrape","floor":15,"key":"SMITH"}],"neow_cost":"FIFTY_PERCENT_DAMAGE","seed_source_timestamp":25777840446656,"circlet_count":0,"master_deck":["Strike_B","Strike_B","Strike_B+1","Defend_B","Defend_B","Defend_B+1","Defend_B+1","Zap+1","Dualcast+1","Glacier","Scrape+1","Conserve Battery","Go for the Eyes+1","Double Energy","Cold Snap"],"special_seed":0,"relics":["Cracked Core","Juzu Bracelet","War Paint"],"potions_floor_usage":[16],"damage_taken":[{"damage":6,"enemies":"Jaw Worm","floor":1,"turns":4},{"damage":1,"enemies":"Cultist","floor":5,"turns":3},{"damage":2,"enemies":"Small Slimes","floor":7,"turns":2},{"damage":8,"enemies":"3 Louse","floor":8,"turns":2},{"damage":10,"enemies":"Lagavulin","floor":12,"turns":7},{"damage":0,"enemies":"Blue Slaver","floor":14,"turns":4},{"damage":53,"enemies":"Hexaghost","floor":16,"turns":11}],"seed_played":"7871160766982244143","potions_obtained":[{"floor":7,"key":"Weak Potion"},{"floor":8,"key":"AttackPotion"}],"is_trial":false,"path_per_floor":["M","?","?","?","M","R","M","M","T","R","?","E","?","M","R"],"character_chosen":"DEFECT","items_purchased":[],"campfire_rested":0,"item_purchase_floors":[],"current_hp_per_floor":[39,89,89,71,70,70,68,60,60,60,53,43,48,48,48,0],"gold":240,"neow_bonus":"TWENTY_PERCENT_HP_BONUS","is_prod":false,"is_daily":false,"chose_seed":false,"campfire_upgraded":3,"win_rate":0,"timestamp":1532159501,"path_taken":["M","?","?","?","M","R","M","?","T","R","?","E","?","M","R","BOSS"],"build_version":"2018-07-19v2","purchased_purges":0,"victory":false,"max_hp_per_floor":[89,89,89,89,89,89,89,89,89,89,89,89,94,94,94,94],"card_choices":[{"not_picked":["Cold Snap","Genetic Algorithm"],"picked":"Glacier","floor":1},{"not_picked":["Compile Driver","Recycle"],"picked":"Scrape","floor":5},{"not_picked":["Scrape","Ball Lightning"],"picked":"Conserve Battery","floor":7},{"not_picked":["Compile Driver","Stack"],"picked":"Go for the Eyes","floor":8},{"not_picked":["Undo","Genetic Algorithm"],"picked":"Double Energy","floor":12},{"not_picked":["Steam Power","Auto Shields"],"picked":"Cold Snap","floor":14}],"player_experience":138328,"relics_obtained":[{"floor":9,"key":"Juzu Bracelet"},{"floor":12,"key":"War Paint"}],"event_choices":[{"event_name":"Wheel of Change","player_choice":"Full Heal","floor":2,"damage_taken":0},{"event_name":"The Cleric","player_choice":"Leave","floor":3,"damage_taken":0},{"event_name":"Shining Light","player_choice":"Entered Light","floor":4,"damage_taken":0},{"event_name":"Golden Wing","player_choice":"Card Removal","floor":11,"damage_taken":0},{"event_name":"Big Fish","player_choice":"Donut","floor":13,"damage_taken":0}],"is_beta":false,"boss_relics":[],"items_purged_floors":[],"is_endless":false,"potions_floor_spawned":[7,8],"killed_by":"Hexaghost","ascension_level":5}