{"gold_per_floor":[116,116,130,55,75,75,92,92,92,92,108,137,155,155,155,232,232,251,251,266,266,266,266,14,24,93,93],"floor_reached":27,"playtime":769,"items_purged":[],"score":476,"play_id":"7cc525d2-8be3-481d-afbe-7087f60bd86e","local_time":"20190407125754","is_ascension_mode":true,"campfire_choices":[{"data":"Creative AI","floor":6.0,"key":"SMITH"},{"data":"Doom and Gloom","floor":8.0,"key":"SMITH"},{"data":"Dualcast","floor":10.0,"key":"SMITH"},{"data":"Heatsinks","floor":15.0,"key":"SMITH"},{"floor":23.0,"key":"REST"}],"neow_cost":"NONE","seed_source_timestamp":4833026944100,"circlet_count":0,"master_deck":["AscendersBane","Strike_B","Strike_B","Defend_B","Defend_B","Defend_B","Defend_B","Zap","Dualcast+1","Creative AI+1","Glacier","Doom and Gloom+1","Heatsinks+1","Redo","Hologram","Biased Cognition","Turbo","Chill","Loop","Decay","Self Repair","Cold Snap+1"],"special_seed":0,"relics":["Cracked Core","NeowsBlessing","Happy Flower","Ornamental Fan","Sozu","OrangePellets","Pear"],"potions_floor_usage":[],"damage_taken":[{"damage":0.0,"enemies":"Small Slimes","floor":1.0,"turns":1.0},{"damage":0.0,"enemies":"Jaw Worm","floor":3.0,"turns":1.0},{"damage":0.0,"enemies":"Cultist","floor":5.0,"turns":1.0},{"damage":27.0,"enemies":"Exordium Wildlife","floor":7.0,"turns":7.0},{"damage":8.0,"enemies":"Large Slime","floor":11.0,"turns":5.0},{"damage":15.0,"enemies":"Gremlin Nob","floor":12.0,"turns":5.0},{"damage":7.0,"enemies":"Gremlin Gang","floor":13.0,"turns":2.0},{"damage":26.0,"enemies":"Hexaghost","floor":16.0,"turns":12.0},{"damage":12.0,"enemies":"3 Byrds","floor":18.0,"turns":5.0},{"damage":32.0,"enemies":"2 Thieves","floor":20.0,"turns":4.0},{"damage":14.0,"enemies":"3 Cultists","floor":25.0,"turns":5.0},{"damage":37,"enemies":"Snake Plant","floor":27,"turns":2}],"seed_played":"418898866237645876","potions_obtained":[{"floor":1.0,"key":"GamblersBrew"},{"floor":5.0,"key":"SteroidPotion"},{"floor":11.0,"key":"Ancient Potion"}],"is_trial":false,"path_per_floor":["M","?","M","?","M","R","M","R","T","R","M","E","M","?","R","B",null,"M","?","M","?","?","R","$","M","T","M"],"character_chosen":"DEFECT","items_purchased":["OrangePellets","Self Repair"],"campfire_rested":1,"item_purchase_floors":[24,24],"current_hp_per_floor":[64,64,64,64,64,64,37,37,37,37,29,14,7,30,30,4,54,42,42,10,10,10,31,31,24,34,0],"gold":93,"neow_bonus":"THREE_ENEMY_KILL","is_prod":false,"is_daily":false,"chose_seed":false,"campfire_upgraded":4,"win_rate":0,"timestamp":1554613074,"path_taken":["M","?","M","?","M","R","M","R","T","R","M","E","M","?","R","BOSS","M","?","M","?","?","R","?","M","T","M"],"build_version":"2019-01-23","purchased_purges":0,"victory":false,"max_hp_per_floor":[71,71,71,71,71,71,71,71,71,71,71,71,71,71,71,71,71,71,71,71,71,71,71,71,71,81,81],"card_choices":[{"not_picked":["Heatsinks","Steam","Go for the Eyes"],"picked":"SKIP","floor":1.0},{"not_picked":["FTL","Rebound","Blizzard"],"picked":"SKIP","floor":3.0},{"not_picked":["Streamline","Stack"],"picked":"Glacier","floor":5.0},{"not_picked":["Melter","Turbo"],"picked":"Doom and Gloom","floor":7.0},{"not_picked":["Auto Shields","Redo"],"picked":"Heatsinks","floor":11.0},{"not_picked":["Fusion","Meteor Strike"],"picked":"Redo","floor":12.0},{"not_picked":["Compile Driver","Gash"],"picked":"Hologram","floor":13.0},{"not_picked":["Fission","Echo Form"],"picked":"Biased Cognition","floor":16.0},{"not_picked":["Redo","Fusion+1"],"picked":"Turbo","floor":18.0},{"not_picked":["Steam","Barrage"],"picked":"Loop","floor":20.0},{"not_picked":["Turbo","Beam Cell"],"picked":"Cold Snap+1","floor":25.0}],"player_experience":924774,"relics_obtained":[{"floor":9.0,"key":"Happy Flower"},{"floor":12.0,"key":"Ornamental Fan"},{"floor":26.0,"key":"Pear"}],"event_choices":[{"damage_healed":0.0,"max_hp_gain":0.0,"max_hp_loss":0.0,"gold_gain":0.0,"cards_transformed":["Strike_B"],"event_name":"Living Wall","player_choice":"Change","floor":2.0,"gold_loss":0.0,"damage_taken":0.0,"cards_obtained":["Creative AI"]},{"cards_removed":["Strike_B"],"damage_healed":0.0,"max_hp_gain":0.0,"max_hp_loss":0.0,"gold_gain":0.0,"event_name":"The Cleric","player_choice":"Card Removal","floor":4.0,"gold_loss":75.0,"damage_taken":0.0},{"damage_healed":23.0,"max_hp_gain":0.0,"max_hp_loss":0.0,"gold_gain":0.0,"event_name":"Big Fish","player_choice":"Banana","floor":14.0,"gold_loss":0.0,"damage_taken":0.0},{"damage_healed":0.0,"max_hp_gain":0.0,"max_hp_loss":0.0,"gold_gain":0.0,"event_name":"The Library","player_choice":"Read","floor":19.0,"gold_loss":0.0,"damage_taken":0.0,"cards_obtained":["Chill"]},{"damage_healed":0.0,"max_hp_gain":0.0,"max_hp_loss":0.0,"gold_gain":0.0,"event_name":"Forgotten Altar","player_choice":"Smashed Altar","floor":21.0,"gold_loss":0.0,"damage_taken":0.0,"cards_obtained":["Decay"]},{"damage_healed":0.0,"max_hp_gain":0.0,"max_hp_loss":0.0,"gold_gain":0.0,"event_name":"Cursed Tome","player_choice":"Ignored","floor":22.0,"gold_loss":0.0,"damage_taken":0.0}],"is_beta":false,"boss_relics":[{"not_picked":["White Beast Statue","Fusion Hammer"],"picked":"Sozu"}],"items_purged_floors":[],"is_endless":false,"potions_floor_spawned":[1,5,11,20],"killed_by":"Snake Plant","ascension_level":20}