{"gold_per_floor":[119,119,132,132,108,108,118,137,160,192,205,279,279,279,279,375,375,392,19,38,38,49,49],"floor_reached":23,"playtime":932,"items_purged":[],"score":210,"play_id":"5fb860c8-0c6f-4064-9f83-c914d69c9b7a","local_time":"20190809160034","is_ascension_mode":true,"campfire_choices":[{"data":"Cleave","floor":6,"key":"SMITH"},{"data":"Battle Trance","floor":13,"key":"SMITH"},{"data":"Ghostly Armor","floor":15,"key":"SMITH"}],"neow_cost":"NONE","seed_source_timestamp":1494538051473630,"circlet_count":0,"master_deck":["Strike_R","Strike_R","Strike_R","Strike_R","Strike_R","Defend_R","Defend_R","Defend_R+1","Bash","Battle Trance+1","Cleave+1","Flame Barrier+1","Pommel Strike","Shrug It Off","Ghostly Armor+1","Feed","Clash+1","Carnage","Twin Strike"],"relics":["Burning Blood","Boot","War Paint","Anchor","Runic Cube","Regal Pillow","Pen Nib","GremlinMask"],"potions_floor_usage":[10,10],"damage_taken":[{"damage":4,"enemies":"Jaw Worm","floor":1,"turns":7},{"damage":1,"enemies":"Cultist","floor":3,"turns":3},{"damage":0,"enemies":"2 Louse","floor":7,"turns":1},{"damage":6,"enemies":"Looter","floor":8,"turns":3},{"damage":7,"enemies":"Lagavulin","floor":10,"turns":6},{"damage":0,"enemies":"Lots of Slimes","floor":11,"turns":2},{"damage":74,"enemies":"Slime Boss","floor":16,"turns":13},{"damage":27,"enemies":"Spheric Guardian","floor":18,"turns":8},{"damage":0,"enemies":"Chosen","floor":20,"turns":4},{"damage":22,"enemies":"Snecko","floor":22,"turns":6},{"damage":57,"enemies":"Gremlin Leader","floor":23,"turns":9}],"seed_played":"-7961818294623695313","potions_obtained":[{"floor":1,"key":"GamblersBrew"},{"floor":3,"key":"PowerPotion"},{"floor":8,"key":"AttackPotion"},{"floor":18,"key":"EssenceOfSteel"},{"floor":20,"key":"GamblersBrew"}],"is_trial":false,"path_per_floor":["M","?","M","?","$","R","M","M","T","E","M","?","R","?","R","B",null,"M","$","M","?","M","E"],"character_chosen":"IRONCLAD","items_purchased":["Cleave","Regal Pillow","Carnage","Pen Nib"],"campfire_rested":0,"item_purchase_floors":[5,19,19,19],"current_hp_per_floor":[88,88,88,88,88,88,88,88,88,87,88,88,88,88,88,20,88,67,67,73,73,57,0],"gold":49,"neow_bonus":"TEN_PERCENT_HP_BONUS","is_prod":false,"is_daily":false,"chose_seed":false,"campfire_upgraded":3,"win_rate":0,"timestamp":1565380834,"path_taken":["M","?","?","?","$","R","M","M","T","E","?","?","R","?","R","BOSS","M","$","?","?","M","E"],"build_version":"2019-06-28","purchased_purges":0,"victory":false,"max_hp_per_floor":[88,88,88,88,88,88,88,88,88,88,88,88,88,88,88,88,88,88,88,88,88,88,88],"card_choices":[{"not_picked":["Rupture","Sword Boomerang","Entrench"],"picked":"SKIP","floor":1},{"not_picked":["Sword Boomerang","Twin Strike"],"picked":"Battle Trance","floor":3},{"not_picked":["Body Slam","Warcry"],"picked":"Flame Barrier","floor":7},{"not_picked":["Wild Strike","Searing Blow"],"picked":"Pommel Strike","floor":8},{"not_picked":["Anger","Blood for Blood"],"picked":"Shrug It Off","floor":10},{"not_picked":["Wild Strike","Twin Strike"],"picked":"Ghostly Armor","floor":11},{"not_picked":["Offering","Reaper"],"picked":"Feed","floor":16},{"not_picked":["Whirlwind+1","Thunderclap"],"picked":"Clash+1","floor":18},{"not_picked":["Dropkick","Clothesline"],"picked":"Twin Strike","floor":20},{"not_picked":["Reckless Charge","Wild Strike","Second Wind+1"],"picked":"SKIP","floor":22}],"player_experience":61135,"relics_obtained":[{"floor":9,"key":"War Paint"},{"floor":10,"key":"Anchor"}],"event_choices":[{"cards_removed":["Defend_R"],"damage_healed":0,"gold_gain":0,"player_choice":"Offered Basic","damage_taken":0,"max_hp_gain":0,"max_hp_loss":0,"event_name":"Bonfire Elementals","floor":2,"gold_loss":0},{"damage_healed":0,"gold_gain":0,"player_choice":"Gave Potion","damage_taken":0,"relics_obtained":["Boot"],"max_hp_gain":0,"max_hp_loss":0,"event_name":"WeMeetAgain","floor":4,"gold_loss":0},{"damage_healed":0,"gold_gain":74,"player_choice":"Gained Gold","damage_taken":0,"max_hp_gain":0,"max_hp_loss":0,"event_name":"Golden Wing","floor":12,"gold_loss":0},{"damage_healed":0,"gold_gain":0,"player_choice":"Full Heal","damage_taken":0,"max_hp_gain":0,"max_hp_loss":0,"event_name":"Wheel of Change","floor":14,"gold_loss":0},{"damage_healed":0,"gold_gain":0,"player_choice":"Trade","damage_taken":0,"relics_obtained":["GremlinMask"],"max_hp_gain":0,"max_hp_loss":0,"event_name":"FaceTrader","floor":21,"gold_loss":0}],"is_beta":true,"boss_relics":[{"not_picked":["Cursed Key","Runic Dome"],"picked":"Runic Cube"}],"items_purged_floors":[],"is_endless":false,"potions_floor_spawned":[1,3,8,18,20],"killed_by":"Gremlin Leader","ascension_level":2}