{"gold_per_floor":[114,114,129,145,155,155,175,175,231,241,253,17,17,117,117,117],"floor_reached":16,"playtime":851,"items_purged":[],"score":192,"play_id":"5a59d4ec-cea1-42cf-a95a-41865aeb929f","local_time":"20190216113525","is_ascension_mode":true,"campfire_choices":[{"data":"Entrench","floor":6.0,"key":"SMITH"},{"data":"Pommel Strike","floor":8.0,"key":"SMITH"},{"data":"Shockwave","floor":13.0,"key":"SMITH"},{"data":"Evolve","floor":15.0,"key":"SMITH"}],"neow_cost":"NONE","seed_source_timestamp":6276255816917,"circlet_count":0,"master_deck":["AscendersBane","Strike_R","Strike_R","Strike_R","Strike_R","Defend_R","Defend_R","Defend_R","Defend_R","Bash","Purity","Shrug It Off","Entrench+1","Pommel Strike+1","Shockwave+1","HandOfGreed","Evolve+1","Power Through"],"special_seed":0,"relics":["Burning Blood","Tiny Chest"],"potions_floor_usage":[16,16],"damage_taken":[{"damage":7.0,"enemies":"Jaw Worm","floor":1.0,"turns":3.0},{"damage":8.0,"enemies":"2 Louse","floor":3.0,"turns":4.0},{"damage":2.0,"enemies":"Cultist","floor":4.0,"turns":4.0},{"damage":20.0,"enemies":"Exordium Wildlife","floor":5.0,"turns":7.0},{"damage":10.0,"enemies":"Looter","floor":7.0,"turns":5.0},{"damage":6.0,"enemies":"3 Louse","floor":10.0,"turns":6.0},{"damage":3.0,"enemies":"Blue Slaver","floor":11.0,"turns":7.0},{"damage":18.0,"enemies":"Lots of Slimes","floor":14.0,"turns":10.0},{"damage":37,"enemies":"The Guardian","floor":16,"turns":17}],"seed_played":"-344158773453888555","potions_obtained":[{"floor":1.0,"key":"Regen Potion"},{"floor":4.0,"key":"Weak Potion"},{"floor":7.0,"key":"Swift Potion"},{"floor":14.0,"key":"PowerPotion"}],"is_trial":false,"path_per_floor":["M","?","M","M","M","R","M","R","T","M","M","$","R","M","R","B"],"character_chosen":"IRONCLAD","items_purchased":["HandOfGreed","Evolve"],"campfire_rested":0,"item_purchase_floors":[12,12],"current_hp_per_floor":[67,67,65,69,55,55,51,51,51,51,54,54,54,42,42,5],"gold":117,"neow_bonus":"RANDOM_COLORLESS","is_prod":false,"is_daily":false,"chose_seed":false,"campfire_upgraded":4,"win_rate":0,"timestamp":1550288125,"path_taken":["M","?","M","M","M","R","M","R","T","M","M","$","R","M","R","BOSS"],"build_version":"2019-02-06","purchased_purges":0,"victory":false,"max_hp_per_floor":[75,75,75,75,75,75,75,75,75,75,75,75,75,75,75,75],"card_choices":[{"not_picked":["Twin Strike","Thunderclap","Fire Breathing"],"picked":"SKIP","floor":1.0},{"not_picked":["Iron Wave","Sentinel"],"picked":"Shrug It Off","floor":3.0},{"not_picked":["Anger","Armaments"],"picked":"Entrench","floor":4.0},{"not_picked":["Burning Pact","Rupture"],"picked":"Pommel Strike","floor":5.0},{"not_picked":["Wild Strike","Power Through","Rupture"],"picked":"SKIP","floor":7.0},{"not_picked":["Wild Strike","Power Through","Rupture"],"picked":"SKIP","floor":7.0},{"not_picked":["Twin Strike","Reaper","Flame Barrier"],"picked":"SKIP","floor":10.0},{"not_picked":["Wild Strike","Anger"],"picked":"Shockwave","floor":11.0},{"not_picked":["Warcry","Second Wind"],"picked":"Power Through","floor":14.0}],"player_experience":800535,"relics_obtained":[{"floor":9.0,"key":"Tiny Chest"}],"event_choices":[{"cards_removed":["Strike_R"],"damage_healed":0.0,"max_hp_gain":0.0,"max_hp_loss":0.0,"gold_gain":0.0,"event_name":"Living Wall","player_choice":"Forget","floor":2.0,"gold_loss":0.0,"damage_taken":0.0}],"is_beta":true,"boss_relics":[],"items_purged_floors":[],"is_endless":false,"potions_floor_spawned":[1,4,7,14],"killed_by":"The Guardian","ascension_level":20}