{"gold_per_floor":[117,128,148,166,51,51,61,61,86,106,106,123,23,42,42,116,116,136,153,164,164,108,108,138,138],"floor_reached":25,"playtime":1238,"items_purged":["Strike_B","Strike_B"],"score":434,"play_id":"28608266-3a53-4d91-9f69-e302dd70d7fa","local_time":"20190426224050","is_ascension_mode":true,"campfire_choices":[{"data":"Defragment","floor":6.0,"key":"SMITH"},{"data":"Coolheaded","floor":8.0,"key":"SMITH"},{"data":"Seek","floor":15.0,"key":"SMITH"},{"data":"Turbo","floor":23.0,"key":"SMITH"}],"neow_cost":"NONE","seed_source_timestamp":11625558492224,"circlet_count":0,"master_deck":["AscendersBane","Strike_B","Strike_B","Defend_B","Defend_B","Defend_B","Defend_B","Zap","Dualcast","Ball Lightning","Turbo+1","Coolheaded+1","Defragment+1","Cold Snap","Seek+1","Fission","Loop+1"],"special_seed":0,"relics":["Cracked Core","Strawberry","Boot","Orichalcum","Inserter","Gambling Chip","Oddly Smooth Stone"],"potions_floor_usage":[24,24],"damage_taken":[{"damage":1.0,"enemies":"Cultist","floor":1.0,"turns":3.0},{"damage":2.0,"enemies":"2 Louse","floor":2.0,"turns":2.0},{"damage":2.0,"enemies":"Jaw Worm","floor":3.0,"turns":3.0},{"damage":8.0,"enemies":"Exordium Wildlife","floor":4.0,"turns":3.0},{"damage":8.0,"enemies":"Red Slaver","floor":7.0,"turns":3.0},{"damage":0.0,"enemies":"Looter","floor":10.0,"turns":4.0},{"damage":1.0,"enemies":"Large Slime","floor":12.0,"turns":4.0},{"damage":0.0,"enemies":"Exordium Wildlife","floor":14.0,"turns":2.0},{"damage":9.0,"enemies":"The Guardian","floor":16.0,"turns":12.0},{"damage":23.0,"enemies":"2 Thieves","floor":18.0,"turns":5.0},{"damage":9.0,"enemies":"Shell Parasite","floor":19.0,"turns":6.0},{"damage":14.0,"enemies":"Snake Plant","floor":20.0,"turns":5.0},{"damage":33,"enemies":"Slavers","floor":24,"turns":10},{"damage":0,"enemies":"Shelled Parasite and Fungi","floor":25,"turns":1}],"seed_played":"6089748493246593129","potions_obtained":[{"floor":2.0,"key":"Fruit Juice"},{"floor":3.0,"key":"SteroidPotion"},{"floor":12.0,"key":"Weak Potion"},{"floor":20.0,"key":"Regen Potion"}],"is_trial":false,"path_per_floor":["M","M","M","M","$","R","M","R","T","M","?","M","$","M","R","B",null,"M","M","M","T","$","R","E","M"],"character_chosen":"DEFECT","items_purchased":["Defragment","PowerPotion"],"campfire_rested":0,"item_purchase_floors":[5,22],"current_hp_per_floor":[70,68,66,58,58,58,50,50,50,50,50,49,49,49,49,40,69,46,37,23,23,28,28,10,10],"gold":138,"neow_bonus":"RANDOM_COMMON_RELIC","is_prod":false,"is_daily":false,"chose_seed":false,"campfire_upgraded":4,"win_rate":0,"timestamp":1556289650,"path_taken":["M","M","M","?","$","R","M","R","T","M","?","M","$","M","R","BOSS","M","M","?","?","$","R","E","M"],"build_version":"2019-01-23","purchased_purges":2,"victory":false,"max_hp_per_floor":[78,78,78,78,78,78,78,78,78,78,78,78,78,78,78,78,78,78,78,78,78,83,83,83,83],"card_choices":[{"not_picked":["Rebound","Compile Driver","Gash"],"picked":"SKIP","floor":1.0},{"not_picked":["Fusion","Gash"],"picked":"Ball Lightning","floor":2.0},{"not_picked":["Leap","BootSequence"],"picked":"Turbo","floor":3.0},{"not_picked":["Hello World","Leap"],"picked":"Coolheaded","floor":4.0},{"not_picked":["Barrage","Darkness","Stack"],"picked":"SKIP","floor":7.0},{"not_picked":["Steam Power","Turbo"],"picked":"Cold Snap","floor":10.0},{"not_picked":["Go for the Eyes","Streamline"],"picked":"Seek","floor":12.0},{"not_picked":["Steam","Coolheaded","Stack"],"picked":"SKIP","floor":14.0},{"not_picked":["Buffer","Reboot"],"picked":"Fission","floor":16.0},{"not_picked":["Tempest","Go for the Eyes","Gash"],"picked":"SKIP","floor":18.0},{"not_picked":["Conserve Battery","Streamline"],"picked":"Loop+1","floor":19.0},{"not_picked":["Loop","Compile Driver","Beam Cell"],"picked":"SKIP","floor":20.0},{"not_picked":["Tempest","Redo","Streamline"],"picked":"SKIP","floor":24},{"not_picked":["Tempest","Redo","Streamline"],"picked":"SKIP","floor":24}],"player_experience":955668,"relics_obtained":[{"floor":9.0,"key":"Boot"},{"floor":21.0,"key":"Gambling Chip"},{"floor":24,"key":"Oddly Smooth Stone"}],"event_choices":[{"damage_healed":0.0,"max_hp_gain":0.0,"max_hp_loss":0.0,"gold_gain":0.0,"event_name":"WeMeetAgain","player_choice":"Gave Potion","floor":11.0,"gold_loss":0.0,"damage_taken":0.0,"relics_obtained":["Orichalcum"]}],"is_beta":false,"boss_relics":[{"not_picked":["Runic Pyramid","Lizard Tail"],"picked":"Inserter"}],"items_purged_floors":[5,13],"is_endless":false,"potions_floor_spawned":[2,3,12,20],"killed_by":"Shelled Parasite and Fungi","ascension_level":20}