{"gold_per_floor":[218,218,229,229,240,240,269,269,269,97,131,131,149,2,2,74,74,74],"floor_reached":18,"playtime":616,"items_purged":["Perfected Strike"],"score":277,"play_id":"bf2c5b33-67e8-4c13-b6c6-7b2a37908b96","local_time":"20190128172015","is_ascension_mode":true,"campfire_choices":[{"data":"Carnage","floor":6.0,"key":"SMITH"},{"data":"Uppercut","floor":8.0,"key":"SMITH"},{"floor":12.0,"key":"REST"},{"data":"True Grit","floor":15.0,"key":"SMITH"}],"neow_cost":"NONE","seed_source_timestamp":30244410857085,"circlet_count":0,"master_deck":["AscendersBane","Strike_R","Strike_R","Strike_R","Defend_R","Defend_R","Defend_R","Defend_R","Bash","Battle Trance","Carnage+1","True Grit+1","Uppercut+1","Offering","Double Tap","Ghostly Armor","Second Wind"],"special_seed":0,"relics":["Burning Blood","Question Card","Art of War","Ginger","Orrery"],"potions_floor_usage":[16],"damage_taken":[{"damage":9.0,"enemies":"2 Louse","floor":1.0,"turns":3.0},{"damage":6.0,"enemies":"Cultist","floor":3.0,"turns":3.0},{"damage":7.0,"enemies":"Jaw Worm","floor":5.0,"turns":2.0},{"damage":33.0,"enemies":"Gremlin Nob","floor":7.0,"turns":5.0},{"damage":38.0,"enemies":"3 Sentries","floor":11.0,"turns":11.0},{"damage":18.0,"enemies":"Gremlin Gang","floor":13.0,"turns":5.0},{"damage":10,"enemies":"Slime Boss","floor":16,"turns":5},{"damage":28,"enemies":"Spheric Guardian","floor":18,"turns":5}],"seed_played":"1490158125501677828","potions_obtained":[{"floor":5.0,"key":"PowerPotion"}],"is_trial":false,"path_per_floor":["M","?","M","?","M","R","E","R","T","$","E","R","M","$","R","B",null,"M"],"character_chosen":"IRONCLAD","items_purchased":["EntropicBrew","Double Tap"],"campfire_rested":1,"item_purchase_floors":[10,14],"current_hp_per_floor":[69,69,69,69,68,68,41,41,41,41,9,33,21,21,21,17,64,36],"gold":74,"neow_bonus":"HUNDRED_GOLD","is_prod":false,"is_daily":false,"chose_seed":false,"campfire_upgraded":3,"win_rate":0,"timestamp":1548667215,"path_taken":["M","?","?","?","?","R","E","R","T","$","E","R","M","$","R","BOSS","M"],"build_version":"2019-01-23","purchased_purges":1,"victory":false,"max_hp_per_floor":[80,80,80,80,80,80,80,80,80,80,80,80,80,80,80,80,80,80],"card_choices":[{"not_picked":["Thunderclap","Rupture"],"picked":"Battle Trance","floor":1.0},{"not_picked":["Clash","Heavy Blade"],"picked":"Perfected Strike","floor":3.0},{"not_picked":["Headbutt","Sword Boomerang"],"picked":"True Grit","floor":5.0},{"not_picked":["Power Through","Thunderclap"],"picked":"Uppercut","floor":7.0},{"not_picked":["Clothesline","Rampage","Heavy Blade","Wild Strike"],"picked":"SKIP","floor":11.0},{"not_picked":["Reckless Charge","Perfected Strike","True Grit"],"picked":"Offering","floor":13.0},{"not_picked":["Perfected Strike","Iron Wave","Burning Pact"],"picked":"Ghostly Armor","floor":17},{"not_picked":["Clothesline","Pummel","Searing Blow"],"picked":"Second Wind","floor":17}],"player_experience":704705,"relics_obtained":[{"floor":7.0,"key":"Question Card"},{"floor":9.0,"key":"Art of War"},{"floor":11.0,"key":"Ginger"}],"event_choices":[{"damage_healed":0.0,"max_hp_gain":0.0,"max_hp_loss":0.0,"gold_gain":0.0,"cards_transformed":["Strike_R"],"event_name":"Transmorgrifier","player_choice":"Transformed","floor":2.0,"gold_loss":0.0,"damage_taken":0.0,"cards_obtained":["Carnage"]},{"cards_removed":["Strike_R"],"damage_healed":0.0,"max_hp_gain":0.0,"max_hp_loss":0.0,"gold_gain":0.0,"event_name":"Purifier","player_choice":"Purged","floor":4.0,"gold_loss":0.0,"damage_taken":0.0}],"is_beta":true,"boss_relics":[{"not_picked":["Eternal Feather","Calling Bell"],"picked":"Orrery"}],"items_purged_floors":[10],"is_endless":false,"potions_floor_spawned":[5,13],"killed_by":"Spheric Guardian","ascension_level":13}