{"gold_per_floor":[118,65,83,96,96,96,96,96,146,158,182,208,236,228,240,329,341,373,404,427,439,451,463,508,520,532,559,589,601,633,662,674,765,777,805,342,342,355,375,375,375],"floor_reached":41,"playtime":1437,"items_purged":["FTL"],"score":839,"play_id":"1534e3a2-b4eb-48e0-a4f5-dda9a5d408b8","local_time":"20190130125341","is_ascension_mode":true,"campfire_choices":[{"data":"Hologram","floor":6.0,"key":"SMITH"},{"data":"Electrodynamics","floor":8.0,"key":"SMITH"},{"data":"Dualcast","floor":10.0,"key":"SMITH"},{"data":"Darkness","floor":15.0,"key":"SMITH"},{"floor":23.0,"key":"REST"},{"floor":25.0,"key":"REST"},{"floor":29.0,"key":"REST"},{"data":"Chaos","floor":32.0,"key":"SMITH"},{"floor":40,"key":"REST"}],"neow_cost":"NONE","seed_source_timestamp":18495148429976,"circlet_count":0,"master_deck":["AscendersBane","Zap","Dualcast+1","Electrodynamics+1","Skim","Ball Lightning","Hologram+1","Darkness+1","Conserve Battery","Capacitor","Biased Cognition","Undo","Tempest","Undo","Conserve Battery+1","Auto Shields","Consume","Recycle","Chaos+1","Core Surge","Fusion","Machine Learning","Biased Cognition","Consume","FTL","Self Repair","Force Field","Beam Cell","Coolheaded","Leap+1"],"special_seed":0,"relics":["Cracked Core","Pear","MawBank","Cursed Key","Bottled Lightning","Pandora\u0027s Box","Runic Capacitor"],"potions_floor_usage":[41,41],"damage_taken":[{"damage":7.0,"enemies":"Jaw Worm","floor":1.0,"turns":2.0},{"damage":8.0,"enemies":"Small Slimes","floor":3.0,"turns":2.0},{"damage":1.0,"enemies":"Cultist","floor":4.0,"turns":3.0},{"damage":0.0,"enemies":"3 Louse","floor":11.0,"turns":3.0},{"damage":20.0,"enemies":"Exordium Thugs","floor":12.0,"turns":3.0},{"damage":0.0,"enemies":"Looter","floor":13.0,"turns":2.0},{"damage":33.0,"enemies":"The Guardian","floor":16.0,"turns":10.0},{"damage":6.0,"enemies":"Chosen","floor":18.0,"turns":4.0},{"damage":33.0,"enemies":"Shell Parasite","floor":19.0,"turns":5.0},{"damage":12.0,"enemies":"Snake Plant","floor":20.0,"turns":3.0},{"damage":28.0,"enemies":"Slavers","floor":24.0,"turns":3.0},{"damage":22.0,"enemies":"Centurion and Healer","floor":27.0,"turns":3.0},{"damage":0.0,"enemies":"Cultist and Chosen","floor":28.0,"turns":4.0},{"damage":15.0,"enemies":"Snecko","floor":30.0,"turns":5.0},{"damage":7.0,"enemies":"3 Cultists","floor":31.0,"turns":3.0},{"damage":56.0,"enemies":"Automaton","floor":33.0,"turns":10.0},{"damage":31.0,"enemies":"3 Darklings","floor":35.0,"turns":3.0},{"damage":0.0,"enemies":"Orb Walker","floor":38.0,"turns":3.0},{"damage":39,"enemies":"Spire Growth","floor":39,"turns":5},{"damage":53,"enemies":"Reptomancer","floor":41,"turns":2}],"seed_played":"4373715681337518531","potions_obtained":[{"floor":3.0,"key":"SneckoOil"},{"floor":7.0,"key":"Fruit Juice"},{"floor":7.0,"key":"FairyPotion"},{"floor":11.0,"key":"Fruit Juice"},{"floor":14.0,"key":"Regen Potion"},{"floor":20.0,"key":"GamblersBrew"},{"floor":27.0,"key":"AttackPotion"}],"is_trial":false,"path_per_floor":["M","$","M","M","?","R","?","R","T","R","M","M","M","?","R","B",null,"M","M","M","?","?","R","E","R","T","M","M","R","M","M","R","B",null,"M","$","?","M","M","R","E"],"character_chosen":"DEFECT","items_purchased":["Ball Lightning","Runic Capacitor","Coolheaded","FocusPotion","Fire Potion"],"campfire_rested":4,"item_purchase_floors":[2,36,36,36,36],"current_hp_per_floor":[57,57,49,48,40,40,45,45,45,45,50,30,30,30,30,12,71,65,32,20,20,20,47,19,46,46,24,24,51,36,29,29,3,69,38,38,38,45,13,40,0],"gold":375,"neow_bonus":"ONE_RANDOM_RARE_CARD","is_prod":false,"is_daily":false,"chose_seed":false,"campfire_upgraded":5,"win_rate":0,"timestamp":1548824021,"path_taken":["M","$","M","M","?","R","?","R","T","R","?","M","M","?","R","BOSS","M","M","M","?","?","R","E","R","T","M","M","R","M","?","R","BOSS","M","$","?","M","M","R","E"],"build_version":"2019-01-23","purchased_purges":1,"victory":false,"max_hp_per_floor":[71,71,71,71,81,81,86,86,86,86,91,91,91,91,91,91,91,91,91,91,91,91,91,91,91,91,91,91,91,91,91,91,91,91,91,91,91,91,91,91,91],"card_choices":[{"not_picked":["Compile Driver","FTL"],"picked":"Skim","floor":1.0},{"not_picked":["Consume","Ball Lightning"],"picked":"FTL","floor":3.0},{"not_picked":["Stack","Redo"],"picked":"Hologram","floor":4.0},{"not_picked":["Conserve Battery","Leap"],"picked":"Darkness","floor":11.0},{"not_picked":["Cold Snap","Leap"],"picked":"Conserve Battery","floor":12.0},{"not_picked":["Barrage","Turbo"],"picked":"Capacitor","floor":13.0},{"not_picked":["Electrodynamics","Core Surge"],"picked":"Biased Cognition","floor":16.0},{"not_picked":["Hologram","Gash"],"picked":"Undo","floor":18.0},{"not_picked":["Beam Cell","Conserve Battery"],"picked":"Tempest","floor":19.0},{"not_picked":["Streamline","Static Discharge","Heatsinks+1"],"picked":"SKIP","floor":20.0},{"not_picked":["Barrage","Rip and Tear"],"picked":"Conserve Battery+1","floor":24.0},{"not_picked":["Barrage+1","Turbo"],"picked":"Auto Shields","floor":27.0},{"not_picked":["Hologram","Steam Power+1"],"picked":"Consume","floor":28.0},{"not_picked":["Rebound","Sunder"],"picked":"Recycle","floor":30.0},{"not_picked":["Leap","Rip and Tear"],"picked":"Chaos","floor":31.0},{"not_picked":["Biased Cognition","Thunder Strike"],"picked":"Core Surge","floor":33.0},{"not_picked":["Beam Cell","Recycle","Gash"],"picked":"SKIP","floor":35.0},{"not_picked":["Defragment","FTL","BootSequence"],"picked":"SKIP","floor":38.0},{"not_picked":["Compile Driver","Sweeping Beam+1"],"picked":"Leap+1","floor":39}],"player_experience":731020,"relics_obtained":[{"floor":9.0,"key":"MawBank"},{"floor":24.0,"key":"Bottled Lightning"}],"event_choices":[{"damage_healed":0.0,"max_hp_gain":0.0,"max_hp_loss":0.0,"gold_gain":0.0,"event_name":"Scrap Ooze","player_choice":"Success","floor":5.0,"gold_loss":0.0,"damage_taken":18.0,"relics_obtained":["Pear"]},{"damage_healed":0.0,"max_hp_gain":0.0,"max_hp_loss":0.0,"gold_gain":0.0,"event_name":"Lab","player_choice":"Got Potions","floor":7.0,"gold_loss":0.0,"damage_taken":0.0},{"damage_healed":0.0,"max_hp_gain":0.0,"max_hp_loss":0.0,"gold_gain":0.0,"event_name":"The Woman in Blue","player_choice":"Bought 1 Potion","floor":14.0,"gold_loss":0.0,"damage_taken":0.0},{"damage_healed":0.0,"max_hp_gain":0.0,"max_hp_loss":0.0,"gold_gain":0.0,"event_name":"The Mausoleum","player_choice":"Ignored","floor":21.0,"gold_loss":0.0,"damage_taken":0.0},{"damage_healed":0.0,"max_hp_gain":0.0,"max_hp_loss":0.0,"gold_gain":0.0,"event_name":"Duplicator","player_choice":"Copied","floor":22.0,"gold_loss":0.0,"damage_taken":0.0,"cards_obtained":["Undo"]},{"damage_healed":0.0,"max_hp_gain":0.0,"max_hp_loss":0.0,"gold_gain":0.0,"event_name":"Tomb of Lord Red Mask","player_choice":"Ignored","floor":37.0,"gold_loss":0.0,"damage_taken":0.0}],"is_beta":true,"boss_relics":[{"not_picked":["Lizard Tail","Busted Crown"],"picked":"Cursed Key"},{"not_picked":["Coffee Dripper","Calling Bell"],"picked":"Pandora\u0027s Box"}],"items_purged_floors":[36],"is_endless":false,"potions_floor_spawned":[3,11,20,27,39],"killed_by":"Reptomancer","ascension_level":20}