{"gold_per_floor":[365,383,383,400,419,419,437,346,370,42,52,52,86,103,103,103],"floor_reached":16,"playtime":625,"items_purged":[],"score":208,"play_id":"9862f2af-3cac-40a0-a738-0c30045083aa","local_time":"20180921212236","is_ascension_mode":true,"campfire_choices":[{"data":"Dualcast","floor":6,"key":"SMITH"},{"floor":12,"key":"REST"},{"data":"Seek","floor":15,"key":"SMITH"}],"neow_cost":"PERCENT_DAMAGE","seed_source_timestamp":6070976527521,"circlet_count":0,"master_deck":["Strike_B","Strike_B","Strike_B","Strike_B","Defend_B","Defend_B","Defend_B","Defend_B","Zap+1","Dualcast+1","AscendersBane","Coolheaded","Gash","Gash","Sunder","Leap","Seek+1","Conserve Battery+1","Biased Cognition","Consume+1","Redo+1"],"special_seed":0,"relics":["Cracked Core","Anchor","Toxic Egg 2","Orichalcum"],"potions_floor_usage":[13,16,16],"damage_taken":[{"damage":0.0,"enemies":"Small Slimes","floor":1.0,"turns":2.0},{"damage":2.0,"enemies":"Jaw Worm","floor":2.0,"turns":4.0},{"damage":0,"enemies":"Cultist","floor":4,"turns":3},{"damage":2,"enemies":"2 Fungi Beasts","floor":5,"turns":4},{"damage":33,"enemies":"Gremlin Gang","floor":7,"turns":4},{"damage":0,"enemies":"Looter","floor":11,"turns":3},{"damage":7,"enemies":"3 Sentries","floor":13,"turns":7},{"damage":0,"enemies":"3 Louse","floor":14,"turns":2},{"damage":25,"enemies":"The Guardian","floor":16,"turns":12}],"seed_played":"-596282072718453527","potions_obtained":[{"floor":4,"key":"SpeedPotion"},{"floor":5,"key":"Energy Potion"},{"floor":13,"key":"LiquidBronze"}],"is_trial":false,"path_per_floor":["M","M","?","M","M","R","M","$","T","$","M","R","E","M","R"],"character_chosen":"DEFECT","items_purchased":["Seek","Toxic Egg 2","Conserve Battery+1"],"campfire_rested":1,"item_purchase_floors":[8,10,10],"current_hp_per_floor":[46,44,44,44,42,42,9,9,9,9,9,30,23,23,23,0],"gold":103,"neow_bonus":"TWO_FIFTY_GOLD","is_prod":false,"is_daily":false,"chose_seed":false,"campfire_upgraded":2,"win_rate":0,"timestamp":1537536156,"path_taken":["M","M","?","M","M","R","M","$","T","$","M","R","E","M","R","BOSS"],"build_version":"2018-09-20","purchased_purges":0,"victory":false,"max_hp_per_floor":[71,71,71,71,71,71,71,71,71,71,71,71,71,71,71,71],"card_choices":[{"not_picked":["Barrage","Heatsinks"],"picked":"Coolheaded","floor":1.0},{"not_picked":["Storm","Steam"],"picked":"Gash","floor":2.0},{"not_picked":["Redo","Ball Lightning"],"picked":"Gash","floor":4},{"not_picked":["Rebound","Compile Driver"],"picked":"Sunder","floor":5},{"not_picked":["Rebound","Steam"],"picked":"Leap","floor":7},{"not_picked":["Ball Lightning","Double Energy+1"],"picked":"Biased Cognition","floor":11},{"not_picked":["Conserve Battery+1","Seek+1"],"picked":"Consume+1","floor":13},{"not_picked":["Go for the Eyes","Cold Snap"],"picked":"Redo+1","floor":14}],"player_experience":368813,"relics_obtained":[{"floor":9,"key":"Anchor"},{"floor":13,"key":"Orichalcum"}],"event_choices":[{"event_name":"Living Wall","player_choice":"Grow","floor":3,"damage_taken":0}],"is_beta":true,"boss_relics":[],"items_purged_floors":[],"is_endless":false,"potions_floor_spawned":[4,5,13],"killed_by":"The Guardian","ascension_level":20}