{"gold_per_floor":[109,109,29,40,40,68,68,94,94,94],"floor_reached":10,"playtime":210,"items_purged":[],"score":198,"play_id":"48f7c93c-208e-45a1-97f9-9c82c75fb3b8","local_time":"20190426211730","is_ascension_mode":true,"campfire_choices":[{"data":"Darkness","floor":7,"key":"SMITH"}],"neow_cost":"NONE","seed_source_timestamp":7902330221998,"circlet_count":0,"master_deck":["AscendersBane","Strike_B","Strike_B","Strike_B","Strike_B","Defend_B","Defend_B","Defend_B","Defend_B","Zap","Dualcast","Defragment","Genetic Algorithm","Darkness+1","Leap+1"],"relics":["Cracked Core","NeowsBlessing","Mercury Hourglass","Toxic Egg 2"],"potions_floor_usage":[10],"damage_taken":[{"damage":0,"enemies":"Small Slimes","floor":1,"turns":1},{"damage":0,"enemies":"Cultist","floor":4,"turns":1},{"damage":0,"enemies":"Lagavulin","floor":6,"turns":1},{"damage":49,"enemies":"3 Sentries","floor":8,"turns":7},{"damage":35,"enemies":"Gremlin Nob","floor":10,"turns":3}],"seed_played":"-2282173457976269156","potions_obtained":[{"floor":8,"key":"Poison Potion"}],"is_trial":false,"path_per_floor":["M","?","$","M","?","E","R","E","T","E"],"character_chosen":"DEFECT","items_purchased":["Genetic Algorithm"],"campfire_rested":0,"item_purchase_floors":[3],"current_hp_per_floor":[64,64,64,64,64,64,64,15,15,0],"gold":94,"neow_bonus":"THREE_ENEMY_KILL","is_prod":false,"is_daily":false,"chose_seed":false,"campfire_upgraded":1,"win_rate":0,"timestamp":1556284650,"path_taken":["M","?","$","?","?","E","R","E","T","E"],"build_version":"2019-01-23","purchased_purges":0,"victory":false,"max_hp_per_floor":[71,71,71,71,71,71,71,71,71,71],"card_choices":[{"not_picked":["Gash","Hello World"],"picked":"Defragment","floor":1},{"not_picked":["Go for the Eyes","Barrage","Scrape"],"picked":"SKIP","floor":4},{"not_picked":["Rainbow","Multi-Cast"],"picked":"Darkness","floor":6},{"not_picked":["Gash","Compile Driver"],"picked":"Leap","floor":8}],"player_experience":952211,"relics_obtained":[{"floor":6,"key":"Mercury Hourglass"},{"floor":8,"key":"Toxic Egg 2"}],"event_choices":[{"damage_healed":0,"gold_gain":0,"player_choice":"0 cards matched","damage_taken":0,"max_hp_gain":0,"max_hp_loss":0,"event_name":"Match and Keep!","floor":2,"gold_loss":0,"cards_obtained":[]},{"damage_healed":0,"gold_gain":0,"player_choice":"Ignored","damage_taken":0,"max_hp_gain":0,"max_hp_loss":0,"event_name":"Liars Game","floor":5,"gold_loss":0}],"is_beta":false,"boss_relics":[],"items_purged_floors":[],"is_endless":false,"potions_floor_spawned":[8],"killed_by":"Gremlin Nob","ascension_level":20}