{"gold_per_floor":[115,129,148,298,311,311,250,261,284,284,319,319,330,349,349,349],"floor_reached":16,"playtime":611,"items_purged":[],"score":192,"play_id":"218c4b16-6192-4bce-ae4d-b06353853d8d","local_time":"20181110132751","is_ascension_mode":true,"campfire_choices":[{"data":"Crippling Poison","floor":6.0,"key":"SMITH"},{"data":"Neutralize","floor":10.0,"key":"SMITH"},{"data":"Cloak And Dagger","floor":15,"key":"SMITH"}],"neow_cost":"NONE","seed_source_timestamp":6203891661661,"circlet_count":0,"master_deck":["AscendersBane","Defend_G","Defend_G","Defend_G","Defend_G","Defend_G","Strike_G","Strike_G","Strike_G","Strike_G","Strike_G","Survivor","Neutralize+1","Bullet Time","PiercingWail","Backflip","Leg Sweep","Doubt","Crippling Poison+1","Well Laid Plans","Masterful Stab","Parasite","Cloak And Dagger+1"],"special_seed":0,"relics":["Ring of the Snake","Pen Nib","Centennial Puzzle","Oddly Smooth Stone"],"potions_floor_usage":[],"damage_taken":[{"damage":2.0,"enemies":"2 Louse","floor":1.0,"turns":3.0},{"damage":5.0,"enemies":"Jaw Worm","floor":2.0,"turns":6.0},{"damage":4.0,"enemies":"Cultist","floor":3.0,"turns":5.0},{"damage":9.0,"enemies":"3 Louse","floor":5.0,"turns":6.0},{"damage":25.0,"enemies":"Large Slime","floor":8.0,"turns":10.0},{"damage":12.0,"enemies":"Gremlin Nob","floor":11.0,"turns":4.0},{"damage":4,"enemies":"Exordium Thugs","floor":13,"turns":5},{"damage":7,"enemies":"Gremlin Gang","floor":14,"turns":3},{"damage":21,"enemies":"The Guardian","floor":16,"turns":2}],"seed_played":"-9063811512389523072","potions_obtained":[{"floor":2.0,"key":"FearPotion"},{"floor":8.0,"key":"FearPotion"}],"is_trial":false,"path_per_floor":["M","M","M","?","M","R","?","M","T","R","E","?","M","M","R","B"],"character_chosen":"THE_SILENT","items_purchased":[],"campfire_rested":0,"item_purchase_floors":[],"current_hp_per_floor":[57,52,48,48,39,39,39,14,14,14,2,18,14,7,7,0],"gold":349,"neow_bonus":"ONE_RANDOM_RARE_CARD","is_prod":false,"is_daily":false,"chose_seed":false,"campfire_upgraded":3,"win_rate":0,"timestamp":1541827671,"path_taken":["M","M","M","?","M","R","?","?","T","R","E","?","M","M","R","BOSS"],"build_version":"2018-11-08","purchased_purges":0,"victory":false,"max_hp_per_floor":[66,66,66,66,66,66,66,66,66,66,66,66,66,66,66,66],"card_choices":[{"not_picked":["Blade Dance","Bane"],"picked":"PiercingWail","floor":1.0},{"not_picked":["Dagger Throw","Blade Dance"],"picked":"Backflip","floor":2.0},{"not_picked":["Sucker Punch","Acrobatics"],"picked":"Leg Sweep","floor":3.0},{"not_picked":["Expertise","Distraction"],"picked":"Crippling Poison","floor":5.0},{"not_picked":["Dagger Spray","Blur"],"picked":"Well Laid Plans","floor":8.0},{"not_picked":["Riddle With Holes","Catalyst"],"picked":"Masterful Stab","floor":11.0},{"not_picked":["Dagger Throw","Expertise","Dodge and Roll"],"picked":"SKIP","floor":13},{"not_picked":["Die Die Die","Dagger Throw"],"picked":"Cloak And Dagger","floor":14}],"player_experience":524245,"relics_obtained":[{"floor":9.0,"key":"Centennial Puzzle"},{"floor":11.0,"key":"Oddly Smooth Stone"}],"event_choices":[{"damage_healed":0.0,"max_hp_gain":0.0,"max_hp_loss":0.0,"gold_gain":150.0,"event_name":"Liars Game","player_choice":"AGREE","floor":4.0,"gold_loss":0.0,"damage_taken":0.0,"cards_obtained":["Doubt"]},{"damage_healed":0.0,"max_hp_gain":0.0,"max_hp_loss":0.0,"gold_gain":0.0,"event_name":"WeMeetAgain","player_choice":"Paid Gold","floor":7.0,"gold_loss":61.0,"damage_taken":0.0,"relics_obtained":["Pen Nib"]},{"damage_healed":16.0,"max_hp_gain":0.0,"max_hp_loss":0.0,"gold_gain":0.0,"event_name":"Mushrooms","player_choice":"Healed and dodged fight","floor":12.0,"gold_loss":0.0,"damage_taken":0.0,"cards_obtained":["Parasite"]}],"is_beta":true,"boss_relics":[],"items_purged_floors":[],"is_endless":false,"potions_floor_spawned":[2,8],"killed_by":"The Guardian","ascension_level":17}