{"gold_per_floor":[117,117,117,129,204,204,238,250,250,282,282,33,33,47,47,47],"floor_reached":16,"playtime":335,"items_purged":[],"score":291,"play_id":"1d466870-c15f-45fe-a124-acf0e1e8b3ea","local_time":"20181124193733","is_ascension_mode":true,"campfire_choices":[{"data":"Noxious Fumes","floor":6,"key":"SMITH"},{"data":"Neutralize","floor":11,"key":"SMITH"},{"data":"Calculated Gamble","floor":13,"key":"SMITH"},{"data":"Footwork","floor":15,"key":"SMITH"}],"neow_cost":"NONE","seed_source_timestamp":4435533394146,"circlet_count":0,"master_deck":["AscendersBane","Defend_G","Defend_G","Defend_G","Defend_G","Defend_G","Strike_G","Strike_G","Strike_G","Strike_G","Strike_G","Survivor","Neutralize+1","Noxious Fumes+1","Bane","Grand Finale","Dash","Calculated Gamble+1","Footwork+1"],"relics":["Ring of the Snake","NeowsBlessing","Girya","Strawberry","Pear","Question Card","Membership Card"],"potions_floor_usage":[10,16],"damage_taken":[{"damage":0,"enemies":"2 Louse","floor":1,"turns":1},{"damage":0,"enemies":"Jaw Worm","floor":4,"turns":1},{"damage":0,"enemies":"Gremlin Nob","floor":7,"turns":1},{"damage":2,"enemies":"Cultist","floor":8,"turns":5},{"damage":25,"enemies":"Lagavulin","floor":10,"turns":6},{"damage":9,"enemies":"Looter","floor":14,"turns":4},{"damage":48,"enemies":"Slime Boss","floor":16,"turns":7}],"seed_played":"-1204595192908437776","potions_obtained":[{"floor":7,"key":"SteroidPotion"},{"floor":10,"key":"SpeedPotion"},{"floor":14,"key":"FearPotion"}],"is_trial":false,"path_per_floor":["M","?","?","M","?","R","E","M","T","E","R","$","R","M","R","B"],"character_chosen":"THE_SILENT","items_purchased":["Membership Card","Calculated Gamble"],"campfire_rested":0,"item_purchase_floors":[12,12],"current_hp_per_floor":[59,64,64,64,53,53,60,58,68,43,43,43,43,34,34,0],"gold":47,"neow_bonus":"THREE_ENEMY_KILL","is_prod":false,"is_daily":false,"chose_seed":false,"campfire_upgraded":4,"win_rate":0,"timestamp":1543059453,"path_taken":["M","?","?","?","?","R","E","M","T","E","R","?","R","M","R","BOSS"],"build_version":"2018-11-15","purchased_purges":0,"victory":false,"max_hp_per_floor":[66,71,71,71,71,71,78,78,88,88,88,88,88,88,88,88],"card_choices":[{"not_picked":["Dagger Throw","Catalyst"],"picked":"Noxious Fumes","floor":1},{"not_picked":["Choke","Dodge and Roll"],"picked":"Bane","floor":4},{"not_picked":["Crippling Poison","Deadly Poison"],"picked":"Grand Finale","floor":7},{"not_picked":["Outmaneuver","Predator","Blade Dance"],"picked":"SKIP","floor":8},{"not_picked":["Riddle With Holes","Dagger Spray"],"picked":"Dash","floor":10},{"not_picked":["Skewer","Footwork","Crippling Poison","Flying Knee"],"picked":"SKIP","floor":14},{"not_picked":["Skewer","Crippling Poison","Flying Knee"],"picked":"Footwork","floor":14}],"player_experience":562344,"relics_obtained":[{"floor":3,"key":"Girya"},{"floor":7,"key":"Strawberry"},{"floor":9,"key":"Pear"},{"floor":10,"key":"Question Card"}],"event_choices":[{"damage_healed":0,"gold_gain":0,"player_choice":"Donut","damage_taken":0,"max_hp_gain":5,"max_hp_loss":0,"event_name":"Big Fish","floor":2,"gold_loss":0},{"damage_healed":0,"gold_gain":0,"player_choice":"Relic","damage_taken":0,"max_hp_gain":0,"max_hp_loss":0,"event_name":"Wheel of Change","floor":3,"gold_loss":0},{"damage_healed":0,"gold_gain":75,"player_choice":"Gather Gold","damage_taken":11,"max_hp_gain":0,"max_hp_loss":0,"event_name":"World of Goop","floor":5,"gold_loss":0}],"is_beta":true,"boss_relics":[],"items_purged_floors":[],"is_endless":false,"potions_floor_spawned":[7,10,14],"killed_by":"Slime Boss","ascension_level":20}