{"gold_per_floor":[118,130,146,2,17,44,44,44,71,83,83,103,119,136,136,136],"floor_reached":16,"playtime":1359,"items_purged":[],"score":106,"play_id":"faa0de79-f551-49fc-be9d-7de8539f21d4","local_time":"20190805234148","is_ascension_mode":false,"campfire_choices":[{"floor":7,"key":"REST"},{"floor":11,"key":"REST"},{"data":"Iron Wave","floor":15,"key":"SMITH"}],"neow_cost":"NONE","seed_source_timestamp":1241175805702300,"circlet_count":0,"master_deck":["Strike_R","Strike_R","Strike_R","Strike_R","Strike_R","Defend_R","Defend_R","Defend_R+1","Defend_R+1","Bash","Thunderclap","Dropkick","Pummel","Iron Wave+1","Shrug It Off","Headbutt","Sword Boomerang","Cleave"],"relics":["Burning Blood","PreservedInsect","Happy Flower","War Paint"],"potions_floor_usage":[],"damage_taken":[{"damage":1,"enemies":"Cultist","floor":1,"turns":3},{"damage":0,"enemies":"Small Slimes","floor":2,"turns":3},{"damage":5,"enemies":"Jaw Worm","floor":3,"turns":4},{"damage":20,"enemies":"3 Louse","floor":5,"turns":3},{"damage":45,"enemies":"Lagavulin","floor":6,"turns":7},{"damage":7,"enemies":"Lots of Slimes","floor":10,"turns":5},{"damage":2,"enemies":"Large Slime","floor":12,"turns":5},{"damage":0,"enemies":"Blue Slaver","floor":13,"turns":5},{"damage":5,"enemies":"2 Fungi Beasts","floor":14,"turns":3},{"damage":93,"enemies":"Hexaghost","floor":16,"turns":14}],"seed_played":"-232948813384551","potions_obtained":[{"floor":2,"key":"GamblersBrew"},{"floor":3,"key":"SkillPotion"},{"floor":6,"key":"Ancient Potion"},{"floor":13,"key":"Weak Potion"}],"is_trial":false,"path_per_floor":["M","M","M","$","M","E","R","$","T","M","R","M","M","M","R","B"],"character_chosen":"IRONCLAD","items_purchased":["PreservedInsect"],"campfire_rested":2,"item_purchase_floors":[4],"current_hp_per_floor":[88,88,88,88,74,35,61,61,61,60,86,88,88,88,88,0],"gold":136,"neow_bonus":"TEN_PERCENT_HP_BONUS","is_prod":false,"is_daily":false,"chose_seed":false,"campfire_upgraded":1,"win_rate":0.0,"timestamp":1565041308,"path_taken":["M","M","M","?","M","E","R","$","T","M","R","M","M","M","R","BOSS"],"build_version":"2019-07-17","purchased_purges":0,"victory":false,"max_hp_per_floor":[88,88,88,88,88,88,88,88,88,88,88,88,88,88,88,88],"card_choices":[{"not_picked":["Sword Boomerang","Rage"],"picked":"Thunderclap","floor":1},{"not_picked":["Reckless Charge","Burning Pact"],"picked":"Dropkick","floor":2},{"not_picked":["Rage","Flame Barrier"],"picked":"Pummel","floor":3},{"not_picked":["Flex","Spot Weakness"],"picked":"Iron Wave","floor":5},{"not_picked":["Hemokinesis","Warcry","Spot Weakness"],"picked":"SKIP","floor":6},{"not_picked":["Second Wind","Intimidate"],"picked":"Shrug It Off","floor":10},{"not_picked":["Corruption","Infernal Blade"],"picked":"Headbutt","floor":12},{"not_picked":["Perfected Strike","Burning Pact"],"picked":"Sword Boomerang","floor":13},{"not_picked":["Barricade","Ghostly Armor"],"picked":"Cleave","floor":14}],"player_experience":219973,"relics_obtained":[{"floor":6,"key":"Happy Flower"},{"floor":9,"key":"War Paint"}],"event_choices":[],"is_beta":false,"boss_relics":[],"items_purged_floors":[],"is_endless":false,"potions_floor_spawned":[2,3,6,13,14],"killed_by":"Hexaghost","ascension_level":0}