{"gold_per_floor":[112,124,199,214,230,230,257,257,303,303,317,334,334,23,23,23],"floor_reached":16,"playtime":648,"items_purged":[],"score":204,"play_id":"d9ca30a0-8c83-4716-9c78-e03562fd60e7","local_time":"20180922142902","is_ascension_mode":true,"campfire_choices":[{"data":"Dualcast","floor":6.0,"key":"SMITH"},{"data":"Beam Cell","floor":10.0,"key":"SMITH"},{"data":"Buffer","floor":13.0,"key":"SMITH"},{"data":"Reinforced Body","floor":15,"key":"SMITH"}],"neow_cost":"NONE","seed_source_timestamp":315687412146,"circlet_count":0,"master_deck":["Strike_B","Strike_B","Strike_B","Strike_B","Defend_B","Defend_B","Defend_B","Defend_B","Zap+1","Dualcast+1","AscendersBane","Beam Cell+1","Reinforced Body+1","Buffer+1","Self Repair","Leap","Glacier","Glacier","Capacitor"],"special_seed":0,"relics":["Cracked Core","Bottled Flame","Centennial Puzzle","ClockworkSouvenir"],"potions_floor_usage":[16],"damage_taken":[{"damage":9.0,"enemies":"Jaw Worm","floor":1.0,"turns":4.0},{"damage":5.0,"enemies":"Small Slimes","floor":2.0,"turns":3.0},{"damage":0.0,"enemies":"2 Louse","floor":4.0,"turns":2.0},{"damage":19.0,"enemies":"Large Slime","floor":5.0,"turns":7.0},{"damage":41.0,"enemies":"Gremlin Nob","floor":7.0,"turns":4.0},{"damage":6.0,"enemies":"Exordium Thugs","floor":11.0,"turns":4.0},{"damage":7.0,"enemies":"Lots of Slimes","floor":12.0,"turns":4.0},{"damage":22,"enemies":"Hexaghost","floor":16,"turns":14}],"seed_played":"-6323663746369925042","potions_obtained":[{"floor":2.0,"key":"FairyPotion"},{"floor":5.0,"key":"Fire Potion"},{"floor":7.0,"key":"Energy Potion"},{"floor":11.0,"key":"AttackPotion"}],"is_trial":false,"path_per_floor":["M","M","?","M","M","R","E","?","T","R","M","M","R","$","R"],"character_chosen":"DEFECT","items_purchased":["Capacitor","ClockworkSouvenir"],"campfire_rested":0,"item_purchase_floors":[14,14],"current_hp_per_floor":[55,50,39,39,20,20,14,14,14,14,15,15,15,15,15,0],"gold":23,"neow_bonus":"UPGRADE_CARD","is_prod":false,"is_daily":false,"chose_seed":false,"campfire_upgraded":4,"win_rate":0,"timestamp":1537597742,"path_taken":["M","M","?","M","M","R","E","?","T","R","M","M","R","$","R","BOSS"],"build_version":"2018-09-20","purchased_purges":0,"victory":false,"max_hp_per_floor":[71,71,71,71,71,71,71,71,71,71,71,71,71,71,71,71],"card_choices":[{"not_picked":["Coolheaded","Hologram"],"picked":"Beam Cell","floor":1.0},{"not_picked":["White Noise","Coolheaded"],"picked":"Reinforced Body","floor":2.0},{"not_picked":["Chill","Sweeping Beam"],"picked":"Buffer","floor":4.0},{"not_picked":["FTL","Cold Snap"],"picked":"Self Repair","floor":5.0},{"not_picked":["BootSequence","Fusion"],"picked":"Leap","floor":7.0},{"not_picked":["Gash","Lockon"],"picked":"Glacier","floor":11.0},{"not_picked":["Lockon","Beam Cell"],"picked":"Glacier","floor":12.0}],"player_experience":373850,"relics_obtained":[{"floor":7.0,"key":"Bottled Flame"},{"floor":9.0,"key":"Centennial Puzzle"}],"event_choices":[{"event_name":"World of Goop","player_choice":"Gather Gold","floor":3.0,"damage_taken":0.0},{"event_name":"Dead Adventurer","player_choice":"Searched \u00271\u0027 times","floor":8.0,"damage_taken":0.0}],"is_beta":true,"boss_relics":[],"items_purged_floors":[],"is_endless":false,"potions_floor_spawned":[2,5,7,11,12],"killed_by":"Hexaghost","ascension_level":20}