{"gold_per_floor":[217,229,229,240,240,240,284,284,284,308,308,327,154,178,178,267,267,285,285,101,101,125,125,158,158,158,196,196,234,234,234,234,330,330,349,682,682,113,113,113,138,138,138,155,155,155,30,40,40,40,40,40,40,40,67,67],"floor_reached":57,"playtime":2813,"items_purged":["Strike_B","Rip and Tear+1","Melter"],"score":2839,"play_id":"45855604-07bb-4198-b048-384e32de4710","local_time":"20190623004428","is_ascension_mode":true,"campfire_choices":[{"data":"Rip and Tear","floor":6.0,"key":"SMITH"},{"data":"Beam Cell","floor":8.0,"key":"SMITH"},{"data":"Dualcast","floor":11.0,"key":"SMITH"},{"data":"Defragment","floor":15.0,"key":"SMITH"},{"data":"Consume","floor":23.0,"key":"SMITH"},{"data":"Sunder","floor":25.0,"key":"SMITH"},{"data":"Seek","floor":28.0,"key":"SMITH"},{"floor":30.0,"key":"REST"},{"data":"Capacitor","floor":32.0,"key":"SMITH"},{"data":"Loop","floor":40.0,"key":"SMITH"},{"data":"Blizzard","floor":42.0,"key":"SMITH"},{"floor":46.0,"key":"RECALL"},{"data":"Turbo","floor":49,"key":"SMITH"},{"data":"Reprogram","floor":53,"key":"SMITH"}],"neow_cost":"NONE","seed_source_timestamp":0,"circlet_count":0,"master_deck":["AscendersBane","Dualcast+1","Cold Snap","Beam Cell+1","Ball Lightning","Chill","Defragment+1","Sunder+1","Seek+1","Echo Form","Reprogram+1","Steam","Thunder Strike","Blizzard+1","Consume+1","Glacier","Coolheaded+1","Capacitor+1","Turbo+1","Loop+1"],"special_seed":0,"relics":["Cracked Core","Centennial Puzzle","Pandora\u0027s Box","Mango","Mummified Hand","Molten Egg 2","Cables","Coffee Dripper","Runic Capacitor","Meat on the Bone","Singing Bowl","Du-Vu Doll"],"potions_floor_usage":[],"damage_taken":[{"damage":5.0,"enemies":"2 Louse","floor":1.0,"turns":4.0},{"damage":6.0,"enemies":"Small Slimes","floor":2.0,"turns":3.0},{"damage":10.0,"enemies":"Jaw Worm","floor":4.0,"turns":3.0},{"damage":26.0,"enemies":"Lagavulin","floor":7.0,"turns":6.0},{"damage":4.0,"enemies":"2 Fungi Beasts","floor":10.0,"turns":2.0},{"damage":3.0,"enemies":"Blue Slaver","floor":12.0,"turns":2.0},{"damage":6.0,"enemies":"Large Slime","floor":14.0,"turns":5.0},{"damage":2.0,"enemies":"Hexaghost","floor":16.0,"turns":7.0},{"damage":0.0,"enemies":"Spheric Guardian","floor":18.0,"turns":2.0},{"damage":23.0,"enemies":"Colosseum Slavers","floor":21.0,"turns":4.0},{"damage":0.0,"enemies":"Chosen","floor":22.0,"turns":5.0},{"damage":15.0,"enemies":"Gremlin Leader","floor":24.0,"turns":7.0},{"damage":15.0,"enemies":"Slavers","floor":27.0,"turns":6.0},{"damage":7.0,"enemies":"Gremlin Leader","floor":29.0,"turns":5.0},{"damage":0.0,"enemies":"Automaton","floor":33.0,"turns":12.0},{"damage":5.0,"enemies":"3 Shapes","floor":35.0,"turns":3.0},{"damage":15.0,"enemies":"Nemesis","floor":41.0,"turns":5.0},{"damage":0.0,"enemies":"Orb Walker","floor":44.0,"turns":2.0},{"damage":6,"enemies":"Writhing Mass","floor":48,"turns":6},{"damage":27,"enemies":"Donu and Deca","floor":50,"turns":10},{"damage":22,"enemies":"Awakened One","floor":51,"turns":13},{"damage":35,"enemies":"Shield and Spear","floor":55,"turns":10},{"damage":40,"enemies":"The Heart","floor":56,"turns":13}],"seed_played":"1114022635728189824","potions_obtained":[{"floor":2.0,"key":"Explosive Potion"},{"floor":4.0,"key":"Poison Potion"},{"floor":14.0,"key":"FearPotion"},{"floor":22.0,"key":"Energy Potion"},{"floor":24.0,"key":"GamblersBrew"},{"floor":27.0,"key":"Swift Potion"},{"floor":33.0,"key":"SteroidPotion"},{"floor":44.0,"key":"Energy Potion"}],"is_trial":false,"path_per_floor":["M","M","?","M","?","R","E","R","T","M","R","M","$","M","R","B",null,"M","?","$","?","M","R","E","R","T","E","R","E","R","?","R","B",null,"M","?","?","$","?","R","E","R","T","M","?","R","$","M","R","B","B",null,"R","$","E","B",null],"character_chosen":"DEFECT","items_purchased":["Defragment","Energy Potion","Glacier","Runic Capacitor","Loop","Meat on the Bone"],"campfire_rested":1,"item_purchase_floors":[13,13,20,38,38,38],"current_hp_per_floor":[59,53,53,43,43,43,17,17,17,13,13,10,10,4,4,2,49,49,49,49,26,26,26,25,25,25,10,10,3,26,26,26,26,65,60,60,60,60,60,60,47,47,47,49,45,45,45,53,53,38,28,75,75,75,54,26],"gold":67,"neow_bonus":"HUNDRED_GOLD","is_prod":false,"is_daily":false,"chose_seed":false,"campfire_upgraded":12,"win_rate":0,"timestamp":1561221868,"path_taken":["M","M","?","M","?","R","E","R","T","M","R","M","$","M","R","BOSS","M","?","$","?","M","R","E","R","T","E","R","E","R","?","R","BOSS","M","?","?","$","?","R","E","R","T","M","?","R","$","?","R","BOSS","BOSS","R","$","E","BOSS"],"build_version":"2019-01-23","purchased_purges":3,"victory":true,"max_hp_per_floor":[71,71,71,71,64,64,64,64,64,64,64,64,64,64,64,64,64,64,64,64,64,64,64,78,78,78,78,78,78,78,78,78,78,78,78,78,78,78,78,78,80,80,80,82,88,88,88,90,90,90,90,90,90,90,92,92],"card_choices":[{"not_picked":["Stack","BootSequence"],"picked":"Cold Snap","floor":1.0},{"not_picked":["Coolheaded","Steam","Conserve Battery"],"picked":"SKIP","floor":2.0},{"not_picked":["Conserve Battery","Leap"],"picked":"Rip and Tear","floor":4.0},{"not_picked":["White Noise","Thunder Strike"],"picked":"Beam Cell","floor":7.0},{"not_picked":["Go for the Eyes","White Noise"],"picked":"Ball Lightning","floor":10.0},{"not_picked":["Chill","Rebound","Fusion"],"picked":"SKIP","floor":12.0},{"not_picked":["Rebound","Fusion"],"picked":"Chill","floor":12.0},{"not_picked":["Steam","Darkness"],"picked":"Sunder","floor":14.0},{"not_picked":["Hyperbeam","Amplify"],"picked":"Seek","floor":16.0},{"not_picked":["Gash","Scrape","Heatsinks+1"],"picked":"SKIP","floor":18.0},{"not_picked":["Streamline+1","Go for the Eyes","Force Field"],"picked":"SKIP","floor":22.0},{"not_picked":["Rip and Tear","Cold Snap","Fusion"],"picked":"SKIP","floor":24.0},{"not_picked":["Melter","Darkness"],"picked":"Coolheaded+1","floor":27.0},{"not_picked":["Seek","Chaos"],"picked":"Capacitor","floor":29.0},{"not_picked":["Ball Lightning+1","Coolheaded","Steam Power"],"picked":"SKIP","floor":35.0},{"not_picked":["Leap","Ball Lightning+1","Steam"],"picked":"Singing Bowl","floor":41.0},{"not_picked":["Stack+1","Beam Cell+1","Force Field"],"picked":"Singing Bowl","floor":44.0},{"not_picked":["Finesse","PanicButton","Trip"],"picked":"Singing Bowl","floor":45.0},{"not_picked":["Madness","Mind Blast+1","The Bomb"],"picked":"Singing Bowl","floor":45.0},{"not_picked":["Violence","Jack Of All Trades","Deep Breath"],"picked":"Singing Bowl","floor":45.0},{"not_picked":["Steam Power","Blizzard+1","Streamline+1"],"picked":"Singing Bowl","floor":48},{"not_picked":["Fusion","Compile Driver+1","Lockon+1"],"picked":"Singing Bowl","floor":55}],"player_experience":999342,"relics_obtained":[{"floor":9.0,"key":"Centennial Puzzle"},{"floor":24.0,"key":"Mango"},{"floor":26.0,"key":"Mummified Hand"},{"floor":27.0,"key":"Molten Egg 2"},{"floor":29.0,"key":"Cables"},{"floor":41.0,"key":"Singing Bowl"},{"floor":55,"key":"Du-Vu Doll"}],"event_choices":[{"damage_healed":0.0,"max_hp_gain":0.0,"max_hp_loss":0.0,"gold_gain":0.0,"event_name":"Shining Light","player_choice":"Ignored","floor":3.0,"gold_loss":0.0,"damage_taken":0.0},{"damage_healed":0.0,"max_hp_gain":0.0,"max_hp_loss":7.0,"gold_gain":0.0,"event_name":"Golden Idol","player_choice":"Lose Max HP","floor":5.0,"gold_loss":0.0,"damage_taken":0.0,"relics_obtained":["Golden Idol"]},{"damage_healed":0.0,"max_hp_gain":0.0,"max_hp_loss":0.0,"gold_gain":0.0,"event_name":"Vampires","player_choice":"Ignored","floor":19.0,"gold_loss":0.0,"damage_taken":0.0},{"damage_healed":0.0,"max_hp_gain":0.0,"max_hp_loss":0.0,"gold_gain":0.0,"event_name":"Colosseum","player_choice":"Fight","floor":21.0,"gold_loss":0.0,"damage_taken":0.0},{"damage_healed":0.0,"max_hp_gain":0.0,"max_hp_loss":0.0,"gold_gain":0.0,"event_name":"Colosseum","player_choice":"Fled From Nobs","floor":21.0,"gold_loss":0.0,"damage_taken":0.0},{"damage_healed":0.0,"max_hp_gain":0.0,"max_hp_loss":0.0,"gold_gain":0.0,"event_name":"The Library","player_choice":"Read","floor":31.0,"gold_loss":0.0,"damage_taken":0.0,"cards_obtained":["Turbo"]},{"damage_healed":0.0,"max_hp_gain":0.0,"max_hp_loss":0.0,"gold_gain":333.0,"event_name":"The Moai Head","player_choice":"Gave Idol","floor":36.0,"relics_lost":["Golden Idol"],"gold_loss":0.0,"damage_taken":0.0},{"cards_removed":["Zap"],"damage_healed":0.0,"max_hp_gain":0.0,"max_hp_loss":0.0,"gold_gain":0.0,"event_name":"Falling","player_choice":"Removed Skill","floor":37.0,"gold_loss":0.0,"damage_taken":0.0},{"damage_healed":0.0,"max_hp_gain":0.0,"max_hp_loss":0.0,"gold_gain":0.0,"event_name":"Mysterious Sphere","player_choice":"Ignored","floor":39.0,"gold_loss":0.0,"damage_taken":0.0},{"damage_healed":0.0,"max_hp_gain":0.0,"max_hp_loss":0.0,"gold_gain":0.0,"event_name":"SensoryStone","player_choice":"Memory 3","floor":45.0,"gold_loss":0.0,"damage_taken":10.0}],"is_beta":false,"boss_relics":[{"not_picked":["Empty Cage","Astrolabe"],"picked":"Pandora\u0027s Box"},{"not_picked":["Sozu","Inserter"],"picked":"Coffee Dripper"}],"items_purged_floors":[13,20,47],"is_endless":false,"potions_floor_spawned":[2,4,14,22,24,27,33,44],"ascension_level":20}