{"gold_per_floor":[117,129,142,162,162,162,188,25,25,40,40,315,144,156,156,230,230,240,254,267,267],"floor_reached":21,"playtime":958,"items_purged":["Strike_R","Regret"],"score":320,"play_id":"f47cccdf-4734-4295-8421-5f527cad4a29","local_time":"20190323124727","is_ascension_mode":true,"campfire_choices":[{"data":"Limit Break","floor":6,"key":"SMITH"},{"data":"Burning Pact","floor":11,"key":"SMITH"},{"data":"True Grit","floor":15,"key":"SMITH"}],"neow_cost":"TEN_PERCENT_HP_LOSS","seed_source_timestamp":1338287010935,"circlet_count":0,"master_deck":["AscendersBane","Strike_R","Strike_R","Strike_R+1","Strike_R","Defend_R","Defend_R","Defend_R","Defend_R","Bash","Limit Break+1","Pommel Strike","Shrug It Off","Battle Trance","Flex+1","Burning Pact+1","PanicButton","Inflame","True Grit+1","Reaper","Flex"],"relics":["Burning Blood","Dodecahedron","Philosopher\u0027s Stone"],"potions_floor_usage":[16,19,20],"damage_taken":[{"damage":6,"enemies":"Cultist","floor":1,"turns":4},{"damage":6,"enemies":"Jaw Worm","floor":2,"turns":5},{"damage":7,"enemies":"2 Louse","floor":3,"turns":3},{"damage":6,"enemies":"Exordium Wildlife","floor":4,"turns":5},{"damage":27,"enemies":"Lagavulin","floor":7,"turns":8},{"damage":14,"enemies":"Large Slime","floor":10,"turns":7},{"damage":3,"enemies":"Blue Slaver","floor":14,"turns":3},{"damage":11,"enemies":"Slime Boss","floor":16,"turns":9},{"damage":16,"enemies":"Chosen","floor":18,"turns":6},{"damage":27,"enemies":"Shell Parasite","floor":19,"turns":6},{"damage":37,"enemies":"3 Cultists","floor":20,"turns":5},{"damage":22,"enemies":"Snake Plant","floor":21,"turns":3}],"seed_played":"-2848831327255538797","potions_obtained":[{"floor":3,"key":"PowerPotion"},{"floor":7,"key":"Swift Potion"},{"floor":10,"key":"Strength Potion"},{"floor":18,"key":"EssenceOfSteel"},{"floor":19,"key":"Regen Potion"}],"is_trial":false,"path_per_floor":["M","M","M","M","?","R","E","$","T","M","R","?","$","M","R","B",null,"M","M","M","M"],"character_chosen":"IRONCLAD","items_purchased":["PanicButton","Inflame"],"campfire_rested":0,"item_purchase_floors":[8,13],"current_hp_per_floor":[68,68,67,67,47,47,26,26,26,18,18,18,18,21,21,16,55,58,37,39,17],"gold":267,"neow_bonus":"THREE_RARE_CARDS","is_prod":false,"is_daily":false,"chose_seed":false,"campfire_upgraded":3,"win_rate":0,"timestamp":1553316447,"path_taken":["M","M","M","?","?","R","E","$","T","M","R","?","$","M","R","BOSS","M","M","?","M"],"build_version":"2019-01-23","purchased_purges":2,"victory":false,"max_hp_per_floor":[68,68,68,68,68,68,68,68,68,68,68,68,68,68,68,68,68,68,68,68,68],"card_choices":[{"not_picked":["Reaper","Feed"],"picked":"Limit Break","floor":0},{"not_picked":["Blood for Blood","Rampage"],"picked":"Pommel Strike","floor":1},{"not_picked":["Blood for Blood","Wild Strike"],"picked":"Shrug It Off","floor":2},{"not_picked":["Sever Soul","Armaments"],"picked":"Battle Trance","floor":3},{"not_picked":["Demon Form","Flame Barrier"],"picked":"Flex","floor":4},{"not_picked":["Sword Boomerang","Dual Wield"],"picked":"Burning Pact","floor":7},{"not_picked":["Flame Barrier","Shrug It Off","Body Slam"],"picked":"SKIP","floor":10},{"not_picked":["Pommel Strike","Armaments"],"picked":"True Grit","floor":14},{"not_picked":["Berserk","Demon Form"],"picked":"Reaper","floor":16},{"not_picked":["Corruption","Sword Boomerang"],"picked":"Flex","floor":18},{"not_picked":["Flex","Twin Strike","Body Slam"],"picked":"SKIP","floor":19},{"not_picked":["Twin Strike","Body Slam","Pommel Strike"],"picked":"SKIP","floor":20}],"player_experience":874437,"relics_obtained":[{"floor":7,"key":"Dodecahedron"}],"event_choices":[{"damage_healed":0,"gold_gain":0,"player_choice":"Entered Light","damage_taken":20,"max_hp_gain":0,"max_hp_loss":0,"event_name":"Shining Light","floor":5,"gold_loss":0,"cards_upgraded":["Flex","Strike_R"]},{"damage_healed":0,"gold_gain":275,"player_choice":"Desecrate","damage_taken":0,"max_hp_gain":0,"max_hp_loss":0,"event_name":"Golden Shrine","floor":12,"gold_loss":0,"cards_obtained":["Regret"]}],"is_beta":false,"boss_relics":[{"not_picked":["Busted Crown","Empty Cage"],"picked":"Philosopher\u0027s Stone"}],"items_purged_floors":[8,13],"is_endless":false,"potions_floor_spawned":[3,7,10,18,19],"killed_by":"Snake Plant","ascension_level":15}