{"gold_per_floor":[112,127,277,292,306,306,337,83,83,83,102,133,133,148,148,148],"floor_reached":16,"playtime":537,"items_purged":["Doubt"],"score":218,"play_id":"e447f835-7487-42b1-b605-8a269fbe5f76","local_time":"20180915184100","is_ascension_mode":true,"campfire_choices":[{"data":"Zap","floor":6.0,"key":"SMITH"},{"floor":10.0,"key":"REST"},{"data":"Darkness","floor":15.0,"key":"SMITH"}],"neow_cost":"TEN_PERCENT_HP_LOSS","seed_source_timestamp":29192130285831,"circlet_count":0,"master_deck":["Strike_B","Strike_B","Strike_B","Strike_B","Defend_B","Defend_B","Defend_B","Defend_B","Zap+1","Dualcast","AscendersBane","Undo","Rebound","Glacier","Streamline","Compile Driver","Darkness+1","Stack","Parasite","Auto Shields"],"special_seed":0,"relics":["Cracked Core","Gambling Chip","Vajra","Potion Belt","Pear","Prayer Wheel"],"potions_floor_usage":[16],"damage_taken":[{"damage":2.0,"enemies":"2 Louse","floor":1.0,"turns":2.0},{"damage":0.0,"enemies":"Small Slimes","floor":2.0,"turns":2.0},{"damage":1.0,"enemies":"Cultist","floor":4.0,"turns":3.0},{"damage":9.0,"enemies":"Large Slime","floor":5.0,"turns":6.0},{"damage":28.0,"enemies":"Gremlin Nob","floor":7.0,"turns":4.0},{"damage":10.0,"enemies":"Red Slaver","floor":11.0,"turns":3.0},{"damage":40.0,"enemies":"3 Sentries","floor":12.0,"turns":7.0},{"damage":9.0,"enemies":"2 Fungi Beasts","floor":14.0,"turns":2.0},{"damage":30,"enemies":"Hexaghost","floor":16,"turns":9}],"seed_played":"-5830750062841936748","potions_obtained":[{"floor":1.0,"key":"FairyPotion"},{"floor":5.0,"key":"SpeedPotion"},{"floor":11.0,"key":"AttackPotion"},{"floor":14.0,"key":"SkillPotion"}],"is_trial":false,"path_per_floor":["M","M","?","M","M","R","E","$","T","R","M","E","?","M","R"],"character_chosen":"DEFECT","items_purchased":["Potion Belt"],"campfire_rested":1,"item_purchase_floors":[8],"current_hp_per_floor":[62,62,62,61,52,52,24,24,34,56,46,6,24,15,15,0],"gold":148,"neow_bonus":"ONE_RARE_RELIC","is_prod":false,"is_daily":false,"chose_seed":false,"campfire_upgraded":2,"win_rate":0,"timestamp":1537008060,"path_taken":["M","M","?","M","M","R","E","$","T","R","?","E","?","M","R","BOSS"],"build_version":"2018-09-12","purchased_purges":1,"victory":false,"max_hp_per_floor":[64,64,64,64,64,64,64,64,74,74,74,74,74,74,74,74],"card_choices":[{"not_picked":["Scrape","Barrage"],"picked":"Undo","floor":1.0},{"not_picked":["Sweeping Beam","Steam"],"picked":"Rebound","floor":2.0},{"not_picked":["Force Field","Sweeping Beam"],"picked":"Glacier","floor":4.0},{"not_picked":["Stack","Leap"],"picked":"Streamline","floor":5.0},{"not_picked":["Force Field","Stack"],"picked":"Compile Driver","floor":7.0},{"not_picked":["Genetic Algorithm","Cold Snap"],"picked":"Darkness","floor":11.0},{"not_picked":["Cold Snap","Meteor Strike"],"picked":"Stack","floor":12.0},{"not_picked":["Heatsinks","Turbo"],"picked":"Auto Shields","floor":14.0},{"not_picked":["Stack","Lockon","Sweeping Beam"],"picked":"SKIP","floor":14.0}],"player_experience":340069,"relics_obtained":[{"floor":7.0,"key":"Vajra"},{"floor":9.0,"key":"Pear"},{"floor":12.0,"key":"Prayer Wheel"}],"event_choices":[{"event_name":"Liars Game","player_choice":"agreed","floor":3.0,"damage_taken":0.0},{"event_name":"Mushrooms","player_choice":"Healed and dodged fight","floor":13.0,"damage_taken":0.0}],"is_beta":true,"boss_relics":[],"items_purged_floors":[8],"is_endless":false,"potions_floor_spawned":[1,5,11,14],"killed_by":"Hexaghost","ascension_level":19}