{"gold_per_floor":[112,112,112,131,148,148,179,179,179,254,52,62,79,79],"floor_reached":14,"playtime":259,"items_purged":["Strike_B"],"score":180,"play_id":"58a64a09-8222-4a59-9a6c-eedec5a3e549","local_time":"20190426211350","is_ascension_mode":true,"campfire_choices":[{"data":"Beam Cell","floor":6,"key":"SMITH"},{"data":"Zap","floor":8,"key":"SMITH"}],"neow_cost":"NONE","seed_source_timestamp":7631351369439,"circlet_count":0,"master_deck":["AscendersBane","Strike_B","Strike_B","Strike_B","Defend_B","Defend_B","Defend_B","Defend_B","Zap+1","Dualcast","Beam Cell+1","Conserve Battery","Gash","Capacitor","Skim","Melter","Steam"],"relics":["Cracked Core","NeowsBlessing","Dream Catcher","Blue Candle"],"potions_floor_usage":[7],"damage_taken":[{"damage":0,"enemies":"Small Slimes","floor":1,"turns":1},{"damage":0,"enemies":"2 Louse","floor":4,"turns":1},{"damage":0,"enemies":"Jaw Worm","floor":5,"turns":1},{"damage":37,"enemies":"Gremlin Nob","floor":7,"turns":4},{"damage":12,"enemies":"2 Fungi Beasts","floor":12,"turns":3},{"damage":6,"enemies":"Looter","floor":13,"turns":3},{"damage":1,"enemies":"Blue Slaver","floor":14,"turns":2}],"seed_played":"-834774286884265778","potions_obtained":[{"floor":5,"key":"SneckoOil"},{"floor":12,"key":"Poison Potion"},{"floor":13,"key":"SpeedPotion"}],"is_trial":false,"path_per_floor":["M","?","?","M","M","R","E","R","T","?","$","M","M","M"],"character_chosen":"DEFECT","items_purchased":["Skim","Melter"],"campfire_rested":0,"item_purchase_floors":[11,11],"current_hp_per_floor":[64,64,69,69,69,69,32,32,32,21,21,9,3,2],"gold":79,"neow_bonus":"THREE_ENEMY_KILL","is_prod":false,"is_daily":false,"chose_seed":false,"campfire_upgraded":2,"win_rate":0,"timestamp":1556284430,"path_taken":["M","?","?","M","M","R","E","R","T","?","$","M","M","M"],"build_version":"2019-01-23","purchased_purges":1,"victory":false,"max_hp_per_floor":[71,71,76,76,76,76,76,76,76,76,76,76,76,76],"card_choices":[{"not_picked":["Stack","Static Discharge"],"picked":"Beam Cell","floor":1},{"not_picked":["Rebound","Gash"],"picked":"Conserve Battery","floor":4},{"not_picked":["Creative AI","Conserve Battery"],"picked":"Gash","floor":5},{"not_picked":["Heatsinks","Conserve Battery"],"picked":"Capacitor","floor":7},{"not_picked":["Go for the Eyes","Skim","Auto Shields"],"picked":"SKIP","floor":12},{"not_picked":["Sweeping Beam","Steam Power"],"picked":"Steam","floor":13}],"player_experience":951952,"relics_obtained":[{"floor":7,"key":"Dream Catcher"},{"floor":9,"key":"Blue Candle"}],"event_choices":[{"damage_healed":0,"gold_gain":0,"player_choice":"Ignored","damage_taken":0,"max_hp_gain":0,"max_hp_loss":0,"event_name":"Liars Game","floor":2,"gold_loss":0},{"damage_healed":0,"gold_gain":0,"player_choice":"Donut","damage_taken":0,"max_hp_gain":5,"max_hp_loss":0,"event_name":"Big Fish","floor":3,"gold_loss":0},{"damage_healed":0,"gold_gain":75,"player_choice":"Gather Gold","damage_taken":11,"max_hp_gain":0,"max_hp_loss":0,"event_name":"World of Goop","floor":10,"gold_loss":0}],"is_beta":false,"boss_relics":[],"items_purged_floors":[11],"is_endless":false,"potions_floor_spawned":[5,12,13],"killed_by":"Blue Slaver","ascension_level":20}