{"gold_per_floor":[118,31,31,45,5,5,5,5,51,51,85,110,110,124,124,198,198,209,209,224,240,24,24,38,38],"floor_reached":25,"playtime":830,"items_purged":["Defend_B"],"score":448,"play_id":"3742fca2-9b69-4b92-a150-4a5b7c4e946a","local_time":"20190405145741","is_ascension_mode":true,"campfire_choices":[{"data":"Hologram","floor":6.0,"key":"SMITH"},{"data":"Loop","floor":10.0,"key":"SMITH"},{"data":"Streamline","floor":13.0,"key":"SMITH"},{"data":"Steam Power","floor":15.0,"key":"SMITH"},{"floor":23,"key":"REST"}],"neow_cost":"NONE","seed_source_timestamp":6386818777980,"circlet_count":0,"master_deck":["AscendersBane","Defend_B","Defend_B","Defend_B","Zap","Dualcast","Hologram+1","Loop+1","Steam Power+1","Streamline+1","Reinforced Body","Glacier","Ball Lightning","Biased Cognition","Auto Shields+1","Fusion+1","Genetic Algorithm+1","Darkness","Chill+1","Multi-Cast","Self Repair"],"special_seed":0,"relics":["Cracked Core","NeowsBlessing","Lantern","Happy Flower","Regal Pillow","Odd Mushroom","Astrolabe","CultistMask"],"potions_floor_usage":[21,21,24,25],"damage_taken":[{"damage":0.0,"enemies":"Small Slimes","floor":1.0,"turns":1.0},{"damage":0.0,"enemies":"Cultist","floor":4.0,"turns":1.0},{"damage":0.0,"enemies":"Lagavulin","floor":11.0,"turns":1.0},{"damage":3.0,"enemies":"The Mushroom Lair","floor":12.0,"turns":7.0},{"damage":0.0,"enemies":"2 Louse","floor":14.0,"turns":2.0},{"damage":49.0,"enemies":"Hexaghost","floor":16.0,"turns":11.0},{"damage":6.0,"enemies":"Spheric Guardian","floor":18.0,"turns":3.0},{"damage":11,"enemies":"Shell Parasite","floor":20,"turns":5},{"damage":21,"enemies":"3 Cultists","floor":21,"turns":7},{"damage":16,"enemies":"Snake Plant","floor":24,"turns":7},{"damage":29,"enemies":"Gremlin Leader","floor":25,"turns":6}],"seed_played":"-8225744863829051546","potions_obtained":[{"floor":14.0,"key":"Weak Potion"},{"floor":16.0,"key":"Block Potion"},{"floor":18.0,"key":"Swift Potion"},{"floor":24,"key":"Weak Potion"}],"is_trial":false,"path_per_floor":["M","$","?","M","$","R","T","$","T","R","E","?","R","M","R","B",null,"M","?","M","M","$","R","M","E"],"character_chosen":"DEFECT","items_purchased":["Loop","Reinforced Body","Multi-Cast","Energy Potion"],"campfire_rested":1,"item_purchase_floors":[2,5,22,22],"current_hp_per_floor":[64,64,64,64,64,64,64,64,64,64,64,61,61,61,61,12,56,50,50,39,18,18,54,38,9],"gold":38,"neow_bonus":"THREE_ENEMY_KILL","is_prod":false,"is_daily":false,"chose_seed":false,"campfire_upgraded":4,"win_rate":0,"timestamp":1554447461,"path_taken":["M","$","?","?","?","R","?","$","T","R","E","?","R","M","R","BOSS","M","?","?","M","?","R","M","E"],"build_version":"2019-01-23","purchased_purges":1,"victory":false,"max_hp_per_floor":[71,71,71,71,71,71,71,71,71,71,71,71,71,71,71,71,71,71,71,71,71,71,71,71,71],"card_choices":[{"not_picked":["Rebound","Stack"],"picked":"Hologram","floor":1.0},{"not_picked":["Beam Cell","Tempest"],"picked":"Streamline","floor":4.0},{"not_picked":["Streamline","Go for the Eyes"],"picked":"Glacier","floor":11.0},{"not_picked":["Coolheaded","Hologram"],"picked":"Ball Lightning","floor":12.0},{"not_picked":["Barrage","Sweeping Beam","Ball Lightning"],"picked":"SKIP","floor":14.0},{"not_picked":["All For One","Meteor Strike"],"picked":"Biased Cognition","floor":16.0},{"not_picked":["Ball Lightning","Stack","Reinforced Body"],"picked":"SKIP","floor":18.0},{"not_picked":["Conserve Battery","Coolheaded"],"picked":"Darkness","floor":20},{"not_picked":["Leap","Hello World"],"picked":"Chill+1","floor":21},{"not_picked":["Barrage","Blizzard"],"picked":"Self Repair","floor":24}],"player_experience":917014,"relics_obtained":[{"floor":7.0,"key":"Lantern"},{"floor":9.0,"key":"Happy Flower"},{"floor":11.0,"key":"Regal Pillow"},{"floor":12.0,"key":"Odd Mushroom"}],"event_choices":[{"damage_healed":0.0,"max_hp_gain":0.0,"max_hp_loss":0.0,"gold_gain":0.0,"cards_transformed":["Strike_B"],"event_name":"Transmorgrifier","player_choice":"Transformed","floor":3.0,"gold_loss":0.0,"damage_taken":0.0,"cards_obtained":["Steam Power"]},{"damage_healed":0.0,"max_hp_gain":0.0,"max_hp_loss":0.0,"gold_gain":0.0,"event_name":"Mushrooms","player_choice":"Fought Mushrooms","floor":12.0,"gold_loss":0.0,"damage_taken":0.0},{"damage_healed":0.0,"max_hp_gain":0.0,"max_hp_loss":0.0,"gold_gain":0.0,"event_name":"FaceTrader","player_choice":"Trade","floor":19.0,"gold_loss":0.0,"damage_taken":0.0,"relics_obtained":["CultistMask"]}],"is_beta":false,"boss_relics":[{"not_picked":["Empty Cage","Black Star"],"picked":"Astrolabe"}],"items_purged_floors":[22],"is_endless":false,"potions_floor_spawned":[14,16,18,24],"killed_by":"Gremlin Leader","ascension_level":20}