{"gold_per_floor":[99,99,99,99,49,49,49,19,19,19,0,0,0,0,0,0,0,0,0],"floor_reached":19,"playtime":1663,"items_purged":[],"score":173,"play_id":"b646a74c-2565-43b2-b489-c1c26dfe96eb","local_time":"20190806211101","is_ascension_mode":false,"campfire_choices":[{"floor":6,"key":"RECALL"},{"floor":12,"key":"REST"},{"floor":15,"key":"REST"}],"neow_cost":"NONE","seed_source_timestamp":71997854321963,"circlet_count":0,"master_deck":["Strike_R","Strike_R","Strike_R","Strike_R","Strike_R","Defend_R","Defend_R","Defend_R","Defend_R","Corruption","Feel No Pain","True Grit","Rampage","Double Tap","Dark Embrace","Shrug It Off"],"relics":["Ectoplasm","Darkstone Periapt","Mark of Pain"],"potions_floor_usage":[4,7,7,11,16],"damage_taken":[{"damage":1,"enemies":"Cultist","floor":1,"turns":3},{"damage":11,"enemies":"Jaw Worm","floor":2,"turns":2},{"damage":2,"enemies":"Small Slimes","floor":3,"turns":4},{"damage":11,"enemies":"3 Louse","floor":4,"turns":4},{"damage":29,"enemies":"3 Sentries","floor":7,"turns":14},{"damage":5,"enemies":"Looter","floor":8,"turns":4},{"damage":6,"enemies":"Exordium Thugs","floor":11,"turns":4},{"damage":2,"enemies":"Blue Slaver","floor":13,"turns":5},{"damage":9,"enemies":"3 Louse","floor":14,"turns":3},{"damage":49,"enemies":"The Guardian","floor":16,"turns":13},{"damage":52,"enemies":"3 Byrds","floor":18,"turns":6},{"damage":30,"enemies":"Chosen","floor":19,"turns":6}],"seed_played":"5321712884502339386","potions_obtained":[{"floor":1,"key":"EssenceOfSteel"},{"floor":2,"key":"Block Potion"},{"floor":4,"key":"GamblersBrew"},{"floor":7,"key":"Block Potion"},{"floor":13,"key":"Explosive Potion"}],"is_trial":false,"path_per_floor":["M","M","M","M","?","R","E","M","T","?","M","R","M","M","R","B",null,"M","M"],"character_chosen":"IRONCLAD","items_purchased":[],"campfire_rested":2,"item_purchase_floors":[],"current_hp_per_floor":[79,68,66,55,55,55,26,21,21,21,15,39,37,28,52,3,80,28,0],"gold":0,"neow_bonus":"BOSS_RELIC","is_prod":false,"is_daily":false,"chose_seed":false,"campfire_upgraded":0,"win_rate":0,"timestamp":1565140261,"path_taken":["M","M","?","M","?","R","E","M","T","?","M","R","M","M","R","BOSS","M","M"],"build_version":"2019-07-17","purchased_purges":0,"victory":false,"max_hp_per_floor":[80,80,80,80,80,80,80,80,80,80,80,80,80,80,80,80,80,80,80],"card_choices":[{"not_picked":["Spot Weakness","Uppercut"],"picked":"Corruption","floor":1},{"not_picked":["Cleave","Perfected Strike","Rage"],"picked":"SKIP","floor":2},{"not_picked":["Rage","Pommel Strike","Infernal Blade"],"picked":"SKIP","floor":3},{"not_picked":["Rage","Sword Boomerang"],"picked":"Feel No Pain","floor":4},{"not_picked":["Clash","Pommel Strike"],"picked":"True Grit","floor":7},{"not_picked":["Armaments","Anger"],"picked":"Rampage","floor":8},{"not_picked":["Corruption","Flex","Clothesline"],"picked":"SKIP","floor":11},{"not_picked":["Rage","Twin Strike"],"picked":"Double Tap","floor":13},{"not_picked":["Blood for Blood","Rupture","Cleave"],"picked":"SKIP","floor":14},{"not_picked":["Double Tap","Fiend Fire"],"picked":"Dark Embrace","floor":16},{"not_picked":["Fire Breathing+1","Headbutt"],"picked":"Shrug It Off","floor":18}],"player_experience":29907,"relics_obtained":[{"floor":7,"key":"Darkstone Periapt"}],"event_choices":[{"cards_removed":["Bash"],"damage_healed":0,"gold_gain":0,"player_choice":"Card Removal","damage_taken":0,"max_hp_gain":0,"max_hp_loss":0,"event_name":"The Cleric","floor":5,"gold_loss":50},{"damage_healed":0,"gold_gain":0,"player_choice":"Ignored","damage_taken":0,"max_hp_gain":0,"max_hp_loss":0,"event_name":"Golden Idol","floor":10,"gold_loss":0}],"is_beta":false,"boss_relics":[{"not_picked":["Empty Cage","Runic Dome"],"picked":"Mark of Pain"}],"items_purged_floors":[],"is_endless":false,"potions_floor_spawned":[1,2,4,7,13],"killed_by":"Chosen","ascension_level":0}