{"gold_per_floor":[19,19,32,46,46,46,59,59,59,99,170,194,194,269,269,367,367,382,22,22,42,66,66,98,98,166,192,192,117,117,24,24,97,97,113,113,13,31,31,31,49,80,80,109,25,25,0,20,20,20,20,20,20,20],"floor_reached":54,"playtime":1938,"items_purged":["Strike_B"],"score":1272,"play_id":"d9884f3f-1efc-4963-b46f-38518923025e","local_time":"20190330223337","is_ascension_mode":true,"campfire_choices":[{"data":"Darkness","floor":6.0,"key":"SMITH"},{"data":"Streamline","floor":8.0,"key":"SMITH"},{"data":"Hologram","floor":13.0,"key":"SMITH"},{"floor":15.0,"key":"REST"},{"floor":23.0,"key":"RECALL"},{"floor":28.0,"key":"REST"},{"floor":30.0,"key":"REST"},{"floor":32.0,"key":"REST"},{"floor":40.0,"key":"REST"},{"floor":46.0,"key":"REST"},{"floor":49.0,"key":"REST"},{"floor":52.0,"key":"REST"}],"neow_cost":"NO_GOLD","seed_source_timestamp":0,"circlet_count":0,"master_deck":["AscendersBane","Strike_B","Defend_B","Defend_B","Defend_B","Zap","Dualcast","Melter","Streamline+1","Darkness+1","Undo","Auto Shields","Hologram+1","Reboot","Tempest","Glacier","Self Repair","White Noise","Biased Cognition","Heatsinks","Impatience","Electrodynamics","Capacitor","Stack","Coolheaded","Reinforced Body+1","Multi-Cast","Loop"],"special_seed":0,"relics":["Cracked Core","Bloody Idol","Letter Opener","Orichalcum","Fusion Hammer","Bottled Lightning","Smiling Mask","Singing Bowl","Dodecahedron","Bird Faced Urn","Runic Pyramid","Gremlin Horn","Darkstone Periapt","Ancient Tea Set","Red Mask"],"potions_floor_usage":[],"damage_taken":[{"damage":0.0,"enemies":"Small Slimes","floor":1.0,"turns":2.0},{"damage":7.0,"enemies":"Jaw Worm","floor":3.0,"turns":2.0},{"damage":0.0,"enemies":"2 Louse","floor":4.0,"turns":1.0},{"damage":14.0,"enemies":"Exordium Wildlife","floor":7.0,"turns":3.0},{"damage":21.0,"enemies":"Gremlin Nob","floor":10.0,"turns":4.0},{"damage":0.0,"enemies":"Gremlin Nob","floor":11.0,"turns":3.0},{"damage":3.0,"enemies":"Blue Slaver","floor":12.0,"turns":3.0},{"damage":20.0,"enemies":"The Guardian","floor":16.0,"turns":9.0},{"damage":2.0,"enemies":"3 Byrds","floor":18.0,"turns":3.0},{"damage":2.0,"enemies":"Chosen","floor":21.0,"turns":5.0},{"damage":37.0,"enemies":"Gremlin Leader","floor":24.0,"turns":8.0},{"damage":29.0,"enemies":"Slavers","floor":27.0,"turns":6.0},{"damage":35.0,"enemies":"Champ","floor":33.0,"turns":10.0},{"damage":9.0,"enemies":"3 Shapes","floor":35.0,"turns":5.0},{"damage":8.0,"enemies":"Orb Walker","floor":38.0,"turns":4.0},{"damage":26.0,"enemies":"Sphere and 2 Shapes","floor":41.0,"turns":3.0},{"damage":46.0,"enemies":"Nemesis","floor":42.0,"turns":9.0},{"damage":33.0,"enemies":"Giant Head","floor":44.0,"turns":7.0},{"damage":39.0,"enemies":"3 Darklings","floor":48.0,"turns":7.0},{"damage":50.0,"enemies":"Donu and Deca","floor":50.0,"turns":9.0},{"damage":76,"enemies":"Shield and Spear","floor":54,"turns":3}],"seed_played":"-6173934458395488400","potions_obtained":[{"floor":3.0,"key":"PowerPotion"},{"floor":10.0,"key":"LiquidBronze"},{"floor":18.0,"key":"LiquidBronze"},{"floor":21.0,"key":"FocusPotion"},{"floor":33.0,"key":"EssenceOfSteel"},{"floor":38.0,"key":"Swift Potion"},{"floor":41.0,"key":"PowerPotion"},{"floor":44.0,"key":"GamblersBrew"}],"is_trial":false,"path_per_floor":["M","?","M","M","$","R","M","R","T","E","?","M","R","?","R","B",null,"M","$","?","M","T","R","E","?","T","E","R","?","R","$","R","B",null,"M","?","$","M","$","R","M","E","T","E","$","R","?","M","R","B",null,"R","$","E"],"character_chosen":"DEFECT","items_purchased":["Glacier","Self Repair","Bottled Lightning","Impatience","Capacitor","Stack","Loop"],"campfire_rested":8,"item_purchase_floors":[19,19,19,31,37,37,45],"current_hp_per_floor":[64,64,57,57,57,57,43,43,43,22,22,19,19,8,27,7,50,48,48,48,51,56,56,31,31,36,19,38,38,57,57,64,41,58,64,64,64,64,64,64,56,49,49,40,40,59,59,39,59,32,59,68,68,0],"gold":20,"neow_bonus":"TRANSFORM_TWO_CARDS","is_prod":false,"is_daily":false,"chose_seed":true,"campfire_upgraded":3,"win_rate":0,"timestamp":1553956417,"path_taken":["M","?","M","M","$","R","M","R","T","E","?","M","R","?","R","BOSS","M","$","?","M","?","R","E","?","T","E","R","?","R","$","R","BOSS","M","?","$","M","$","R","M","E","T","E","$","R","?","M","R","BOSS","R","$","E"],"build_version":"2019-01-23","purchased_purges":1,"victory":false,"max_hp_per_floor":[71,64,64,64,64,64,64,64,64,64,64,64,64,64,64,64,64,64,64,64,64,64,64,64,64,64,64,64,64,64,64,64,64,64,64,64,64,64,64,64,64,64,64,66,66,66,66,68,68,68,68,68,68,68],"card_choices":[{"not_picked":["Steam","Cold Snap","Ball Lightning"],"picked":"SKIP","floor":1.0},{"not_picked":["Barrage","Rip and Tear"],"picked":"Darkness","floor":3.0},{"not_picked":["Gash","Go for the Eyes","Steam"],"picked":"SKIP","floor":4.0},{"not_picked":["Beam Cell","Chill"],"picked":"Undo","floor":7.0},{"not_picked":["Stack","Aggregate","Meteor Strike"],"picked":"SKIP","floor":10.0},{"not_picked":["Blizzard","Beam Cell"],"picked":"Auto Shields","floor":11.0},{"not_picked":["Gash","White Noise"],"picked":"Hologram","floor":12.0},{"not_picked":["Creative AI","Meteor Strike"],"picked":"Reboot","floor":16.0},{"not_picked":["Cold Snap","Rebound"],"picked":"Tempest","floor":18.0},{"not_picked":["Hologram","Sweeping Beam","Reprogram"],"picked":"SKIP","floor":21.0},{"not_picked":["Stack","Leap"],"picked":"White Noise","floor":24.0},{"not_picked":["FTL","Gash"],"picked":"Heatsinks","floor":27.0},{"not_picked":["Amplify","Buffer"],"picked":"Electrodynamics","floor":33.0},{"not_picked":["Blizzard","Barrage+1","Chaos+1"],"picked":"SKIP","floor":35.0},{"not_picked":["Barrage","Beam Cell"],"picked":"Coolheaded","floor":38.0},{"not_picked":["Barrage+1","Scrape"],"picked":"Reinforced Body+1","floor":41.0},{"not_picked":["Streamline","Aggregate"],"picked":"Multi-Cast","floor":42.0},{"not_picked":["Steam","Leap","Go for the Eyes"],"picked":"Singing Bowl","floor":44.0},{"not_picked":["Ball Lightning","Sunder+1","Melter"],"picked":"Singing Bowl","floor":48.0}],"player_experience":902515,"relics_obtained":[{"floor":10.0,"key":"Letter Opener"},{"floor":11.0,"key":"Orichalcum"},{"floor":22.0,"key":"Smiling Mask"},{"floor":24.0,"key":"Singing Bowl"},{"floor":26.0,"key":"Dodecahedron"},{"floor":27.0,"key":"Bird Faced Urn"},{"floor":42.0,"key":"Gremlin Horn"},{"floor":43.0,"key":"Darkstone Periapt"},{"floor":44.0,"key":"Ancient Tea Set"}],"event_choices":[{"damage_healed":0.0,"max_hp_gain":0.0,"max_hp_loss":7.0,"gold_gain":0.0,"event_name":"Golden Idol","player_choice":"Lose Max HP","floor":2.0,"gold_loss":0.0,"damage_taken":0.0,"relics_obtained":["Golden Idol"]},{"damage_healed":0.0,"max_hp_gain":0.0,"max_hp_loss":0.0,"gold_gain":0.0,"event_name":"Dead Adventurer","player_choice":"Searched \u00271\u0027 times","floor":11.0,"gold_loss":0.0,"damage_taken":0.0},{"damage_healed":0.0,"max_hp_gain":0.0,"max_hp_loss":0.0,"gold_gain":75.0,"event_name":"World of Goop","player_choice":"Gather Gold","floor":14.0,"gold_loss":0.0,"damage_taken":11.0},{"damage_healed":0.0,"max_hp_gain":0.0,"max_hp_loss":0.0,"gold_gain":0.0,"event_name":"Forgotten Altar","player_choice":"Gave Idol","floor":20.0,"relics_lost":["Golden Idol"],"gold_loss":0.0,"damage_taken":0.0,"relics_obtained":["Bloody Idol"]},{"damage_healed":0.0,"max_hp_gain":0.0,"max_hp_loss":0.0,"gold_gain":0.0,"event_name":"The Library","player_choice":"Read","floor":25.0,"gold_loss":0.0,"damage_taken":0.0,"cards_obtained":["Biased Cognition"]},{"cards_removed":["Strike_B"],"damage_healed":0.0,"max_hp_gain":0.0,"max_hp_loss":0.0,"gold_gain":0.0,"event_name":"Beggar","player_choice":"Gave Gold","floor":29.0,"gold_loss":75.0,"damage_taken":0.0},{"damage_healed":0.0,"max_hp_gain":0.0,"max_hp_loss":0.0,"gold_gain":0.0,"event_name":"Mysterious Sphere","player_choice":"Ignored","floor":36.0,"gold_loss":0.0,"damage_taken":0.0},{"damage_healed":0.0,"max_hp_gain":0.0,"max_hp_loss":0.0,"gold_gain":0.0,"event_name":"Tomb of Lord Red Mask","player_choice":"Paid","floor":47.0,"gold_loss":25.0,"damage_taken":0.0,"relics_obtained":["Red Mask"]}],"is_beta":false,"boss_relics":[{"not_picked":["White Beast Statue","Calling Bell"],"picked":"Fusion Hammer"},{"not_picked":["Philosopher\u0027s Stone","Orrery"],"picked":"Runic Pyramid"}],"items_purged_floors":[45],"is_endless":false,"potions_floor_spawned":[3,10,11,18,21,33,38,41,44],"killed_by":"Shield and Spear","ascension_level":15}