{"gold_per_floor":[112,112,112,135,135,174,174,174,174,210,67,67,88,58,58,178,178,156,156,172,87,87,87,126,151,177,177,79,79,104,119,119,240,240,265,265,47,72,97,97,0,15,15,31,31,72,85,104,104,104],"floor_reached":51,"playtime":10707,"items_purged":["Regret","Venomology"],"score":755,"play_id":"764b1768-525e-4f42-81bb-cb65c7660628","local_time":"20190807221302","is_ascension_mode":false,"campfire_choices":[{"data":"Neutralize","floor":7,"key":"SMITH"},{"data":"Leg Sweep","floor":12,"key":"SMITH"},{"data":"Acrobatics","floor":15,"key":"SMITH"},{"data":"Blur","floor":23,"key":"SMITH"},{"data":"Blur","floor":27,"key":"SMITH"},{"data":"Backflip","floor":29,"key":"SMITH"},{"data":"Backflip","floor":32,"key":"SMITH"},{"data":"Footwork","floor":40,"key":"SMITH"},{"data":"Heel Hook","floor":45,"key":"SMITH"},{"data":"After Image","floor":49,"key":"SMITH"}],"neow_cost":"NONE","seed_source_timestamp":257754672338630,"circlet_count":0,"master_deck":["Strike_G","Strike_G+1","Strike_G","Strike_G+1","Strike_G+1","Defend_G+1","Defend_G","Defend_G","Defend_G","Defend_G","Survivor","Neutralize+1","Leg Sweep+1","Heel Hook+1","After Image+1","Blur+1","Blur+1","Acrobatics+1","Backflip+1","Backflip+1","Acrobatics+1","Reflex+1","Tools of the Trade+1","Infinite Blades+1","Tactician+1","Footwork+1","Prepared+1","Escape Plan+1","Blade Dance+1","Outmaneuver+1"],"relics":["Ring of the Snake","NeowsBlessing","Golden Idol","Pocketwatch","Mango","Pantograph","Tingsha","Whetstone","Oddly Smooth Stone","Sozu","Ornamental Fan","Toxic Egg 2","Pen Nib","Omamori","Coffee Dripper","Red Mask","Anchor","Vajra"],"potions_floor_usage":[10,16,50],"damage_taken":[{"damage":0,"enemies":"Jaw Worm","floor":1,"turns":1},{"damage":0,"enemies":"Small Slimes","floor":4,"turns":1},{"damage":0,"enemies":"Gremlin Nob","floor":6,"turns":1},{"damage":13,"enemies":"3 Sentries","floor":10,"turns":12},{"damage":0,"enemies":"2 Louse","floor":13,"turns":2},{"damage":5,"enemies":"Looter","floor":14,"turns":4},{"damage":34,"enemies":"Hexaghost","floor":16,"turns":17},{"damage":11,"enemies":"2 Thieves","floor":18,"turns":5},{"damage":10,"enemies":"Spheric Guardian","floor":20,"turns":6},{"damage":22,"enemies":"Slavers","floor":24,"turns":18},{"damage":6,"enemies":"Snake Plant","floor":25,"turns":10},{"damage":0,"enemies":"Snecko","floor":30,"turns":7},{"damage":3,"enemies":"3 Cultists","floor":31,"turns":10},{"damage":8,"enemies":"Champ","floor":33,"turns":33},{"damage":0,"enemies":"3 Darklings","floor":35,"turns":11},{"damage":0,"enemies":"3 Shapes","floor":38,"turns":5},{"damage":0,"enemies":"Writhing Mass","floor":39,"turns":10},{"damage":0,"enemies":"Sphere and 2 Shapes","floor":42,"turns":9},{"damage":0,"enemies":"3 Darklings","floor":44,"turns":6},{"damage":0,"enemies":"Nemesis","floor":46,"turns":9},{"damage":0,"enemies":"Maw","floor":47,"turns":7},{"damage":4,"enemies":"4 Shapes","floor":48,"turns":6},{"damage":0,"enemies":"Donu and Deca","floor":50,"turns":17}],"seed_played":"-4078669248611174928","potions_obtained":[{"floor":1,"key":"SkillPotion"},{"floor":13,"key":"AttackPotion"},{"floor":16,"key":"SpeedPotion"}],"is_trial":false,"path_per_floor":["M","?","?","M","?","E","R","T","T","E","$","R","M","M","R","B",null,"M","?","M","?","T","R","E","M","T","R","$","R","M","M","R","B",null,"M","?","$","M","M","R","?","M","T","M","R","E","M","M","R","B",null],"character_chosen":"THE_SILENT","items_purchased":["Oddly Smooth Stone","Acrobatics+1","Tactician+1","Footwork"],"campfire_rested":0,"item_purchase_floors":[11,28,37,37],"current_hp_per_floor":[70,65,52,52,52,66,66,66,66,53,53,53,53,48,48,39,79,68,68,58,58,58,58,36,30,30,30,30,30,30,27,27,44,79,79,79,79,79,79,79,79,79,79,79,79,79,79,75,75,79],"gold":104,"neow_bonus":"THREE_ENEMY_KILL","is_prod":false,"is_daily":false,"chose_seed":false,"campfire_upgraded":10,"win_rate":0.0,"timestamp":1565208782,"path_taken":["M","?","?","M","?","E","R","?","T","E","?","R","?","M","R","BOSS","M","?","?","?","?","R","E","M","T","R","$","R","M","M","R","BOSS","M","?","$","?","M","R","?","M","T","M","R","E","M","M","R","BOSS"],"build_version":"2019-07-17","purchased_purges":2,"victory":true,"max_hp_per_floor":[70,65,65,65,65,79,79,79,79,79,79,79,79,79,79,79,79,79,79,79,79,79,79,79,79,79,79,79,79,79,79,79,79,79,79,79,79,79,79,79,79,79,79,79,79,79,79,79,79,79],"card_choices":[{"not_picked":["Dagger Throw","Dagger Spray"],"picked":"Leg Sweep","floor":1},{"not_picked":["Leg Sweep","PiercingWail"],"picked":"Heel Hook","floor":4},{"not_picked":["Blade Dance","Prepared"],"picked":"After Image","floor":6},{"not_picked":["Outmaneuver","Distraction"],"picked":"Blur","floor":10},{"not_picked":["Underhanded Strike","Blade Dance"],"picked":"Blur","floor":13},{"not_picked":["Prepared","Crippling Poison"],"picked":"Acrobatics","floor":14},{"not_picked":["Night Terror","Malaise"],"picked":"Venomology","floor":16},{"not_picked":["Choke","Sucker Punch+1"],"picked":"Backflip","floor":18},{"not_picked":["Underhanded Strike","Sucker Punch"],"picked":"Backflip","floor":20},{"not_picked":["Distraction+1","Choke","Terror+1"],"picked":"SKIP","floor":24},{"not_picked":["Eviscerate","Underhanded Strike","Dagger Throw+1"],"picked":"SKIP","floor":25},{"not_picked":["Leg Sweep+1","Skewer+1"],"picked":"Reflex+1","floor":30},{"not_picked":["Sucker Punch","Underhanded Strike","Endless Agony"],"picked":"SKIP","floor":31},{"not_picked":["Burst+1","Unload"],"picked":"Tools of the Trade","floor":33},{"not_picked":["Blur+1","Deadly Poison+1"],"picked":"Infinite Blades+1","floor":35},{"not_picked":["Expertise+1","Heel Hook+1"],"picked":"Prepared+1","floor":38},{"not_picked":["Dodge and Roll+1","Deflect+1","Deadly Poison+1"],"picked":"SKIP","floor":39},{"not_picked":["Backstab+1","Distraction+1"],"picked":"Escape Plan+1","floor":42},{"not_picked":["Backflip+1","Dagger Spray"],"picked":"Blade Dance+1","floor":44},{"not_picked":["Masterful Stab+1","Dash+1","Flechettes+1"],"picked":"SKIP","floor":46},{"not_picked":["Finisher","Slice+1","Acrobatics+1"],"picked":"SKIP","floor":47},{"not_picked":["Acrobatics+1","Dagger Spray"],"picked":"Outmaneuver+1","floor":48}],"player_experience":31742,"relics_obtained":[{"floor":6,"key":"Mango"},{"floor":8,"key":"Pantograph"},{"floor":9,"key":"Tingsha"},{"floor":10,"key":"Whetstone"},{"floor":22,"key":"Toxic Egg 2"},{"floor":24,"key":"Pen Nib"},{"floor":26,"key":"Omamori"},{"floor":43,"key":"Anchor"},{"floor":46,"key":"Vajra"}],"event_choices":[{"damage_healed":0,"gold_gain":0,"player_choice":"Lose Max HP","damage_taken":0,"relics_obtained":["Golden Idol"],"max_hp_gain":0,"max_hp_loss":5,"event_name":"Golden Idol","floor":2,"gold_loss":0},{"damage_healed":0,"gold_gain":0,"player_choice":"Entered Light","damage_taken":13,"max_hp_gain":0,"max_hp_loss":0,"event_name":"Shining Light","floor":3,"gold_loss":0,"cards_upgraded":["Strike_G","Defend_G"]},{"damage_healed":0,"gold_gain":0,"player_choice":"Box","damage_taken":0,"relics_obtained":["Pocketwatch"],"max_hp_gain":0,"max_hp_loss":0,"event_name":"Big Fish","floor":5,"gold_loss":0,"cards_obtained":["Regret"]},{"damage_healed":0,"gold_gain":0,"player_choice":"Bought 0 Potions","damage_taken":0,"max_hp_gain":0,"max_hp_loss":0,"event_name":"The Woman in Blue","floor":19,"gold_loss":0},{"damage_healed":0,"gold_gain":0,"player_choice":"Obtained Relic","damage_taken":0,"relics_obtained":["Ornamental Fan"],"max_hp_gain":0,"max_hp_loss":0,"event_name":"Addict","floor":21,"gold_loss":85},{"damage_healed":0,"gold_gain":0,"player_choice":"Forge","damage_taken":0,"max_hp_gain":0,"max_hp_loss":0,"event_name":"Accursed Blacksmith","floor":36,"gold_loss":0,"cards_upgraded":["Tools of the Trade"]},{"damage_healed":0,"gold_gain":0,"player_choice":"Paid","damage_taken":0,"relics_obtained":["Red Mask"],"max_hp_gain":0,"max_hp_loss":0,"event_name":"Tomb of Lord Red Mask","floor":41,"gold_loss":97}],"is_beta":false,"boss_relics":[{"not_picked":["Black Star","Runic Dome"],"picked":"Sozu"},{"not_picked":["Ring of the Serpent","Empty Cage"],"picked":"Coffee Dripper"}],"items_purged_floors":[28,37],"is_endless":false,"potions_floor_spawned":[1,13,16,25,30,31,33,35,38,48],"ascension_level":0}