{"gold_per_floor":[118,134,3,3,13,13,25,25,51,8,8,22,40,50,50,121,121,138,138,155,168,182,182],"floor_reached":23,"playtime":1417,"items_purged":["Strike_B"],"score":374,"play_id":"58c7d47d-5e6e-4acc-8aee-06630a412963","local_time":"20190511120126","is_ascension_mode":true,"campfire_choices":[{"data":"Defragment","floor":6.0,"key":"SMITH"},{"data":"Coolheaded","floor":8.0,"key":"SMITH"},{"data":"Sunder","floor":11.0,"key":"SMITH"},{"data":"Defragment","floor":15.0,"key":"SMITH"}],"neow_cost":"TEN_PERCENT_HP_LOSS","seed_source_timestamp":470442766972,"circlet_count":0,"master_deck":["AscendersBane","Strike_B","Strike_B","Strike_B","Defend_B","Defend_B","Defend_B+1","Defend_B","Zap+1","Dualcast","Undo","Streamline","Coolheaded+1","Biased Cognition","Defragment+1","Cold Snap","Sunder+1","Turbo","Defragment+1","Double Energy","Coolheaded","Hologram","Recycle","Redo+1","Aggregate","Biased Cognition"],"special_seed":0,"relics":["Cracked Core","Prayer Wheel","War Paint","Inserter"],"potions_floor_usage":[23],"damage_taken":[{"damage":8.0,"enemies":"2 Louse","floor":1.0,"turns":3.0},{"damage":0.0,"enemies":"Cultist","floor":2.0,"turns":3.0},{"damage":7.0,"enemies":"Jaw Worm","floor":5.0,"turns":3.0},{"damage":16.0,"enemies":"3 Louse","floor":7.0,"turns":3.0},{"damage":4.0,"enemies":"Exordium Wildlife","floor":12.0,"turns":2.0},{"damage":9.0,"enemies":"Exordium Thugs","floor":13.0,"turns":3.0},{"damage":2.0,"enemies":"3 Louse","floor":14.0,"turns":2.0},{"damage":12.0,"enemies":"Hexaghost","floor":16.0,"turns":13.0},{"damage":0.0,"enemies":"Chosen","floor":18.0,"turns":5.0},{"damage":3.0,"enemies":"Spheric Guardian","floor":20.0,"turns":6.0},{"damage":0.0,"enemies":"Centurion and Healer","floor":21.0,"turns":7.0},{"damage":18.0,"enemies":"Shelled Parasite and Fungi","floor":22.0,"turns":6.0},{"damage":66,"enemies":"Slavers","floor":23,"turns":7}],"seed_played":"1042789621183266510","potions_obtained":[{"floor":1.0,"key":"SteroidPotion"},{"floor":7.0,"key":"Poison Potion"},{"floor":12.0,"key":"FocusPotion"},{"floor":20.0,"key":"GamblersBrew"}],"is_trial":false,"path_per_floor":["M","M","$","?","M","R","M","R","T","$","R","M","M","M","R","B",null,"M","?","M","M","M","E"],"character_chosen":"DEFECT","items_purchased":["Coolheaded","Sunder"],"campfire_rested":0,"item_purchase_floors":[3,10],"current_hp_per_floor":[56,56,56,56,49,49,33,33,33,33,33,29,20,18,18,6,50,50,74,71,71,53,0],"gold":182,"neow_bonus":"ONE_RARE_RELIC","is_prod":false,"is_daily":false,"chose_seed":false,"campfire_upgraded":4,"win_rate":0,"timestamp":1557547286,"path_taken":["M","M","$","?","M","R","?","R","T","?","R","M","M","M","R","BOSS","M","?","?","M","M","E"],"build_version":"2019-01-23","purchased_purges":1,"victory":false,"max_hp_per_floor":[64,64,64,64,64,64,64,64,64,64,64,64,64,64,64,64,64,64,74,74,74,74,74],"card_choices":[{"not_picked":["Reinforced Body","Hologram"],"picked":"Undo","floor":1.0},{"not_picked":["Conserve Battery","Rebound"],"picked":"Streamline","floor":1.0},{"not_picked":["Consume","Steam Power","Double Energy"],"picked":"SKIP","floor":2.0},{"not_picked":["Gash","Ball Lightning","Loop"],"picked":"SKIP","floor":2.0},{"not_picked":["Consume","Steam Power","Double Energy"],"picked":"SKIP","floor":2.0},{"not_picked":["Gash","Ball Lightning","Loop"],"picked":"SKIP","floor":2.0},{"not_picked":["Beam Cell","Conserve Battery"],"picked":"Defragment","floor":5.0},{"not_picked":["Hello World","Reprogram"],"picked":"Cold Snap","floor":5.0},{"not_picked":["Streamline","Rip and Tear","FTL"],"picked":"SKIP","floor":7.0},{"not_picked":["Streamline","Leap","Beam Cell"],"picked":"SKIP","floor":7.0},{"not_picked":["Streamline","Rip and Tear","FTL"],"picked":"SKIP","floor":7.0},{"not_picked":["Streamline","Leap","Beam Cell"],"picked":"SKIP","floor":7.0},{"not_picked":["Barrage","Fission"],"picked":"Turbo","floor":12.0},{"not_picked":["Cold Snap","Leap"],"picked":"Defragment","floor":12.0},{"not_picked":["Reprogram","Steam"],"picked":"Double Energy","floor":13.0},{"not_picked":["Streamline","Cold Snap","Coolheaded"],"picked":"SKIP","floor":13.0},{"not_picked":["Go for the Eyes","FTL"],"picked":"Coolheaded","floor":14.0},{"not_picked":["Ball Lightning","Cold Snap"],"picked":"Hologram","floor":14.0},{"not_picked":["Reboot","Machine Learning"],"picked":"Creative AI","floor":16.0},{"not_picked":["Darkness","Redo"],"picked":"Recycle","floor":18.0},{"not_picked":["Sunder","Conserve Battery","Gash"],"picked":"SKIP","floor":18.0},{"not_picked":["Ball Lightning","Streamline+1","Steam"],"picked":"SKIP","floor":20.0},{"not_picked":["Sweeping Beam","Go for the Eyes","Redo+1"],"picked":"SKIP","floor":20.0},{"not_picked":["Ball Lightning","Streamline+1","Steam"],"picked":"SKIP","floor":20.0},{"not_picked":["Sweeping Beam","Go for the Eyes","Redo+1"],"picked":"SKIP","floor":20.0},{"not_picked":["Sweeping Beam","Go for the Eyes"],"picked":"Redo+1","floor":20.0},{"not_picked":["Ball Lightning","Streamline+1","Steam"],"picked":"SKIP","floor":20.0},{"not_picked":["Auto Shields","Blizzard"],"picked":"Aggregate","floor":21.0},{"not_picked":["Tempest","Blizzard","Reinforced Body"],"picked":"SKIP","floor":21.0},{"not_picked":["Tempest","Blizzard","Reinforced Body"],"picked":"SKIP","floor":21.0},{"not_picked":["White Noise","Chaos"],"picked":"Biased Cognition","floor":22.0},{"not_picked":["Beam Cell","Hello World","Tempest"],"picked":"SKIP","floor":22.0}],"player_experience":973378,"relics_obtained":[{"floor":9.0,"key":"War Paint"}],"event_choices":[{"damage_healed":0.0,"max_hp_gain":0.0,"max_hp_loss":0.0,"gold_gain":0.0,"event_name":"Match and Keep!","player_choice":"1 cards matched","floor":4.0,"gold_loss":0.0,"damage_taken":0.0,"cards_obtained":["Biased Cognition"]},{"cards_removed":["Creative AI"],"damage_healed":14.0,"max_hp_gain":10.0,"max_hp_loss":0.0,"gold_gain":0.0,"event_name":"Bonfire Elementals","player_choice":"Offered Rare","floor":19.0,"gold_loss":0.0,"damage_taken":0.0}],"is_beta":false,"boss_relics":[{"not_picked":["Snecko Eye","Eternal Feather"],"picked":"Inserter"}],"items_purged_floors":[3],"is_endless":false,"potions_floor_spawned":[1,7,12,14,20],"killed_by":"Slavers","ascension_level":20}