{"gold_per_floor":[114,173,188,61,136,136,164,164,218,238,264,264,264,275,275,353,353,366,385,397,472,55,55,55,72,72,72,72,72,20,20,20,97,97,108,123,171,171,182,182,198,210,210,235,235,247,247,68,68,68,68],"floor_reached":52,"playtime":1835,"items_purged":["Strike_B","Pain","Writhe"],"score":2326,"play_id":"954a62e8-6bb7-4b18-b96a-61ccd887270a","local_time":"20181209122244","is_ascension_mode":true,"campfire_choices":[{"data":"Hyperbeam","floor":6.0,"key":"SMITH"},{"data":"Leap","floor":8.0,"key":"SMITH"},{"data":"Hologram","floor":12.0,"key":"SMITH"},{"data":"Biased Cognition","floor":15.0,"key":"SMITH"},{"data":"Skim","floor":23.0,"key":"SMITH"},{"data":"Zap","floor":24.0,"key":"SMITH"},{"data":"Dualcast","floor":27.0,"key":"SMITH"},{"floor":32.0,"key":"REST"},{"floor":40.0,"key":"REST"},{"floor":45.0,"key":"REST"},{"data":"Hyperbeam","floor":47.0,"key":"SMITH"},{"data":"Barrage","floor":49.0,"key":"SMITH"}],"neow_cost":"TEN_PERCENT_HP_LOSS","seed_source_timestamp":47009328609907,"circlet_count":0,"master_deck":["AscendersBane","Defend_B","Defend_B","Zap+1","Dualcast+1","Echo Form","Hyperbeam+1","Glacier","Ball Lightning","Leap+1","Hologram+1","Biased Cognition+1","Compile Driver","Skim+1","Beam Cell+1","Turbo","Necronomicurse","Hyperbeam+1","Barrage+1","Leap","Steam+1","Recycle+1"],"special_seed":0,"relics":["Cracked Core","WingedGreaves","Tiny Chest","Centennial Puzzle","WarpedTongs","Empty Cage","Blue Candle","Potion Belt","DataDisk","Unceasing Top","Necronomicon","Philosopher\u0027s Stone","Dead Branch","Toxic Egg 2","Dodecahedron"],"potions_floor_usage":[51,51,51,51,51,51,51,51],"damage_taken":[{"damage":0.0,"enemies":"Small Slimes","floor":1.0,"turns":1.0},{"damage":0.0,"enemies":"2 Louse","floor":3.0,"turns":2.0},{"damage":0.0,"enemies":"Lagavulin","floor":7.0,"turns":5.0},{"damage":0.0,"enemies":"Cultist","floor":10.0,"turns":2.0},{"damage":12.0,"enemies":"3 Sentries","floor":11.0,"turns":3.0},{"damage":2.0,"enemies":"Lots of Slimes","floor":14.0,"turns":2.0},{"damage":21.0,"enemies":"Slime Boss","floor":16.0,"turns":7.0},{"damage":2.0,"enemies":"Spheric Guardian","floor":18.0,"turns":4.0},{"damage":2.0,"enemies":"Chosen","floor":19.0,"turns":2.0},{"damage":0.0,"enemies":"3 Cultists","floor":20.0,"turns":2.0},{"damage":0.0,"enemies":"Centurion and Healer","floor":25.0,"turns":5.0},{"damage":19.0,"enemies":"Champ","floor":33.0,"turns":8.0},{"damage":1.0,"enemies":"3 Shapes","floor":35.0,"turns":1.0},{"damage":0.0,"enemies":"3 Darklings","floor":36.0,"turns":2.0},{"damage":25.0,"enemies":"2 Orb Walkers","floor":37.0,"turns":3.0},{"damage":32.0,"enemies":"Spire Growth","floor":39.0,"turns":5.0},{"damage":18.0,"enemies":"Writhing Mass","floor":41.0,"turns":5.0},{"damage":2.0,"enemies":"Jaw Worm Horde","floor":42.0,"turns":3.0},{"damage":0.0,"enemies":"Reptomancer","floor":44.0,"turns":3.0},{"damage":0.0,"enemies":"4 Shapes","floor":46.0,"turns":1.0},{"damage":13.0,"enemies":"Time Eater","floor":50.0,"turns":9.0},{"damage":9,"enemies":"Donu and Deca","floor":51,"turns":4}],"seed_played":"-6486288179274705409","potions_obtained":[{"floor":3.0,"key":"Swift Potion"},{"floor":7.0,"key":"Dexterity Potion"},{"floor":18.0,"key":"FearPotion"},{"floor":25.0,"key":"Dexterity Potion"},{"floor":35.0,"key":"EntropicBrew"},{"floor":41.0,"key":"EntropicBrew"},{"floor":44.0,"key":"GamblersBrew"}],"is_trial":false,"path_per_floor":["M","?","M","$","?","R","E","R","T","M","E","R","?","M","R","B",null,"M","M","M","T","$","R","R","M","T","R","?","?","$","?","R","B",null,"M","M","?","?","M","R","M","M","T","E","R","M","R","$","R","B","B",null],"character_chosen":"DEFECT","items_purchased":["Leap","Potion Belt","DataDisk","Turbo","SpeedPotion"],"campfire_rested":3,"item_purchase_floors":[4,22,22,30,48],"current_hp_per_floor":[64,64,64,64,53,53,53,53,53,53,41,41,41,39,39,18,53,51,49,49,49,49,49,49,49,49,49,49,49,49,28,47,28,55,54,54,29,42,10,29,11,9,9,9,28,28,28,28,28,15,6],"gold":68,"neow_bonus":"TRANSFORM_TWO_CARDS","is_prod":false,"is_daily":false,"chose_seed":false,"campfire_upgraded":9,"win_rate":0,"timestamp":1544329364,"path_taken":["M","?","M","$","?","R","E","R","T","M","E","R","?","?","R","BOSS","M","M","?","?","$","R","R","?","T","R","?","?","$","?","R","BOSS","M","M","?","?","M","R","M","M","T","E","R","M","R","?","R","BOSS","BOSS"],"build_version":"2018-12-06","purchased_purges":3,"victory":true,"max_hp_per_floor":[64,64,64,64,64,64,64,64,64,64,64,64,64,64,64,64,64,64,64,64,64,64,64,64,64,64,64,64,64,64,64,64,64,64,64,64,64,64,64,64,64,64,64,64,64,64,64,64,64,64,64],"card_choices":[{"not_picked":["Hologram","Darkness"],"picked":"Glacier","floor":1.0},{"not_picked":["Force Field","Turbo"],"picked":"Ball Lightning","floor":3.0},{"not_picked":["Force Field","Leap","Rip and Tear"],"picked":"SKIP","floor":7.0},{"not_picked":["Lockon","Rebound"],"picked":"Hologram","floor":10.0},{"not_picked":["Doom and Gloom","Ball Lightning"],"picked":"Biased Cognition","floor":11.0},{"not_picked":["BootSequence","Ball Lightning"],"picked":"Compile Driver","floor":14.0},{"not_picked":["BootSequence","Redo","Double Energy"],"picked":"SKIP","floor":18.0},{"not_picked":["Coolheaded","Gash"],"picked":"Skim","floor":19.0},{"not_picked":["Cold Snap","Genetic Algorithm","Consume"],"picked":"SKIP","floor":20.0},{"not_picked":["Barrage","Hello World"],"picked":"Beam Cell+1","floor":25.0},{"not_picked":["Machine Learning","Multi-Cast"],"picked":"Hyperbeam","floor":33.0},{"not_picked":["Streamline","Gash"],"picked":"Barrage","floor":35.0},{"not_picked":["Double Energy","Blizzard"],"picked":"Leap","floor":36.0},{"not_picked":["Hologram","Streamline","Coolheaded"],"picked":"SKIP","floor":39.0},{"not_picked":["Genetic Algorithm+1","Hologram+1"],"picked":"Steam+1","floor":41.0},{"not_picked":["Conserve Battery","Turbo","Static Discharge"],"picked":"SKIP","floor":42.0},{"not_picked":["Rebound","Amplify+1"],"picked":"Recycle+1","floor":44.0},{"not_picked":["Gash+1","Beam Cell","Doom and Gloom"],"picked":"SKIP","floor":46.0}],"player_experience":603761,"relics_obtained":[{"floor":7.0,"key":"WingedGreaves"},{"floor":9.0,"key":"Tiny Chest"},{"floor":11.0,"key":"Centennial Puzzle"},{"floor":21.0,"key":"Blue Candle"},{"floor":26.0,"key":"Unceasing Top"},{"floor":31.0,"key":"Necronomicon"},{"floor":37.0,"key":"Dead Branch"},{"floor":43.0,"key":"Toxic Egg 2"},{"floor":44.0,"key":"Dodecahedron"}],"event_choices":[{"damage_healed":0.0,"max_hp_gain":0.0,"max_hp_loss":0.0,"gold_gain":59.0,"event_name":"Golden Wing","player_choice":"Gained Gold","floor":2.0,"gold_loss":0.0,"damage_taken":0.0},{"damage_healed":0.0,"max_hp_gain":0.0,"max_hp_loss":0.0,"gold_gain":75.0,"event_name":"World of Goop","player_choice":"Gather Gold","floor":5.0,"gold_loss":0.0,"damage_taken":11.0},{"damage_healed":0.0,"max_hp_gain":0.0,"max_hp_loss":0.0,"gold_gain":0.0,"event_name":"Accursed Blacksmith","player_choice":"Rummage","floor":13.0,"gold_loss":0.0,"damage_taken":0.0,"relics_obtained":["WarpedTongs"],"cards_obtained":["Pain"]},{"cards_removed":["Defend_B"],"damage_healed":0.0,"max_hp_gain":0.0,"max_hp_loss":0.0,"gold_gain":0.0,"event_name":"Back to Basics","player_choice":"Elegance","floor":28.0,"gold_loss":0.0,"damage_taken":0.0},{"damage_healed":0.0,"max_hp_gain":0.0,"max_hp_loss":0.0,"gold_gain":0.0,"event_name":"Beggar","player_choice":"Ignored","floor":29.0,"gold_loss":0.0,"damage_taken":0.0},{"damage_healed":0.0,"max_hp_gain":0.0,"max_hp_loss":0.0,"gold_gain":0.0,"event_name":"Cursed Tome","player_choice":"Obtained Book","floor":31.0,"gold_loss":0.0,"damage_taken":21.0},{"damage_healed":0.0,"max_hp_gain":0.0,"max_hp_loss":0.0,"gold_gain":0.0,"event_name":"Mysterious Sphere","player_choice":"Fight","floor":37.0,"gold_loss":0.0,"damage_taken":0.0},{"damage_healed":13.0,"max_hp_gain":0.0,"max_hp_loss":0.0,"gold_gain":0.0,"event_name":"Winding Halls","player_choice":"Writhe","floor":38.0,"gold_loss":0.0,"damage_taken":0.0,"cards_obtained":["Writhe"]}],"is_beta":true,"boss_relics":[{"not_picked":["FrozenCore","White Beast Statue"],"picked":"Empty Cage"},{"not_picked":["Eternal Feather","Fusion Hammer"],"picked":"Philosopher\u0027s Stone"}],"items_purged_floors":[4,22,48],"is_endless":false,"potions_floor_spawned":[3,7,11,18,25,35,41,44],"ascension_level":20}