{"gold_per_floor":[110,127,127,36,110,110,140,156,235,235,248,248,266,266,266,266],"floor_reached":16,"playtime":431,"items_purged":[],"score":195,"play_id":"496462c4-ab7d-4ed0-acc3-9d701b529599","local_time":"20180915214738","is_ascension_mode":true,"campfire_choices":[{"data":"Zap","floor":6.0,"key":"SMITH"},{"data":"Redo","floor":15,"key":"SMITH"}],"neow_cost":"NONE","seed_source_timestamp":40652180717811,"circlet_count":0,"master_deck":["Strike_B","Strike_B","Strike_B","Defend_B","Defend_B","Defend_B","Defend_B","Zap+1","Dualcast","AscendersBane","Blizzard","Ball Lightning","Rebound","Sunder","Cold Snap","Leap","BootSequence","Redo+1"],"special_seed":0,"relics":["Cracked Core","Omamori","Bottled Lightning","Golden Idol"],"potions_floor_usage":[16,16],"damage_taken":[{"damage":9.0,"enemies":"Jaw Worm","floor":1.0,"turns":4.0},{"damage":16.0,"enemies":"Small Slimes","floor":2.0,"turns":3.0},{"damage":44.0,"enemies":"Gremlin Nob","floor":7.0,"turns":4.0},{"damage":4.0,"enemies":"2 Louse","floor":8.0,"turns":3.0},{"damage":6.0,"enemies":"Blue Slaver","floor":11.0,"turns":3.0},{"damage":0.0,"enemies":"3 Louse","floor":13.0,"turns":3.0},{"damage":25,"enemies":"Hexaghost","floor":16,"turns":10}],"seed_played":"802667861078828405","potions_obtained":[{"floor":7.0,"key":"GamblersBrew"},{"floor":8.0,"key":"Weak Potion"},{"floor":13.0,"key":"SkillPotion"}],"is_trial":false,"path_per_floor":["M","M","?","$","?","R","E","M","T","?","M","?","M","?","R"],"character_chosen":"DEFECT","items_purchased":["Sunder"],"campfire_rested":0,"item_purchase_floors":[4],"current_hp_per_floor":[55,39,62,62,62,62,18,14,14,14,8,24,24,24,24,0],"gold":266,"neow_bonus":"TRANSFORM_CARD","is_prod":false,"is_daily":false,"chose_seed":false,"campfire_upgraded":2,"win_rate":0,"timestamp":1537019258,"path_taken":["M","M","?","$","?","R","E","?","T","?","M","?","M","?","R","BOSS"],"build_version":"2018-09-12","purchased_purges":0,"victory":false,"max_hp_per_floor":[71,71,71,71,71,71,71,71,71,64,64,64,64,64,64,64],"card_choices":[{"not_picked":["Go for the Eyes","Streamline"],"picked":"Ball Lightning","floor":1.0},{"not_picked":["Steam Power","Compile Driver"],"picked":"Rebound","floor":2.0},{"not_picked":["Darkness","Hello World"],"picked":"Cold Snap","floor":7.0},{"not_picked":["Coolheaded","Darkness"],"picked":"Leap","floor":8.0},{"not_picked":["Steam","Consume"],"picked":"BootSequence","floor":11.0},{"not_picked":["Gash","Ball Lightning"],"picked":"Redo","floor":13.0}],"player_experience":344240,"relics_obtained":[{"floor":7.0,"key":"Omamori"},{"floor":9.0,"key":"Bottled Lightning"}],"event_choices":[{"event_name":"Big Fish","player_choice":"Banana","floor":3.0,"damage_taken":0.0},{"event_name":"Golden Wing","player_choice":"Gained Gold","floor":5.0,"damage_taken":0.0},{"event_name":"Golden Idol","player_choice":"Lose Max HP","floor":10.0,"damage_taken":0.0},{"event_name":"Mushrooms","player_choice":"Healed and dodged fight","floor":12.0,"damage_taken":0.0},{"event_name":"Scrap Ooze","player_choice":"unsuccessful","floor":14,"damage_taken":0}],"is_beta":true,"boss_relics":[],"items_purged_floors":[],"is_endless":false,"potions_floor_spawned":[7,8,13],"killed_by":"Hexaghost","ascension_level":19}