{"gold_per_floor":[109,129,144,158,158,158,175,187,187,187,207,207,233,247,247,323,373,387,312,312,153,173,173,184,184],"floor_reached":25,"playtime":790,"items_purged":["Strike_B"],"score":414,"play_id":"92289a8d-2d09-4fa4-a21c-dc48c45246a7","local_time":"20181229203101","is_ascension_mode":true,"campfire_choices":[{"data":"Zap","floor":6.0,"key":"SMITH"},{"data":"Darkness","floor":10.0,"key":"SMITH"},{"data":"Dualcast","floor":12.0,"key":"SMITH"},{"data":"Beam Cell","floor":15.0,"key":"SMITH"},{"data":"Redo","floor":23.0,"key":"SMITH"}],"neow_cost":"TEN_PERCENT_HP_LOSS","seed_source_timestamp":12188291149706,"circlet_count":0,"master_deck":["AscendersBane","Strike_B+1","Strike_B+1","Defend_B","Defend_B","Defend_B","Defend_B","Zap+1","Dualcast+1","All For One+1","Go for the Eyes","Gash","Turbo","Self Repair","Gash","Darkness+1","Steam","Beam Cell+1","Leap","Echo Form","Gash","Darkness","Loop","Redo+1","Leap"],"special_seed":0,"relics":["Cracked Core","Mummified Hand","Lantern","Tiny House"],"potions_floor_usage":[25],"damage_taken":[{"damage":1.0,"enemies":"Cultist","floor":1.0,"turns":3.0},{"damage":0.0,"enemies":"2 Louse","floor":2.0,"turns":2.0},{"damage":0.0,"enemies":"Small Slimes","floor":3.0,"turns":2.0},{"damage":8.0,"enemies":"Looter","floor":4.0,"turns":2.0},{"damage":13.0,"enemies":"Exordium Wildlife","floor":7.0,"turns":4.0},{"damage":7.0,"enemies":"3 Louse","floor":8.0,"turns":3.0},{"damage":13.0,"enemies":"Large Slime","floor":11.0,"turns":3.0},{"damage":10.0,"enemies":"Lagavulin","floor":13.0,"turns":7.0},{"damage":10.0,"enemies":"Lots of Slimes","floor":14.0,"turns":4.0},{"damage":7.0,"enemies":"Slime Boss","floor":16.0,"turns":6.0},{"damage":20.0,"enemies":"Chosen","floor":18.0,"turns":4.0},{"damage":22.0,"enemies":"Shell Parasite","floor":22.0,"turns":4.0},{"damage":32,"enemies":"Centurion and Healer","floor":24,"turns":5},{"damage":31,"enemies":"Shelled Parasite and Fungi","floor":25,"turns":1}],"seed_played":"-4985230690420697270","potions_obtained":[{"floor":2.0,"key":"Dexterity Potion"},{"floor":3.0,"key":"Regen Potion"},{"floor":13.0,"key":"Swift Potion"},{"floor":16.0,"key":"Explosive Potion"},{"floor":17.0,"key":"GamblersBrew"}],"is_trial":false,"path_per_floor":["M","M","M","M","?","R","M","M","T","R","M","R","E","M","R",null,"M","?","$","M","R","M"],"character_chosen":"DEFECT","items_purchased":["Loop"],"campfire_rested":0,"item_purchase_floors":[21],"current_hp_per_floor":[63,63,63,55,36,36,30,23,23,23,17,17,29,19,19,19,58,52,52,52,52,37,37,12,0],"gold":184,"neow_bonus":"THREE_RARE_CARDS","is_prod":false,"is_daily":false,"chose_seed":false,"campfire_upgraded":5,"win_rate":0,"timestamp":1546086661,"path_taken":["M","?","?","M","?","R","M","M","T","R","M","R","E","M","R","BOSS","M","?","?","$","M","R","M","M"],"build_version":"2018-12-25","purchased_purges":1,"victory":false,"max_hp_per_floor":[64,64,64,64,64,64,64,64,64,64,64,64,64,64,64,64,69,69,69,69,69,69,69,69,69],"card_choices":[{"not_picked":["Meteor Strike","Buffer"],"picked":"All For One","floor":0.0},{"not_picked":["Compile Driver","Force Field"],"picked":"Go for the Eyes","floor":1.0},{"not_picked":["Redo","Steam"],"picked":"Gash","floor":2.0},{"not_picked":["Cold Snap","Compile Driver"],"picked":"Turbo","floor":3.0},{"not_picked":["Barrage","Steam"],"picked":"Self Repair","floor":4.0},{"not_picked":["Storm","Ball Lightning"],"picked":"Gash","floor":7.0},{"not_picked":["Consume","Redo"],"picked":"Darkness","floor":8.0},{"not_picked":["Compile Driver","Rainbow"],"picked":"Steam","floor":11.0},{"not_picked":["Undo","Gash"],"picked":"Beam Cell","floor":13.0},{"not_picked":["Compile Driver","Fusion"],"picked":"Leap","floor":14.0},{"not_picked":["Reboot","Creative AI"],"picked":"Echo Form","floor":16.0},{"not_picked":["Leap","Go for the Eyes"],"picked":"Gash","floor":17.0},{"not_picked":["Self Repair","Ball Lightning"],"picked":"Darkness","floor":18.0},{"not_picked":["Conserve Battery","Steam"],"picked":"Redo","floor":22.0},{"not_picked":["Conserve Battery","Coolheaded"],"picked":"Leap","floor":24}],"player_experience":642515,"relics_obtained":[{"floor":9.0,"key":"Mummified Hand"},{"floor":13.0,"key":"Lantern"}],"event_choices":[{"damage_healed":0.0,"max_hp_gain":0.0,"max_hp_loss":0.0,"gold_gain":0.0,"event_name":"Shining Light","player_choice":"Entered Light","floor":5.0,"gold_loss":0.0,"damage_taken":19.0,"cards_upgraded":["All For One","Strike_B"]},{"cards_removed":["Strike_B"],"damage_healed":0.0,"max_hp_gain":0.0,"max_hp_loss":0.0,"gold_gain":0.0,"event_name":"Beggar","player_choice":"Gave Gold","floor":19.0,"gold_loss":75.0,"damage_taken":0.0},{"damage_healed":0.0,"max_hp_gain":0.0,"max_hp_loss":0.0,"gold_gain":0.0,"event_name":"Cursed Tome","player_choice":"Ignored","floor":20.0,"gold_loss":0.0,"damage_taken":0.0}],"is_beta":true,"boss_relics":[{"not_picked":["Black Star","Calling Bell"],"picked":"Tiny House"}],"items_purged_floors":[21],"is_endless":false,"potions_floor_spawned":[2,3,4,13,16,18],"killed_by":"Shelled Parasite and Fungi","ascension_level":20}