{"gold_per_floor":[118,132,132,151,151,151,176,176,176,211,236,47,67,101,101,231,231,231,156,156,156,156,156,156,156,156,156,156,156,156,156,156,156,156,156,156,76,76,76,76,76,76,76,76,76,76,76,76,76,76],"floor_reached":50,"playtime":2834,"items_purged":["Strike_B"],"score":1123,"play_id":"42258625-6182-4210-8537-f0b704afd137","local_time":"20181007130547","is_ascension_mode":true,"campfire_choices":[{"data":"Buffer","floor":6.0,"key":"SMITH"},{"data":"Zap","floor":8.0,"key":"SMITH"},{"data":"Defragment","floor":15.0,"key":"SMITH"},{"data":"Tempest","floor":23.0,"key":"SMITH"},{"data":"White Noise","floor":32.0,"key":"SMITH"},{"data":"Reboot","floor":40.0,"key":"SMITH"},{"floor":45,"key":"REST"},{"data":"Normality","floor":49,"key":"PURGE"}],"neow_cost":"NONE","seed_source_timestamp":3636261970231,"circlet_count":0,"master_deck":["Strike_B","Defend_B","Defend_B","Defend_B","Defend_B","Zap+1","Dualcast","AscendersBane","Buffer+1","Self Repair","Cold Snap","Conserve Battery","Leap","Stack","Hello World","Defragment+1","BootSequence","Skim","Electrodynamics","Coolheaded+1","Sunder+1","Tempest+1","White Noise+1","Go for the Eyes+1","Echo Form","Steam Power+1","Capacitor","Reboot+1","Clumsy","Regret","Storm","Undo+1","Double Energy+1","Chaos+1"],"special_seed":0,"relics":["Cracked Core","Mummified Hand","Molten Egg 2","Torii","Ectoplasm","DataDisk","Dream Catcher","Happy Flower","Bag of Preparation","Calling Bell","Art of War","Meat on the Bone","Peace Pipe","Girya","Question Card","Orichalcum"],"potions_floor_usage":[44,44,46],"damage_taken":[{"damage":1.0,"enemies":"2 Louse","floor":1.0,"turns":3.0},{"damage":1.0,"enemies":"Cultist","floor":2.0,"turns":3.0},{"damage":0.0,"enemies":"Small Slimes","floor":4.0,"turns":4.0},{"damage":8.0,"enemies":"3 Louse","floor":7.0,"turns":7.0},{"damage":20.0,"enemies":"Lagavulin","floor":10.0,"turns":9.0},{"damage":0.0,"enemies":"Looter","floor":11.0,"turns":4.0},{"damage":5.0,"enemies":"Exordium Thugs","floor":13.0,"turns":5.0},{"damage":0.0,"enemies":"3 Sentries","floor":14.0,"turns":10.0},{"damage":19.0,"enemies":"Slime Boss","floor":16.0,"turns":14.0},{"damage":0.0,"enemies":"3 Byrds","floor":18.0,"turns":4.0},{"damage":0.0,"enemies":"Chosen","floor":21.0,"turns":4.0},{"damage":0.0,"enemies":"Slavers","floor":25.0,"turns":3.0},{"damage":14.0,"enemies":"Shelled Parasite and Fungi","floor":28.0,"turns":4.0},{"damage":0.0,"enemies":"Gremlin Leader","floor":29.0,"turns":4.0},{"damage":1.0,"enemies":"Snake Plant","floor":30.0,"turns":3.0},{"damage":0.0,"enemies":"Cultist and Chosen","floor":31.0,"turns":4.0},{"damage":0.0,"enemies":"Automaton","floor":33.0,"turns":7.0},{"damage":0.0,"enemies":"3 Shapes","floor":35.0,"turns":3.0},{"damage":0.0,"enemies":"3 Darklings","floor":39.0,"turns":3.0},{"damage":1.0,"enemies":"Sphere and 2 Shapes","floor":41.0,"turns":3.0},{"damage":0.0,"enemies":"Nemesis","floor":42.0,"turns":3.0},{"damage":24,"enemies":"2 Orb Walkers","floor":44,"turns":4},{"damage":53,"enemies":"Transient","floor":46,"turns":5},{"damage":1,"enemies":"Spire Growth","floor":47,"turns":2},{"damage":50,"enemies":"Awakened One","floor":50,"turns":12}],"seed_played":"8871487732046537009","potions_obtained":[{"floor":1.0,"key":"LiquidBronze"},{"floor":2.0,"key":"LiquidBronze"},{"floor":11.0,"key":"Energy Potion"},{"floor":13.0,"key":"EssenceOfSteel"},{"floor":18.0,"key":"FearPotion"},{"floor":29.0,"key":"LiquidBronze"},{"floor":33.0,"key":"PowerPotion"},{"floor":41.0,"key":"Energy Potion"},{"floor":42.0,"key":"Weak Potion"},{"floor":44,"key":"Weak Potion"}],"is_trial":false,"path_per_floor":["M","M","?","M","?","R","M","R","T","E","M","$","M","E","R","B",null,"M","$","?","M","?","R","T","E","T","$","M","E","M","M","R","B",null,"M","?","$","?","M","R","M","E","T","E","R","M","M","?","R"],"character_chosen":"DEFECT","items_purchased":["Defragment","BootSequence","Sunder+1","Storm"],"campfire_rested":1,"item_purchase_floors":[12,12,19,37],"current_hp_per_floor":[67,73,73,75,69,69,68,68,68,55,62,62,64,69,69,57,66,69,69,69,69,69,69,69,69,69,69,62,62,61,68,68,69,69,69,69,69,69,69,69,68,69,69,52,69,35,46,46,46,0],"gold":76,"neow_bonus":"ONE_RANDOM_RARE_CARD","is_prod":false,"is_daily":false,"chose_seed":false,"campfire_upgraded":6,"win_rate":0,"timestamp":1538888747,"path_taken":["M","M","?","M","?","R","M","R","T","E","?","$","M","E","R","BOSS","M","$","?","M","?","R","?","E","T","$","M","E","?","?","R","BOSS","M","?","$","?","M","R","M","E","T","E","R","M","?","?","R","BOSS"],"build_version":"2018-10-04","purchased_purges":1,"victory":false,"max_hp_per_floor":[75,75,75,75,69,69,69,69,69,69,69,69,69,69,69,69,69,69,69,69,69,69,69,69,69,69,69,69,69,69,69,69,69,69,69,69,69,69,69,69,69,69,69,69,69,69,69,69,69,69],"card_choices":[{"not_picked":["Sweeping Beam","Melter"],"picked":"Self Repair","floor":1.0},{"not_picked":["Gash","Coolheaded"],"picked":"Cold Snap","floor":2.0},{"not_picked":["Beam Cell","Consume"],"picked":"Conserve Battery","floor":4.0},{"not_picked":["Rebound","Force Field"],"picked":"Leap","floor":7.0},{"not_picked":["Thunder Strike","Conserve Battery"],"picked":"Stack","floor":10.0},{"not_picked":["Hologram","Leap"],"picked":"Hello World","floor":11.0},{"not_picked":["Barrage+1","Stack","Static Discharge"],"picked":"SKIP","floor":13.0},{"not_picked":["Cold Snap+1","Leap"],"picked":"Skim","floor":14.0},{"not_picked":["Meteor Strike+1","All For One+1"],"picked":"Electrodynamics","floor":16.0},{"not_picked":["Barrage+1","Turbo"],"picked":"Coolheaded+1","floor":18.0},{"not_picked":["Beam Cell+1","Turbo"],"picked":"Tempest","floor":21.0},{"not_picked":["Rebound+1","Static Discharge"],"picked":"White Noise","floor":25.0},{"not_picked":["Sweeping Beam+1","Streamline+1"],"picked":"Go for the Eyes+1","floor":28.0},{"not_picked":["Blizzard+1","Darkness"],"picked":"Echo Form","floor":29.0},{"not_picked":["Storm","Turbo"],"picked":"Steam Power+1","floor":30.0},{"not_picked":["Reprogram","Rebound+1"],"picked":"Capacitor","floor":31.0},{"not_picked":["Amplify","Electrodynamics"],"picked":"Reboot","floor":33.0},{"not_picked":["Barrage+1","Hello World","Leap"],"picked":"SKIP","floor":35.0},{"not_picked":["Hologram","Scrape+1"],"picked":"Undo+1","floor":39.0},{"not_picked":["Genetic Algorithm+1","Tempest","Go for the Eyes+1"],"picked":"SKIP","floor":41.0},{"not_picked":["Conserve Battery","Hologram","Echo Form"],"picked":"SKIP","floor":42.0},{"not_picked":["Leap+1","Stack","Force Field"],"picked":"Double Energy+1","floor":44},{"not_picked":["Capacitor","Rebound+1","Heatsinks+1"],"picked":"Chaos+1","floor":45},{"not_picked":["Rebound+1","Reprogram","Conserve Battery","Undo"],"picked":"SKIP","floor":46},{"not_picked":["Ball Lightning+1","Double Energy","Leap","Barrage+1"],"picked":"SKIP","floor":47}],"player_experience":421584,"relics_obtained":[{"floor":9.0,"key":"Mummified Hand"},{"floor":10.0,"key":"Molten Egg 2"},{"floor":14.0,"key":"Torii"},{"floor":24.0,"key":"DataDisk"},{"floor":25.0,"key":"Dream Catcher"},{"floor":26.0,"key":"Happy Flower"},{"floor":29.0,"key":"Bag of Preparation"},{"floor":34.0,"key":"Art of War"},{"floor":34.0,"key":"Meat on the Bone"},{"floor":34.0,"key":"Peace Pipe"},{"floor":42.0,"key":"Girya"},{"floor":43.0,"key":"Question Card"},{"floor":44,"key":"Orichalcum"}],"event_choices":[{"event_name":"The Woman in Blue","player_choice":"Bought 0 Potions","floor":3.0,"damage_taken":0.0},{"event_name":"Golden Idol","player_choice":"Lose Max HP","floor":5.0,"damage_taken":0.0},{"event_name":"Vampires","player_choice":"Ignored","floor":20.0,"damage_taken":0.0},{"event_name":"Purifier","player_choice":"One Purge","floor":22.0,"damage_taken":0.0},{"event_name":"Mysterious Sphere","player_choice":"Ignore","floor":36.0,"damage_taken":0.0},{"event_name":"Falling","player_choice":"Removed Attack","floor":38.0,"damage_taken":0.0},{"event_name":"The Moai Head","player_choice":"Gave Idol","floor":48,"damage_taken":0}],"is_beta":true,"boss_relics":[{"not_picked":["White Beast Statue","FrozenCore"],"picked":"Ectoplasm"},{"not_picked":["Fusion Hammer","Philosopher\u0027s Stone"],"picked":"Calling Bell"}],"items_purged_floors":[12],"is_endless":false,"potions_floor_spawned":[1,2,11,13,18,21,29,33,41,42,44],"killed_by":"Awakened One","ascension_level":12}