{"gold_per_floor":[119,176,189,189,205,239,239,266,339,339,352,368,383,411,411,411],"floor_reached":16,"playtime":932,"items_purged":[],"score":178,"play_id":"acbcf201-6143-4f4c-b809-9e64ac37c222","local_time":"20180924120029","is_ascension_mode":true,"campfire_choices":[{"data":"Bludgeon","floor":7.0,"key":"SMITH"},{"data":"Feed","floor":10.0,"key":"SMITH"},{"data":"Dual Wield","floor":15.0,"key":"SMITH"}],"neow_cost":"PERCENT_DAMAGE","seed_source_timestamp":10133977197870,"circlet_count":0,"master_deck":["Strike_R","Strike_R","Strike_R","Strike_R","Strike_R","Defend_R+1","Defend_R","Defend_R","Defend_R+1","Bash","Bludgeon+1","Flex","Perfected Strike+1","Dual Wield+1","Feed+1","Twin Strike","Evolve"],"special_seed":0,"relics":["Burning Blood","StoneCalendar","War Paint","Torii"],"potions_floor_usage":[],"damage_taken":[{"damage":3.0,"enemies":"2 Louse","floor":1.0,"turns":3.0},{"damage":4.0,"enemies":"Small Slimes","floor":3.0,"turns":3.0},{"damage":1.0,"enemies":"Cultist","floor":5.0,"turns":3.0},{"damage":40.0,"enemies":"Lagavulin","floor":6.0,"turns":5.0},{"damage":15.0,"enemies":"3 Sentries","floor":8.0,"turns":4.0},{"damage":3.0,"enemies":"Looter","floor":11.0,"turns":2.0},{"damage":12.0,"enemies":"Exordium Wildlife","floor":12.0,"turns":7.0},{"damage":8.0,"enemies":"Blue Slaver","floor":13.0,"turns":2.0},{"damage":27.0,"enemies":"Lagavulin","floor":14.0,"turns":6.0},{"damage":18,"enemies":"Slime Boss","floor":16,"turns":4}],"seed_played":"-6246104743389236554","potions_obtained":[{"floor":5.0,"key":"AttackPotion"},{"floor":8.0,"key":"Regen Potion"},{"floor":13.0,"key":"SteroidPotion"}],"is_trial":false,"path_per_floor":["M","?","M","?","M","E","R","E","T","R","M","M","M","E","R"],"character_chosen":"IRONCLAD","items_purchased":[],"campfire_rested":0,"item_purchase_floors":[],"current_hp_per_floor":[59,59,61,61,66,32,32,26,26,26,29,27,34,17,17,0],"gold":411,"neow_bonus":"THREE_RARE_CARDS","is_prod":false,"is_daily":false,"chose_seed":false,"campfire_upgraded":3,"win_rate":0,"timestamp":1537761629,"path_taken":["M","?","M","?","M","E","R","E","T","R","M","M","M","E","R","BOSS"],"build_version":"2018-09-20","purchased_purges":0,"victory":false,"max_hp_per_floor":[80,80,80,80,80,80,80,83,83,83,83,87,91,95,95,95],"card_choices":[{"not_picked":["Offering","Fiend Fire"],"picked":"Bludgeon","floor":0.0},{"not_picked":["Pommel Strike","Blood for Blood"],"picked":"Flex","floor":1.0},{"not_picked":["Bloodletting","Spot Weakness"],"picked":"Perfected Strike","floor":3.0},{"not_picked":["Heavy Blade","Seeing Red"],"picked":"Dual Wield","floor":5.0},{"not_picked":["Armaments","Rampage"],"picked":"Feed","floor":6.0},{"not_picked":["Fire Breathing","Infernal Blade"],"picked":"Twin Strike","floor":8.0},{"not_picked":["Body Slam","Combust","Flex"],"picked":"SKIP","floor":11.0},{"not_picked":["Havoc","Pummel","Sentinel"],"picked":"SKIP","floor":12.0},{"not_picked":["Flex","Reckless Charge","Clash"],"picked":"SKIP","floor":13.0},{"not_picked":["Wild Strike","Inflame"],"picked":"Evolve","floor":14.0}],"player_experience":401005,"relics_obtained":[{"floor":6.0,"key":"StoneCalendar"},{"floor":8.0,"key":"War Paint"},{"floor":14.0,"key":"Torii"}],"event_choices":[{"event_name":"Golden Wing","player_choice":"Gained Gold","floor":2.0,"damage_taken":0.0},{"event_name":"Living Wall","player_choice":"Grow","floor":4.0,"damage_taken":0.0}],"is_beta":true,"boss_relics":[],"items_purged_floors":[],"is_endless":false,"potions_floor_spawned":[5,8,13],"killed_by":"Slime Boss","ascension_level":5}