{"gold_per_floor":[113,113,127,144,158,189,189,215,241,241,241,259,259,290,290,391,391,405,405,405,174,190,222,222,249,275,92,106,106,106,135,135,233,233,253,1,20,20,34,67,67,92,137,163,38,38,63,81,81,81],"floor_reached":51,"playtime":4682,"items_purged":["Defend_B","Defend_B","Normality"],"score":986,"play_id":"3674f24b-466e-4d99-9324-148f26f8486c","local_time":"20190810020613","is_ascension_mode":true,"campfire_choices":[{"data":"Turbo","floor":7,"key":"SMITH"},{"data":"Turbo","floor":10,"key":"SMITH"},{"data":"Dualcast","floor":13,"key":"SMITH"},{"data":"Hyperbeam","floor":15,"key":"SMITH"},{"data":"Electrodynamics","floor":24,"key":"SMITH"},{"data":"Hologram","floor":29,"key":"SMITH"},{"data":"Echo Form","floor":32,"key":"SMITH"},{"data":"Reprogram","floor":41,"key":"SMITH"},{"data":"Impatience","floor":49,"key":"SMITH"}],"neow_cost":"PERCENT_DAMAGE","seed_source_timestamp":450684212859107,"circlet_count":0,"master_deck":["Strike_B+1","Zap+1","Dualcast+1","Turbo+1","Turbo+1","Beam Cell+1","Hyperbeam+1","Self Repair","Steam","Conserve Battery","Electrodynamics+1","Redo+1","Multi-Cast+1","Scrape+1","Steam","BootSequence+1","Steam Power+1","Skim+1","All For One","Hologram+1","Echo Form+1","Chill+1","Madness","Madness","Reprogram+1","Steam Power+1","Coolheaded+1","Impatience+1","Doom and Gloom+1"],"relics":["Cracked Core","Incense Burner","Orichalcum","Whetstone","Anchor","Boot","Astrolabe","Lantern","Centennial Puzzle","Bag of Preparation","Bronze Scales","Blood Vial","Cursed Key","Ancient Tea Set","Bottled Tornado","Happy Flower","War Paint","Molten Egg 2"],"potions_floor_usage":[6,8,8,14,23,39,40,47,50,50,50],"damage_taken":[{"damage":0,"enemies":"2 Louse","floor":1,"turns":2},{"damage":4,"enemies":"Small Slimes","floor":3,"turns":4},{"damage":0,"enemies":"Cultist","floor":4,"turns":4},{"damage":0,"enemies":"2 Fungi Beasts","floor":5,"turns":4},{"damage":4,"enemies":"3 Sentries","floor":6,"turns":2},{"damage":0,"enemies":"Gremlin Nob","floor":8,"turns":3},{"damage":0,"enemies":"Lots of Slimes","floor":12,"turns":3},{"damage":14,"enemies":"Lagavulin","floor":14,"turns":6},{"damage":20,"enemies":"Slime Boss","floor":16,"turns":10},{"damage":0,"enemies":"3 Byrds","floor":18,"turns":1},{"damage":0,"enemies":"Spheric Guardian","floor":22,"turns":3},{"damage":16,"enemies":"Book of Stabbing","floor":23,"turns":4},{"damage":0,"enemies":"Slavers","floor":25,"turns":3},{"damage":0,"enemies":"Snake Plant","floor":28,"turns":1},{"damage":0,"enemies":"Gremlin Leader","floor":31,"turns":2},{"damage":13,"enemies":"Automaton","floor":33,"turns":6},{"damage":0,"enemies":"Orb Walker","floor":35,"turns":1},{"damage":0,"enemies":"3 Shapes","floor":37,"turns":1},{"damage":6,"enemies":"Spire Growth","floor":39,"turns":3},{"damage":2,"enemies":"Nemesis","floor":40,"turns":3},{"damage":0,"enemies":"Reptomancer","floor":42,"turns":3},{"damage":0,"enemies":"Giant Head","floor":44,"turns":2},{"damage":7,"enemies":"Nemesis","floor":47,"turns":4},{"damage":0,"enemies":"Sphere and 2 Shapes","floor":48,"turns":2},{"damage":60,"enemies":"Time Eater","floor":50,"turns":9}],"seed_played":"-6542161579478396384","potions_obtained":[{"floor":4,"key":"Fire Potion"},{"floor":5,"key":"Explosive Potion"},{"floor":6,"key":"SkillPotion"},{"floor":12,"key":"SpeedPotion"},{"floor":16,"key":"SteroidPotion"},{"floor":22,"key":"SpeedPotion"},{"floor":25,"key":"Weak Potion"},{"floor":28,"key":"Ancient Potion"},{"floor":31,"key":"SkillPotion"},{"floor":39,"key":"Block Potion"},{"floor":42,"key":"EntropicBrew"},{"floor":44,"key":"EssenceOfSteel"},{"floor":48,"key":"Dexterity Potion"}],"is_trial":false,"path_per_floor":["M","?","M","M","M","E","R","E","T","R","?","M","R","E","R","B",null,"M","?","?","$","M","E","R","E","T","$","M","R","?","E","R","B",null,"M","$","M","?","M","E","R","E","T","E","$","?","E","M","R","B",null],"character_chosen":"DEFECT","items_purchased":["Lantern","Skim","All For One","Ancient Tea Set"],"campfire_rested":0,"item_purchase_floors":[21,27,27,36],"current_hp_per_floor":[54,47,43,43,43,39,39,46,46,46,46,53,53,46,46,33,75,75,75,75,75,75,66,66,73,73,73,73,73,73,75,75,69,75,75,75,75,66,62,69,69,75,75,75,75,75,75,75,75,15],"gold":81,"neow_bonus":"ONE_RARE_RELIC","is_prod":false,"is_daily":false,"chose_seed":false,"campfire_upgraded":9,"win_rate":0,"timestamp":1565395573,"path_taken":["M","?","M","M","M","E","R","E","T","R","?","M","R","E","R","BOSS","M","?","?","$","M","E","R","E","T","$","?","R","?","E","R","BOSS","M","?","?","?","M","E","R","E","T","E","$","?","E","M","R","BOSS"],"build_version":"2019-07-17","purchased_purges":3,"victory":true,"max_hp_per_floor":[75,75,75,75,75,75,75,75,75,75,75,75,75,75,75,75,75,75,75,75,75,75,75,75,75,75,75,75,75,75,75,75,75,75,75,75,75,75,75,75,75,75,75,75,75,75,75,75,75,75],"card_choices":[{"not_picked":["Hologram","White Noise"],"picked":"Turbo","floor":1},{"not_picked":["Melter","Ball Lightning"],"picked":"Turbo","floor":3},{"not_picked":["Sweeping Beam","Redo"],"picked":"Beam Cell","floor":4},{"not_picked":["Rebound","Steam"],"picked":"Hyperbeam","floor":5},{"not_picked":["Rebound","Go for the Eyes"],"picked":"Self Repair","floor":6},{"not_picked":["Consume","Rebound","Turbo"],"picked":"SKIP","floor":8},{"not_picked":["Turbo","Redo"],"picked":"Steam","floor":12},{"not_picked":["Ball Lightning","Hello World"],"picked":"Conserve Battery","floor":14},{"not_picked":["Meteor Strike","Thunder Strike"],"picked":"Electrodynamics","floor":16},{"not_picked":["Coolheaded","Capacitor+1"],"picked":"Steam","floor":18},{"not_picked":["Sweeping Beam","Lockon","Turbo"],"picked":"SKIP","floor":22},{"not_picked":["Sweeping Beam","Lockon","Turbo"],"picked":"SKIP","floor":22},{"not_picked":["Lockon","Redo","Beam Cell"],"picked":"SKIP","floor":23},{"not_picked":["Hello World+1","Undo"],"picked":"Steam Power+1","floor":25},{"not_picked":["Streamline","Barrage"],"picked":"Hologram","floor":28},{"not_picked":["Lockon","Coolheaded","Multi-Cast"],"picked":"SKIP","floor":31},{"not_picked":["Leap","Redo+1"],"picked":"Chill+1","floor":35},{"not_picked":["Streamline+1","Redo","Steam"],"picked":"SKIP","floor":37},{"not_picked":["BootSequence","Turbo","Steam"],"picked":"SKIP","floor":39},{"not_picked":["Go for the Eyes","Cold Snap+1"],"picked":"Reprogram","floor":40},{"not_picked":["Go for the Eyes+1","Echo Form"],"picked":"Steam Power+1","floor":42},{"not_picked":["Hologram","Steam+1"],"picked":"Coolheaded+1","floor":44},{"not_picked":["Magnetism","Dark Shackles"],"picked":"Impatience","floor":46},{"not_picked":["Force Field+1","Undo","Ball Lightning+1"],"picked":"SKIP","floor":47},{"not_picked":["Coolheaded+1","Stack"],"picked":"Doom and Gloom+1","floor":48}],"player_experience":70975,"relics_obtained":[{"floor":6,"key":"Orichalcum"},{"floor":8,"key":"Whetstone"},{"floor":9,"key":"Anchor"},{"floor":14,"key":"Boot"},{"floor":23,"key":"Centennial Puzzle"},{"floor":25,"key":"Bag of Preparation"},{"floor":26,"key":"Bronze Scales"},{"floor":31,"key":"Blood Vial"},{"floor":40,"key":"Bottled Tornado"},{"floor":42,"key":"Happy Flower"},{"floor":44,"key":"War Paint"},{"floor":47,"key":"Molten Egg 2"}],"event_choices":[{"cards_removed":["Strike_B"],"damage_healed":0,"gold_gain":0,"player_choice":"Card Removal","damage_taken":7,"max_hp_gain":0,"max_hp_loss":0,"event_name":"Golden Wing","floor":2,"gold_loss":0},{"damage_healed":0,"gold_gain":0,"player_choice":"Grow","damage_taken":0,"max_hp_gain":0,"max_hp_loss":0,"event_name":"Living Wall","floor":11,"gold_loss":0,"cards_upgraded":["Zap"]},{"damage_healed":0,"gold_gain":0,"player_choice":"Read","damage_taken":0,"max_hp_gain":0,"max_hp_loss":0,"event_name":"The Library","floor":19,"gold_loss":0,"cards_obtained":["BootSequence"]},{"cards_removed":["Defend_B"],"damage_healed":0,"gold_gain":0,"player_choice":"Purged","damage_taken":0,"max_hp_gain":0,"max_hp_loss":0,"event_name":"Purifier","floor":20,"gold_loss":0},{"damage_healed":0,"gold_gain":0,"player_choice":"1 cards matched","damage_taken":0,"max_hp_gain":0,"max_hp_loss":0,"event_name":"Match and Keep!","floor":30,"gold_loss":0,"cards_obtained":["Echo Form"]},{"damage_healed":0,"gold_gain":0,"player_choice":"Embrace Madness","damage_taken":9,"max_hp_gain":0,"max_hp_loss":0,"event_name":"Winding Halls","floor":38,"gold_loss":0,"cards_obtained":["Madness","Madness"]},{"damage_healed":0,"gold_gain":0,"player_choice":"Memory 1","damage_taken":0,"max_hp_gain":0,"max_hp_loss":0,"event_name":"SensoryStone","floor":46,"gold_loss":0}],"is_beta":false,"boss_relics":[{"not_picked":["Black Star","Philosopher\u0027s Stone"],"picked":"Astrolabe"},{"not_picked":["Tiny House","Busted Crown"],"picked":"Cursed Key"}],"items_purged_floors":[21,36,45],"is_endless":false,"potions_floor_spawned":[4,5,6,12,16,22,25,28,31,39,42,44,48],"ascension_level":1}