{"gold_per_floor":[114,414,428,428,448,479,492,492,492,492,503,538,514,534,534,534],"floor_reached":16,"playtime":893,"items_purged":[],"score":112,"play_id":"aeec9848-067f-49ef-9d24-fde666247c47","local_time":"20190808195351","is_ascension_mode":false,"campfire_choices":[{"floor":8,"key":"REST"},{"data":"Headbutt","floor":10,"key":"SMITH"},{"data":"Bash","floor":15,"key":"SMITH"}],"neow_cost":"NONE","seed_source_timestamp":1487179910552200,"circlet_count":0,"master_deck":["Strike_R","Strike_R","Strike_R","Strike_R","Strike_R","Defend_R","Defend_R","Defend_R","Defend_R","Bash+1","Headbutt+1","Thunderclap","Pommel Strike","Cleave","Iron Wave","Feel No Pain"],"relics":["Burning Blood","Orichalcum","Old Coin","Bird Faced Urn","Anchor","Mummified Hand"],"potions_floor_usage":[],"damage_taken":[{"damage":1,"enemies":"Small Slimes","floor":1,"turns":3},{"damage":7,"enemies":"Jaw Worm","floor":3,"turns":4},{"damage":2,"enemies":"Cultist","floor":5,"turns":5},{"damage":43,"enemies":"3 Sentries","floor":6,"turns":11},{"damage":3,"enemies":"Blue Slaver","floor":7,"turns":4},{"damage":4,"enemies":"Looter","floor":11,"turns":4},{"damage":8,"enemies":"Gremlin Nob","floor":12,"turns":4},{"damage":4,"enemies":"Gremlin Gang","floor":14,"turns":4},{"damage":78,"enemies":"Hexaghost","floor":16,"turns":11}],"seed_played":"-742152846438192524","potions_obtained":[{"floor":7,"key":"BloodPotion"},{"floor":12,"key":"AttackPotion"},{"floor":14,"key":"Swift Potion"}],"is_trial":false,"path_per_floor":["M","?","M","T","M","E","M","R","T","R","M","E","?","M","R","B"],"character_chosen":"IRONCLAD","items_purchased":[],"campfire_rested":1,"item_purchase_floors":[],"current_hp_per_floor":[80,77,76,76,80,43,46,70,70,70,72,70,70,72,72,0],"gold":534,"neow_bonus":"RANDOM_COMMON_RELIC","is_prod":false,"is_daily":false,"chose_seed":false,"campfire_upgraded":2,"win_rate":0.0,"timestamp":1565286831,"path_taken":["M","?","M","?","M","E","M","R","T","R","?","E","?","M","R","BOSS"],"build_version":"2019-07-17","purchased_purges":0,"victory":false,"max_hp_per_floor":[80,80,80,80,80,80,80,80,80,80,80,80,80,80,80,80],"card_choices":[{"not_picked":["Clash","Warcry","Thunderclap"],"picked":"SKIP","floor":1},{"not_picked":["Warcry","Anger","Corruption"],"picked":"SKIP","floor":3},{"not_picked":["Body Slam","Fire Breathing"],"picked":"Headbutt","floor":5},{"not_picked":["Entrench","Fire Breathing"],"picked":"Thunderclap","floor":6},{"not_picked":["Clothesline","Twin Strike"],"picked":"Pommel Strike","floor":7},{"not_picked":["Burning Pact","Uppercut"],"picked":"Cleave","floor":11},{"not_picked":["Rampage","Wild Strike"],"picked":"Iron Wave","floor":12},{"not_picked":["True Grit","Armaments"],"picked":"Feel No Pain","floor":14}],"player_experience":301031,"relics_obtained":[{"floor":4,"key":"Bird Faced Urn"},{"floor":6,"key":"Anchor"},{"floor":12,"key":"Mummified Hand"}],"event_choices":[{"damage_healed":0,"gold_gain":0,"player_choice":"Success","damage_taken":3,"relics_obtained":["Old Coin"],"max_hp_gain":0,"max_hp_loss":0,"event_name":"Scrap Ooze","floor":2,"gold_loss":0},{"damage_healed":0,"gold_gain":0,"player_choice":"Left Gold","damage_taken":0,"max_hp_gain":0,"max_hp_loss":0,"event_name":"World of Goop","floor":13,"gold_loss":24}],"is_beta":false,"boss_relics":[],"items_purged_floors":[],"is_endless":false,"potions_floor_spawned":[7,12,14],"killed_by":"Hexaghost","ascension_level":0}