{"gold_per_floor":[114,33,44,64,76,76,106,106,130,143,143,143,194,194],"floor_reached":14,"playtime":324,"items_purged":[],"score":180,"play_id":"e70d106a-4355-4c21-9003-6c1e3df345d6","local_time":"20181223115754","is_ascension_mode":true,"campfire_choices":[{"data":"Defragment","floor":6.0,"key":"SMITH"},{"data":"Loop","floor":8.0,"key":"SMITH"},{"data":"Thunder Strike","floor":12,"key":"SMITH"}],"neow_cost":"NONE","seed_source_timestamp":2982539344431,"circlet_count":0,"master_deck":["AscendersBane","Strike_B","Strike_B","Strike_B","Strike_B","Defend_B","Defend_B","Defend_B","Defend_B","Zap","Dualcast","Thunder Strike+1","Loop+1","Defragment+1","Ball Lightning","Ball Lightning","Rainbow","Core Surge","Consume"],"special_seed":0,"relics":["Cracked Core","Dream Catcher","Art of War"],"potions_floor_usage":[],"damage_taken":[{"damage":1.0,"enemies":"Cultist","floor":1.0,"turns":3.0},{"damage":7.0,"enemies":"Jaw Worm","floor":3.0,"turns":4.0},{"damage":0.0,"enemies":"2 Louse","floor":4.0,"turns":2.0},{"damage":7.0,"enemies":"Looter","floor":5.0,"turns":3.0},{"damage":30.0,"enemies":"Lagavulin","floor":7.0,"turns":4.0},{"damage":6.0,"enemies":"Blue Slaver","floor":10.0,"turns":3.0},{"damage":13,"enemies":"Gremlin Gang","floor":14,"turns":2}],"seed_played":"8582062414816524074","potions_obtained":[{"floor":1.0,"key":"Ancient Potion"},{"floor":4.0,"key":"Swift Potion"}],"is_trial":false,"path_per_floor":["M","$","M","M","M","R","E","R","T","M","?","R","?","M"],"character_chosen":"DEFECT","items_purchased":["Defragment"],"campfire_rested":0,"item_purchase_floors":[2],"current_hp_per_floor":[63,63,56,56,49,49,19,19,19,13,13,13,13,0],"gold":194,"neow_bonus":"ONE_RANDOM_RARE_CARD","is_prod":false,"is_daily":false,"chose_seed":false,"campfire_upgraded":3,"win_rate":0,"timestamp":1545537474,"path_taken":["M","$","M","M","?","R","E","R","T","M","?","R","?","M"],"build_version":"2018-12-20","purchased_purges":0,"victory":false,"max_hp_per_floor":[71,71,71,71,71,71,71,71,71,71,71,71,71,71],"card_choices":[{"not_picked":["Steam","BootSequence"],"picked":"Loop","floor":1.0},{"not_picked":["Streamline","Conserve Battery"],"picked":"Ball Lightning","floor":3.0},{"not_picked":["Loop","Barrage"],"picked":"Ball Lightning","floor":4.0},{"not_picked":["Sweeping Beam","Streamline"],"picked":"Rainbow","floor":5.0},{"not_picked":["Ball Lightning","Conserve Battery"],"picked":"Core Surge","floor":7.0},{"not_picked":["White Noise","Barrage"],"picked":"Consume","floor":10.0}],"player_experience":633905,"relics_obtained":[{"floor":7.0,"key":"Dream Catcher"},{"floor":9.0,"key":"Art of War"}],"event_choices":[{"damage_healed":0,"gold_gain":0,"player_choice":"Searched \u00270\u0027 times","damage_taken":0,"max_hp_gain":0,"max_hp_loss":0,"event_name":"Dead Adventurer","floor":11,"gold_loss":0},{"damage_healed":0,"gold_gain":51,"player_choice":"Gained Gold","damage_taken":0,"max_hp_gain":0,"max_hp_loss":0,"event_name":"Golden Wing","floor":13,"gold_loss":0}],"is_beta":true,"boss_relics":[],"items_purged_floors":[],"is_endless":false,"potions_floor_spawned":[1,4,7],"killed_by":"Gremlin Gang","ascension_level":20}