{"gold_per_floor":[112,37,53,64,214,214,232,232,232,232,243,243,41,59,59,155,155,180,84,98,98,113,113,138,1,1,45,45,86,86,36,36,132,132,156,180,201,0,18,18,51,176,176,194,212,212,212,225,225,225],"floor_reached":50,"playtime":2880,"items_purged":["Strike_B","Doubt","Strike_B","Strike_B","Strike_B","Defend_B"],"score":1188,"play_id":"2204dcdf-169f-4290-b7d0-fea690a54980","local_time":"20190303094124","is_ascension_mode":true,"campfire_choices":[{"data":"Sunder","floor":6.0,"key":"SMITH"},{"data":"Dualcast","floor":8.0,"key":"SMITH"},{"data":"Zap","floor":10.0,"key":"SMITH"},{"data":"Fission","floor":15.0,"key":"SMITH"},{"data":"Darkness","floor":23.0,"key":"SMITH"},{"data":"Buffer","floor":28.0,"key":"SMITH"},{"data":"Hologram","floor":30.0,"key":"SMITH"},{"floor":32.0,"key":"REST"},{"data":"Coolheaded","floor":40,"key":"SMITH"},{"data":"Defragment","floor":46,"key":"SMITH"},{"floor":49,"key":"RECALL"}],"neow_cost":"NONE","seed_source_timestamp":439578064930,"circlet_count":0,"master_deck":["AscendersBane","Defend_B","Defend_B","Defend_B","Zap+1","Dualcast+1","Glacier","Chill","Sunder+1","Conserve Battery","Hologram+1","Fission+1","FTL","Thunder Strike","Turbo","Darkness+1","Electrodynamics","Reinforced Body","Capacitor","Redo","Buffer+1","Glacier","Double Energy+1","Biased Cognition","Defragment","Coolheaded+1","Consume","Lockon+1","Parasite","Defragment+1","Heatsinks+1"],"special_seed":0,"relics":["Cracked Core","NeowsBlessing","Smiling Mask","Golden Idol","Runic Pyramid","Bottled Lightning","Singing Bowl","Dream Catcher","Cursed Key","Bottled Flame","Bird Faced Urn"],"potions_floor_usage":[50],"damage_taken":[{"damage":0.0,"enemies":"Cultist","floor":1.0,"turns":1.0},{"damage":0.0,"enemies":"Jaw Worm","floor":3.0,"turns":1.0},{"damage":0.0,"enemies":"2 Louse","floor":4.0,"turns":1.0},{"damage":0.0,"enemies":"Blue Slaver","floor":7.0,"turns":5.0},{"damage":0.0,"enemies":"Looter","floor":11.0,"turns":4.0},{"damage":7.0,"enemies":"Red Slaver","floor":14.0,"turns":2.0},{"damage":0.0,"enemies":"The Guardian","floor":16.0,"turns":15.0},{"damage":6.0,"enemies":"Spheric Guardian","floor":18.0,"turns":3.0},{"damage":0.0,"enemies":"Chosen","floor":20.0,"turns":6.0},{"damage":8.0,"enemies":"Sentry and Sphere","floor":22.0,"turns":4.0},{"damage":0.0,"enemies":"Centurion and Healer","floor":24.0,"turns":7.0},{"damage":20.0,"enemies":"Slavers","floor":27.0,"turns":4.0},{"damage":0.0,"enemies":"Book of Stabbing","floor":29.0,"turns":5.0},{"damage":0.0,"enemies":"Champ","floor":33.0,"turns":15.0},{"damage":0.0,"enemies":"3 Shapes","floor":35.0,"turns":4.0},{"damage":12.0,"enemies":"3 Darklings","floor":36.0,"turns":6.0},{"damage":1,"enemies":"Writhing Mass","floor":37,"turns":6},{"damage":14,"enemies":"Transient","floor":39,"turns":5},{"damage":0,"enemies":"Giant Head","floor":41,"turns":12},{"damage":0,"enemies":"Mind Bloom Boss Battle","floor":42,"turns":6},{"damage":0,"enemies":"Maw","floor":44,"turns":6},{"damage":0,"enemies":"Writhing Mass","floor":45,"turns":7},{"damage":0,"enemies":"Sphere and 2 Shapes","floor":48,"turns":4},{"damage":79,"enemies":"Awakened One","floor":50,"turns":14}],"seed_played":"1517478174244094193","potions_obtained":[{"floor":3.0,"key":"EssenceOfSteel"},{"floor":11.0,"key":"Weak Potion"},{"floor":18.0,"key":"SkillPotion"},{"floor":20.0,"key":"SteroidPotion"},{"floor":27.0,"key":"Weak Potion"},{"floor":37,"key":"FocusPotion"},{"floor":48,"key":"Swift Potion"}],"is_trial":false,"path_per_floor":["M","$","M","M","?","R","M","R","T","R","M","?","$","M","R","B",null,"M","$","M","?","M","R","M","$","T","E","R","E","R","$","R","B",null,"M","M","M","$","M","R","E","?","T","M","M","R","?","M","R","B"],"character_chosen":"DEFECT","items_purchased":["Fission","Turbo","Capacitor","Redo","Defragment","FocusPotion"],"campfire_rested":1,"item_purchase_floors":[13,19,25,25,38,38],"current_hp_per_floor":[64,64,64,64,64,64,64,64,64,64,64,40,40,33,33,33,62,56,56,56,56,48,48,48,48,48,28,28,28,28,28,49,49,66,68,58,59,59,45,45,45,45,45,55,67,67,67,79,79,10],"gold":225,"neow_bonus":"THREE_ENEMY_KILL","is_prod":false,"is_daily":false,"chose_seed":false,"campfire_upgraded":9,"win_rate":0,"timestamp":1551577284,"path_taken":["M","$","M","?","?","R","M","R","T","R","M","?","?","?","R","BOSS","M","$","M","?","M","R","M","$","T","E","R","E","R","?","R","BOSS","M","M","M","$","M","R","E","?","T","M","M","R","?","M","R","BOSS"],"build_version":"2019-02-06","purchased_purges":6,"victory":false,"max_hp_per_floor":[71,71,71,71,71,71,71,71,71,71,71,71,71,71,71,71,71,71,71,71,71,71,71,71,71,71,71,71,71,71,71,71,71,71,73,75,77,77,77,77,77,77,77,77,77,77,77,79,79,79],"card_choices":[{"not_picked":["Sweeping Beam","Darkness"],"picked":"Glacier","floor":1.0},{"not_picked":["Barrage","Compile Driver"],"picked":"Chill","floor":3.0},{"not_picked":["Undo","Conserve Battery"],"picked":"Sunder","floor":4.0},{"not_picked":["Cold Snap","Compile Driver"],"picked":"Conserve Battery","floor":7.0},{"not_picked":["Sunder","Rip and Tear"],"picked":"Hologram","floor":11.0},{"not_picked":["Stack","Chill"],"picked":"FTL","floor":14.0},{"not_picked":["Core Surge","Meteor Strike"],"picked":"Thunder Strike","floor":16.0},{"not_picked":["Sweeping Beam","Conserve Battery","Streamline"],"picked":"SKIP","floor":18.0},{"not_picked":["Steam","Gash"],"picked":"Darkness","floor":20.0},{"not_picked":["Recycle","Lockon","Reprogram"],"picked":"SKIP","floor":22.0},{"not_picked":["Ball Lightning","Streamline"],"picked":"Go for the Eyes+1","floor":24.0},{"not_picked":["Heatsinks","Leap+1"],"picked":"Buffer","floor":27.0},{"not_picked":["Conserve Battery","Barrage"],"picked":"Glacier","floor":29.0},{"not_picked":["Barrage","Rebound"],"picked":"Double Energy+1","floor":32.0},{"not_picked":["Amplify","Buffer"],"picked":"Biased Cognition","floor":33.0},{"not_picked":["Leap","Go for the Eyes","Rebound"],"picked":"Singing Bowl","floor":35.0},{"not_picked":["Steam Power","Streamline","Heatsinks"],"picked":"Singing Bowl","floor":36.0},{"not_picked":["Leap","Sunder+1","Aggregate+1"],"picked":"Singing Bowl","floor":37},{"not_picked":["Darkness","Compile Driver"],"picked":"Coolheaded","floor":39},{"not_picked":["Rebound","Hologram"],"picked":"Consume","floor":41},{"not_picked":["Turbo","Aggregate+1"],"picked":"Lockon+1","floor":42},{"not_picked":["Blizzard","Fission"],"picked":"Defragment","floor":44},{"not_picked":["Turbo+1","Cold Snap"],"picked":"Heatsinks+1","floor":45},{"not_picked":["Static Discharge","Cold Snap","Leap"],"picked":"Singing Bowl","floor":48}],"player_experience":816161,"relics_obtained":[{"floor":9.0,"key":"Smiling Mask"},{"floor":26.0,"key":"Bottled Lightning"},{"floor":27.0,"key":"Singing Bowl"},{"floor":29.0,"key":"Dream Catcher"},{"floor":41,"key":"Bottled Flame"},{"floor":42,"key":"Bird Faced Urn"}],"event_choices":[{"damage_healed":0.0,"max_hp_gain":0.0,"max_hp_loss":0.0,"gold_gain":150.0,"event_name":"Liars Game","player_choice":"AGREE","floor":5.0,"gold_loss":0.0,"damage_taken":0.0,"cards_obtained":["Doubt"]},{"damage_healed":0.0,"max_hp_gain":0.0,"max_hp_loss":0.0,"gold_gain":0.0,"event_name":"Golden Idol","player_choice":"Take Damage","floor":12.0,"gold_loss":0.0,"damage_taken":24.0,"relics_obtained":["Golden Idol"]},{"damage_healed":0.0,"max_hp_gain":0.0,"max_hp_loss":0.0,"gold_gain":0.0,"event_name":"Match and Keep!","player_choice":"2 cards matched","floor":21.0,"gold_loss":0.0,"damage_taken":0.0,"cards_obtained":["Electrodynamics","Reinforced Body"]},{"damage_healed":0,"gold_gain":0,"player_choice":"Fight","damage_taken":0,"max_hp_gain":0,"max_hp_loss":0,"event_name":"MindBloom","floor":42,"gold_loss":0},{"cards_removed":["Go for the Eyes"],"damage_healed":0,"gold_gain":0,"player_choice":"Removed Attack","damage_taken":0,"max_hp_gain":0,"max_hp_loss":0,"event_name":"Falling","floor":47,"gold_loss":0}],"is_beta":true,"boss_relics":[{"not_picked":["FrozenCore","Calling Bell"],"picked":"Runic Pyramid"},{"not_picked":["Tiny House","Runic Dome"],"picked":"Cursed Key"}],"items_purged_floors":[2,13,19,25,31,38],"is_endless":false,"potions_floor_spawned":[3,11,18,20,27,37,39,41,42,48],"killed_by":"Awakened One","ascension_level":15}