{"gold_per_floor":[211,386,27,38,38,38,70,36,36,53,13,13,13,13,13,13],"floor_reached":16,"playtime":538,"items_purged":["Doubt"],"score":101,"play_id":"715f0ab3-b984-4fbd-a18b-d02e3014f648","local_time":"20180717105758","is_ascension_mode":true,"campfire_choices":[{"data":"Heatsinks","floor":6,"key":"SMITH"},{"floor":12,"key":"REST"},{"data":"White Noise","floor":15,"key":"SMITH"}],"neow_cost":"NONE","seed_source_timestamp":0,"circlet_count":0,"master_deck":["Strike_B","Strike_B","Strike_B","Defend_B","Defend_B+1","Defend_B+1","Defend_B","Zap","Dualcast","Cold Snap","Heatsinks+1","Capacitor","Hologram","Rebound","Hello World","White Noise+1"],"special_seed":0,"relics":["Cracked Core","Strange Spoon","Girya","Omamori"],"potions_floor_usage":[],"damage_taken":[{"damage":5,"enemies":"Small Slimes","floor":1,"turns":4},{"damage":4,"enemies":"2 Louse","floor":4,"turns":3},{"damage":49,"enemies":"Gremlin Nob","floor":7,"turns":6},{"damage":0,"enemies":"Jaw Worm","floor":10,"turns":4},{"damage":27,"enemies":"The Guardian","floor":16,"turns":10}],"seed_played":"7636173876432041565","potions_obtained":[{"floor":7,"key":"GamblersBrew"}],"is_trial":false,"path_per_floor":["M","?","$","M","?","R","E","?","T","M","$","R","$","?","R"],"character_chosen":"DEFECT","items_purchased":["Heatsinks","Strange Spoon","Hello World"],"campfire_rested":1,"item_purchase_floors":[3,3,11],"current_hp_per_floor":[70,70,70,66,51,51,2,2,2,2,2,24,24,24,24,0],"gold":13,"neow_bonus":"HUNDRED_GOLD","is_prod":false,"is_daily":false,"chose_seed":false,"campfire_upgraded":2,"win_rate":0,"timestamp":1531796278,"path_taken":["M","?","$","M","?","R","E","?","T","?","$","R","?","?","R","BOSS"],"build_version":"2018-07-12","purchased_purges":1,"victory":false,"max_hp_per_floor":[75,75,75,75,75,75,75,75,75,75,75,75,75,75,75,75],"card_choices":[{"not_picked":["Compile Driver","Leap"],"picked":"Cold Snap","floor":1},{"not_picked":["Fission","Gash"],"picked":"Capacitor","floor":4},{"not_picked":["Scrape","Chill"],"picked":"Hologram","floor":7},{"not_picked":["Gash","Cold Snap"],"picked":"Rebound","floor":10}],"player_experience":100324,"relics_obtained":[{"floor":7,"key":"Girya"},{"floor":9,"key":"Omamori"}],"event_choices":[{"event_name":"Liars Game","player_choice":"agreed","floor":2,"damage_taken":0},{"event_name":"Shining Light","player_choice":"Entered Light","floor":5,"damage_taken":0},{"event_name":"World of Goop","player_choice":"Left","floor":8,"damage_taken":0},{"event_name":"Living Wall","player_choice":"Change","floor":14,"damage_taken":0}],"boss_relics":[],"items_purged_floors":[3],"is_endless":false,"potions_floor_spawned":[7],"killed_by":"The Guardian","ascension_level":1}