{"gold_per_floor":[110,125,138,138,157,192,192,217,217,217,142,152,152,164,164,261,261,271,287,287,202,102,102,135,101,125,137],"floor_reached":27,"playtime":2349,"items_purged":["Strike_B","Strike_B"],"score":253,"play_id":"a7e467f3-e9ea-43a2-b2c6-a047fabfce4a","local_time":"20190809214409","is_ascension_mode":true,"campfire_choices":[{"data":"Double Energy","floor":7,"key":"SMITH"},{"data":"Loop","floor":10,"key":"SMITH"},{"data":"Dualcast","floor":13,"key":"SMITH"},{"data":"Electrodynamics","floor":15,"key":"SMITH"},{"data":"Multi-Cast","floor":23,"key":"SMITH"}],"neow_cost":"NONE","seed_source_timestamp":437313327715104,"circlet_count":0,"master_deck":["Strike_B","Defend_B","Defend_B","Defend_B","Defend_B","Zap+1","Dualcast+1","Reinforced Body","Loop+1","Lockon","Electrodynamics+1","Double Energy+1","Biased Cognition","Scrape","Multi-Cast+1","Conserve Battery+1","Skim","Self Repair+1","BootSequence"],"relics":["Cracked Core","Torii","Question Card","Darkstone Periapt","Philosopher\u0027s Stone","Dodecahedron","Bag of Marbles","MawBank"],"potions_floor_usage":[6,8,8,14,16,16,24],"damage_taken":[{"damage":0,"enemies":"Cultist","floor":1,"turns":3},{"damage":1,"enemies":"Jaw Worm","floor":2,"turns":4},{"damage":0,"enemies":"2 Louse","floor":3,"turns":2},{"damage":2,"enemies":"Exordium Wildlife","floor":5,"turns":4},{"damage":21,"enemies":"Lagavulin","floor":6,"turns":5},{"damage":18,"enemies":"Gremlin Nob","floor":8,"turns":3},{"damage":12,"enemies":"Blue Slaver","floor":12,"turns":2},{"damage":8,"enemies":"Gremlin Gang","floor":14,"turns":5},{"damage":12,"enemies":"Hexaghost","floor":16,"turns":5},{"damage":12,"enemies":"Shell Parasite","floor":18,"turns":4},{"damage":22,"enemies":"2 Thieves","floor":19,"turns":2},{"damage":11,"enemies":"Book of Stabbing","floor":24,"turns":5},{"damage":30,"enemies":"Gremlin Leader","floor":27,"turns":5}],"seed_played":"3098446925857514067","potions_obtained":[{"floor":1,"key":"Regen Potion"},{"floor":2,"key":"FocusPotion"},{"floor":6,"key":"EntropicBrew"},{"floor":14,"key":"GamblersBrew"},{"floor":19,"key":"Weak Potion"}],"is_trial":false,"path_per_floor":["M","M","M","?","M","E","R","E","T","R","$","M","R","M","R","B",null,"M","M","?","?","$","R","E","$","T","E"],"character_chosen":"DEFECT","items_purchased":["BootSequence"],"campfire_rested":0,"item_purchase_floors":[25],"current_hp_per_floor":[75,74,74,74,72,60,60,42,42,42,42,30,30,22,22,10,75,63,41,41,41,41,41,30,30,30,0],"gold":137,"neow_bonus":"TRANSFORM_CARD","is_prod":false,"is_daily":false,"chose_seed":false,"campfire_upgraded":5,"win_rate":0,"timestamp":1565379849,"path_taken":["M","M","?","?","M","E","R","E","T","R","$","?","R","M","R","BOSS","M","M","?","?","?","R","E","$","T","E"],"build_version":"2019-07-17","purchased_purges":2,"victory":false,"max_hp_per_floor":[75,75,75,75,75,75,75,75,75,75,75,75,75,75,75,75,75,75,75,75,75,75,75,75,75,75,75],"card_choices":[{"not_picked":["Lockon","Barrage"],"picked":"Loop","floor":1},{"not_picked":["Leap","Barrage"],"picked":"Lockon","floor":2},{"not_picked":["Cold Snap","Stack"],"picked":"Electrodynamics","floor":3},{"not_picked":["White Noise","Compile Driver"],"picked":"Double Energy","floor":5},{"not_picked":["Compile Driver","Consume","Redo"],"picked":"SKIP","floor":6},{"not_picked":["Chaos","Ball Lightning"],"picked":"Biased Cognition","floor":8},{"not_picked":["Stack","Beam Cell","Cold Snap"],"picked":"Scrape","floor":12},{"not_picked":["Streamline","Gash","Chaos","Compile Driver"],"picked":"SKIP","floor":14},{"not_picked":["Buffer","Hyperbeam","Thunder Strike"],"picked":"Multi-Cast","floor":16},{"not_picked":["Beam Cell","Sweeping Beam","Steam"],"picked":"Conserve Battery+1","floor":18},{"not_picked":["Sweeping Beam","Recycle","Static Discharge+1"],"picked":"Skim","floor":19},{"not_picked":["Stack","Multi-Cast","Reprogram"],"picked":"Self Repair+1","floor":24}],"player_experience":57688,"relics_obtained":[{"floor":6,"key":"Torii"},{"floor":8,"key":"Question Card"},{"floor":9,"key":"Darkstone Periapt"},{"floor":24,"key":"Bag of Marbles"},{"floor":26,"key":"MawBank"}],"event_choices":[{"damage_healed":0,"gold_gain":0,"player_choice":"Upgraded","damage_taken":0,"max_hp_gain":0,"max_hp_loss":0,"event_name":"Upgrade Shrine","floor":4,"gold_loss":0,"cards_upgraded":["Zap"]},{"damage_healed":0,"gold_gain":0,"player_choice":"Ignored","damage_taken":0,"max_hp_gain":0,"max_hp_loss":0,"event_name":"Vampires","floor":20,"gold_loss":0},{"damage_healed":0,"gold_gain":0,"player_choice":"Obtained Relic","damage_taken":0,"relics_obtained":["Dodecahedron"],"max_hp_gain":0,"max_hp_loss":0,"event_name":"Addict","floor":21,"gold_loss":85}],"is_beta":false,"boss_relics":[{"not_picked":["Empty Cage","Tiny House"],"picked":"Philosopher\u0027s Stone"}],"items_purged_floors":[11,22],"is_endless":false,"potions_floor_spawned":[1,2,6,14,19],"killed_by":"Gremlin Leader","ascension_level":1}