{"gold_per_floor":[113,131,56,76,96,127,127,154,154,165,180,191,191,210,210,307,307,327,23,33,48,61,61,93,93,93,93,93,93,125,125],"floor_reached":31,"playtime":3980,"items_purged":["Defend_R","Bash"],"score":353,"play_id":"aae3c7fc-a824-4026-ad66-cec16f7c985b","local_time":"20190803004901","is_ascension_mode":true,"campfire_choices":[{"data":"Armaments","floor":7,"key":"SMITH"},{"floor":15,"key":"REST"},{"floor":23,"key":"REST"},{"floor":29,"key":"REST"}],"neow_cost":"NONE","seed_source_timestamp":54347504626852,"circlet_count":0,"master_deck":["Strike_R+1","Strike_R","Strike_R","Strike_R","Strike_R","Defend_R","Defend_R","Anger+1","Armaments+1","Perfected Strike","Twin Strike","Metallicize","Whirlwind","Anger","Feed","Dual Wield","Berserk"],"relics":["White Beast Statue","Question Card","Gremlin Horn","Bottled Flame","Runic Pyramid","Strange Spoon","Shuriken","Boot","PreservedInsect"],"potions_floor_usage":[5,6,8,12,14,16,16,16,20,22,24,24,30,31],"damage_taken":[{"damage":1,"enemies":"Cultist","floor":1,"turns":3},{"damage":6,"enemies":"Jaw Worm","floor":2,"turns":3},{"damage":2,"enemies":"Small Slimes","floor":4,"turns":3},{"damage":5,"enemies":"Looter","floor":5,"turns":3},{"damage":21,"enemies":"3 Sentries","floor":6,"turns":8},{"damage":9,"enemies":"Gremlin Nob","floor":8,"turns":4},{"damage":6,"enemies":"Red Slaver","floor":10,"turns":3},{"damage":0,"enemies":"Exordium Wildlife","floor":11,"turns":2},{"damage":11,"enemies":"Large Slime","floor":12,"turns":4},{"damage":4,"enemies":"3 Louse","floor":14,"turns":5},{"damage":35,"enemies":"The Guardian","floor":16,"turns":8},{"damage":0,"enemies":"3 Byrds","floor":18,"turns":3},{"damage":17,"enemies":"2 Thieves","floor":20,"turns":4},{"damage":20,"enemies":"Centurion and Healer","floor":21,"turns":6},{"damage":10,"enemies":"Chosen and Byrds","floor":22,"turns":7},{"damage":36,"enemies":"Slavers","floor":24,"turns":5},{"damage":81,"enemies":"Book of Stabbing","floor":30,"turns":6},{"damage":16,"enemies":"Snake Plant","floor":31,"turns":1}],"seed_played":"-4421701796366348509","potions_obtained":[{"floor":1,"key":"Regen Potion"},{"floor":2,"key":"GamblersBrew"},{"floor":4,"key":"Regen Potion"},{"floor":5,"key":"Weak Potion"},{"floor":6,"key":"Block Potion"},{"floor":8,"key":"Energy Potion"},{"floor":10,"key":"Regen Potion"},{"floor":12,"key":"SteroidPotion"},{"floor":14,"key":"Fire Potion"},{"floor":16,"key":"Weak Potion"},{"floor":18,"key":"Dexterity Potion"},{"floor":20,"key":"SkillPotion"},{"floor":21,"key":"Strength Potion"},{"floor":22,"key":"Block Potion"},{"floor":24,"key":"FearPotion"},{"floor":30,"key":"Regen Potion"}],"is_trial":false,"path_per_floor":["M","M","$","M","M","E","R","E","T","M","M","M","?","M","R","B",null,"M","$","M","M","M","R","E","?","T","?","$","R","E","M"],"character_chosen":"IRONCLAD","items_purchased":["Strange Spoon"],"campfire_rested":3,"item_purchase_floors":[19],"current_hp_per_floor":[79,73,73,71,75,68,68,59,59,53,53,42,26,36,60,25,80,84,84,73,61,54,84,54,54,54,54,54,86,8,0],"gold":125,"neow_bonus":"BOSS_RELIC","is_prod":false,"is_daily":false,"chose_seed":false,"campfire_upgraded":1,"win_rate":0,"timestamp":1564782541,"path_taken":["M","M","$","M","M","E","R","E","T","M","M","M","?","M","R","BOSS","M","$","M","M","M","R","E","?","T","?","$","R","E","M"],"build_version":"2019-07-17","purchased_purges":2,"victory":false,"max_hp_per_floor":[80,80,80,80,80,80,80,80,80,80,80,80,80,80,80,80,80,84,84,90,98,101,101,107,107,107,107,107,107,110,110],"card_choices":[{"not_picked":["Intimidate","True Grit"],"picked":"Anger","floor":1},{"not_picked":["Perfected Strike","Headbutt"],"picked":"Armaments","floor":2},{"not_picked":["Double Tap","Heavy Blade"],"picked":"Perfected Strike","floor":4},{"not_picked":["Blood for Blood","Spot Weakness","Pummel"],"picked":"SKIP","floor":5},{"not_picked":["Warcry","Clothesline"],"picked":"Twin Strike","floor":6},{"not_picked":["Combust","Rupture","Hemokinesis"],"picked":"Metallicize","floor":8},{"not_picked":["Fire Breathing","True Grit","Disarm"],"picked":"Whirlwind","floor":10},{"not_picked":["Clash","Clothesline","Headbutt"],"picked":"Anger","floor":11},{"not_picked":["Sword Boomerang","Blood for Blood","Thunderclap","Reckless Charge"],"picked":"SKIP","floor":12},{"not_picked":["Rupture","Pummel","Headbutt","Shockwave"],"picked":"SKIP","floor":14},{"not_picked":["Fiend Fire","Limit Break","Barricade"],"picked":"Feed","floor":16},{"not_picked":["Cleave","Sword Boomerang","Headbutt","Clash"],"picked":"SKIP","floor":18},{"not_picked":["Perfected Strike","Pommel Strike","Thunderclap+1"],"picked":"Dual Wield","floor":20},{"not_picked":["Headbutt","Pummel","Fire Breathing"],"picked":"Berserk","floor":21},{"not_picked":["Armaments","Headbutt","Twin Strike","Seeing Red"],"picked":"SKIP","floor":22},{"not_picked":["Brutality","Second Wind","Thunderclap","Cleave"],"picked":"SKIP","floor":24},{"not_picked":["True Grit","Shockwave","Power Through","Dark Embrace"],"picked":"SKIP","floor":30}],"player_experience":30045,"relics_obtained":[{"floor":6,"key":"Question Card"},{"floor":8,"key":"Gremlin Horn"},{"floor":9,"key":"Bottled Flame"},{"floor":24,"key":"Shuriken"},{"floor":26,"key":"Boot"},{"floor":30,"key":"PreservedInsect"}],"event_choices":[{"damage_healed":0,"gold_gain":0,"player_choice":"Entered Light","damage_taken":16,"max_hp_gain":0,"max_hp_loss":0,"event_name":"Shining Light","floor":13,"gold_loss":0,"cards_upgraded":["Anger","Strike_R"]},{"cards_removed":["Defend_R"],"damage_healed":0,"gold_gain":0,"player_choice":"Elegance","damage_taken":0,"max_hp_gain":0,"max_hp_loss":0,"event_name":"Back to Basics","floor":27,"gold_loss":0}],"is_beta":false,"boss_relics":[{"not_picked":["Sozu","Orrery"],"picked":"Runic Pyramid"}],"items_purged_floors":[3,19],"is_endless":false,"potions_floor_spawned":[1,2,4,5,6,8,10,11,12,14,16,18,20,21,22,24,30],"killed_by":"Snake Plant","ascension_level":1}