{"gold_per_floor":[116,128,145,161,161,195,155,185,185,4,4,4,17,50,50,148,148,168,168,168,17,37,68,68,86,86,102,114,114,130,130,130,227,227,246,246,257,270,285,285,285,300,300,300,300,327,327,327,327,327],"floor_reached":51,"playtime":3005,"items_purged":["Strike_B","Strike_B"],"score":950,"play_id":"7b0bfcf5-8ec8-4025-9a41-b9e11170e571","local_time":"20190804172537","is_ascension_mode":true,"campfire_choices":[{"floor":11.0,"key":"REST"},{"data":"Loop","floor":15.0,"key":"SMITH"},{"data":"Glacier","floor":24.0,"key":"SMITH"},{"floor":29.0,"key":"REST"},{"floor":32.0,"key":"REST"},{"floor":40.0,"key":"REST"},{"floor":44.0,"key":"RECALL"},{"floor":47.0,"key":"REST"},{"floor":49,"key":"REST"}],"neow_cost":"NONE","seed_source_timestamp":0,"circlet_count":0,"master_deck":["Strike_B","Strike_B+1","Defend_B","Defend_B","Defend_B","Defend_B","Zap","Dualcast","Gash+1","Glacier+1","Cold Snap","Cold Snap","Coolheaded","Loop+1","Melter","Go for the Eyes","Glacier","Reboot","Electrodynamics+1","Leap","Heatsinks+1","Stack+1","Chill","Loop+1","Storm+1","Defragment+1","Electrodynamics+1","Blizzard","Go for the Eyes+1","White Noise+1","Tempest+1","Defragment+1","Machine Learning+1","Defragment+1","Auto Shields","Hologram+1"],"special_seed":0,"relics":["Cracked Core","NeowsBlessing","Bottled Lightning","Dream Catcher","Whetstone","Frozen Egg 2","Snecko Eye","Torii","Cables","Fusion Hammer","Bottled Flame","Calipers"],"potions_floor_usage":[50,50],"damage_taken":[{"damage":0.0,"enemies":"Cultist","floor":1.0,"turns":1.0},{"damage":0.0,"enemies":"2 Louse","floor":2.0,"turns":1.0},{"damage":0.0,"enemies":"Jaw Worm","floor":3.0,"turns":1.0},{"damage":13.0,"enemies":"Exordium Wildlife","floor":4.0,"turns":7.0},{"damage":24.0,"enemies":"Gremlin Nob","floor":6.0,"turns":4.0},{"damage":4.0,"enemies":"Lagavulin","floor":8.0,"turns":6.0},{"damage":2.0,"enemies":"Exordium Thugs","floor":13.0,"turns":6.0},{"damage":1.0,"enemies":"3 Sentries","floor":14.0,"turns":8.0},{"damage":15.0,"enemies":"The Guardian","floor":16.0,"turns":15.0},{"damage":7.0,"enemies":"Chosen","floor":18.0,"turns":9.0},{"damage":0.0,"enemies":"3 Byrds","floor":22.0,"turns":1.0},{"damage":22.0,"enemies":"Slavers","floor":23.0,"turns":5.0},{"damage":23.0,"enemies":"Centurion and Healer","floor":25.0,"turns":24.0},{"damage":8.0,"enemies":"Cultist and Chosen","floor":27.0,"turns":6.0},{"damage":1.0,"enemies":"Snake Plant","floor":28.0,"turns":4.0},{"damage":1.0,"enemies":"Centurion and Healer","floor":30.0,"turns":10.0},{"damage":30.0,"enemies":"Automaton","floor":33.0,"turns":15.0},{"damage":0.0,"enemies":"3 Shapes","floor":35.0,"turns":2.0},{"damage":0.0,"enemies":"3 Darklings","floor":37.0,"turns":4.0},{"damage":0.0,"enemies":"Jaw Worm Horde","floor":38.0,"turns":2.0},{"damage":24.0,"enemies":"Maw","floor":39.0,"turns":8.0},{"damage":0.0,"enemies":"4 Shapes","floor":42.0,"turns":4.0},{"damage":0.0,"enemies":"Reptomancer","floor":46.0,"turns":4.0},{"damage":27,"enemies":"Time Eater","floor":50,"turns":6}],"seed_played":"-2639436642270421955","potions_obtained":[{"floor":2.0,"key":"AttackPotion"},{"floor":4.0,"key":"Fire Potion"},{"floor":7.0,"key":"Fire Potion"},{"floor":7.0,"key":"Weak Potion"},{"floor":13.0,"key":"Ancient Potion"},{"floor":16.0,"key":"Poison Potion"},{"floor":23.0,"key":"Weak Potion"},{"floor":25.0,"key":"PowerPotion"},{"floor":28.0,"key":"Strength Potion"},{"floor":30.0,"key":"Block Potion"},{"floor":37.0,"key":"Fire Potion"},{"floor":39.0,"key":"Dexterity Potion"}],"is_trial":false,"path_per_floor":["M","M","M","M","?","E","?","E","T","$","R","$","M","E","R","B",null,"M","?","?","$","M","E","R","M","T","M","M","R","M","?","R","B",null,"M","?","M","M","M","R","?","M","T","R","?","E","R","?","R","B",null],"character_chosen":"DEFECT","items_purchased":["Loop","Melter","Leap"],"campfire_rested":6,"item_purchase_floors":[10,10,21],"current_hp_per_floor":[68,68,68,55,55,31,31,27,27,27,49,49,47,46,46,31,64,57,57,57,57,57,35,35,12,12,4,3,25,24,24,46,16,60,60,60,60,60,36,58,58,58,58,58,58,58,71,71,71,44],"gold":327,"neow_bonus":"THREE_ENEMY_KILL","is_prod":false,"is_daily":false,"chose_seed":false,"campfire_upgraded":2,"win_rate":0,"timestamp":1564957537,"path_taken":["M","M","M","M","?","E","?","E","T","?","R","$","M","E","R","BOSS","M","?","?","?","?","E","R","M","T","?","M","R","M","?","R","BOSS","M","?","M","M","M","R","?","?","T","R","?","E","R","?","R","BOSS"],"build_version":"2019-07-17","purchased_purges":2,"victory":true,"max_hp_per_floor":[75,75,75,75,75,75,75,75,75,75,75,75,75,75,75,75,75,75,75,75,75,75,75,75,75,75,75,75,75,75,75,75,75,75,75,75,75,75,75,75,75,75,75,75,71,71,71,71,71,71],"card_choices":[{"not_picked":["Steam","Conserve Battery"],"picked":"Gash","floor":1.0},{"not_picked":["Rebound","Barrage"],"picked":"Glacier","floor":2.0},{"not_picked":["Recycle","Coolheaded"],"picked":"Cold Snap","floor":3.0},{"not_picked":["Undo","Stack","Steam Power"],"picked":"SKIP","floor":4.0},{"not_picked":["Steam","Amplify"],"picked":"Cold Snap","floor":6.0},{"not_picked":["Cold Snap","Undo"],"picked":"Coolheaded","floor":8.0},{"not_picked":["Stack","Blizzard"],"picked":"Go for the Eyes","floor":11.0},{"not_picked":["Storm","Skim"],"picked":"Glacier","floor":13.0},{"not_picked":["Barrage","Conserve Battery"],"picked":"Reboot","floor":14.0},{"not_picked":["Fission","Buffer+1"],"picked":"Electrodynamics+1","floor":16.0},{"not_picked":["Conserve Battery","Ball Lightning","Sweeping Beam+1"],"picked":"SKIP","floor":18.0},{"not_picked":["Storm+1","Gash"],"picked":"Heatsinks+1","floor":22.0},{"not_picked":["Sweeping Beam","Redo"],"picked":"Stack+1","floor":23.0},{"not_picked":["Compile Driver","Double Energy"],"picked":"Chill","floor":25.0},{"not_picked":["Lockon+1","Storm+1"],"picked":"BootSequence","floor":27.0},{"not_picked":["Scrape","Redo","Force Field"],"picked":"SKIP","floor":28.0},{"not_picked":["Multi-Cast","Rip and Tear"],"picked":"Loop+1","floor":29.0},{"not_picked":["Fusion+1","Turbo"],"picked":"Storm+1","floor":30.0},{"not_picked":["Hello World+1","Beam Cell"],"picked":"Defragment+1","floor":32.0},{"not_picked":["Machine Learning+1","Seek"],"picked":"Electrodynamics+1","floor":33.0},{"not_picked":["Beam Cell","Reprogram"],"picked":"Blizzard","floor":35.0},{"not_picked":["Double Energy","Barrage+1","Hologram"],"picked":"SKIP","floor":37.0},{"not_picked":["Stack+1","Steam+1"],"picked":"Go for the Eyes+1","floor":38.0},{"not_picked":["Compile Driver","Storm+1"],"picked":"White Noise+1","floor":39.0},{"not_picked":["Conserve Battery","Gash"],"picked":"Tempest+1","floor":40.0},{"not_picked":["Ball Lightning","Conserve Battery+1"],"picked":"Machine Learning+1","floor":42.0},{"not_picked":["Streamline","Sweeping Beam"],"picked":"Defragment+1","floor":46.0},{"not_picked":["Redo","Turbo+1"],"picked":"Auto Shields","floor":47.0},{"not_picked":["Rebound","Stack"],"picked":"Hologram+1","floor":49}],"player_experience":241811,"relics_obtained":[{"floor":6.0,"key":"Bottled Lightning"},{"floor":8.0,"key":"Dream Catcher"},{"floor":9.0,"key":"Whetstone"},{"floor":14.0,"key":"Frozen Egg 2"},{"floor":23.0,"key":"Torii"},{"floor":26.0,"key":"Cables"},{"floor":43.0,"key":"Bottled Flame"},{"floor":46.0,"key":"Calipers"}],"event_choices":[{"damage_healed":0.0,"max_hp_gain":0.0,"max_hp_loss":0.0,"gold_gain":0.0,"event_name":"Liars Game","player_choice":"Ignored","floor":5.0,"gold_loss":0.0,"damage_taken":0.0},{"damage_healed":0.0,"max_hp_gain":0.0,"max_hp_loss":0.0,"gold_gain":0.0,"event_name":"The Woman in Blue","player_choice":"Bought 3 Potions","floor":7.0,"gold_loss":0.0,"damage_taken":0.0},{"damage_healed":0.0,"max_hp_gain":0.0,"max_hp_loss":0.0,"gold_gain":0.0,"event_name":"Ghosts","player_choice":"Ignored","floor":19.0,"gold_loss":0.0,"damage_taken":0.0},{"damage_healed":0.0,"max_hp_gain":0.0,"max_hp_loss":0.0,"gold_gain":0.0,"event_name":"The Mausoleum","player_choice":"Ignored","floor":20.0,"gold_loss":0.0,"damage_taken":0.0},{"damage_healed":0.0,"max_hp_gain":0.0,"max_hp_loss":0.0,"gold_gain":0.0,"event_name":"FaceTrader","player_choice":"Leave","floor":31.0,"gold_loss":0.0,"damage_taken":0.0},{"damage_healed":0.0,"max_hp_gain":0.0,"max_hp_loss":0.0,"gold_gain":0.0,"event_name":"Tomb of Lord Red Mask","player_choice":"Ignored","floor":36.0,"gold_loss":0.0,"damage_taken":0.0},{"damage_healed":0.0,"max_hp_gain":0.0,"max_hp_loss":0.0,"gold_gain":0.0,"event_name":"Duplicator","player_choice":"Copied","floor":41.0,"gold_loss":0.0,"damage_taken":0.0,"cards_obtained":["Defragment"]},{"damage_healed":0.0,"max_hp_gain":0.0,"max_hp_loss":4.0,"gold_gain":0.0,"event_name":"Winding Halls","player_choice":"Max HP","floor":45.0,"gold_loss":0.0,"damage_taken":0.0},{"cards_removed":["BootSequence"],"damage_healed":0.0,"max_hp_gain":0.0,"max_hp_loss":0.0,"gold_gain":0.0,"event_name":"Falling","player_choice":"Removed Skill","floor":48.0,"gold_loss":0.0,"damage_taken":0.0}],"is_beta":false,"boss_relics":[{"not_picked":["Coffee Dripper","Runic Dome"],"picked":"Snecko Eye"},{"not_picked":["Busted Crown","Orrery"],"picked":"Fusion Hammer"}],"items_purged_floors":[10,21],"is_endless":false,"potions_floor_spawned":[2,4,13,16,23,25,28,30,37,39,42],"ascension_level":6}