{"gold_per_floor":[114,114,129,144,144,144,174,189,239,254,254],"floor_reached":11,"playtime":627,"items_purged":[],"score":75,"play_id":"86b8fa3d-33ac-4534-939e-44b1ed368e65","local_time":"20190804075930","daily_mods":["Allstar","ControlledChaos","Elite Swarm"],"is_ascension_mode":false,"campfire_choices":[{"data":"1","floor":6,"key":"LIFT"}],"neow_cost":"","seed_source_timestamp":1031984617755764,"circlet_count":0,"master_deck":["Strike_G","Strike_G","Strike_G","Strike_G","Strike_G","Defend_G","Defend_G","Defend_G","Defend_G","Defend_G","Survivor","Neutralize","Mayhem","Secret Weapon","Good Instincts","Secret Weapon","Madness","All Out Attack","Underhanded Strike","Underhanded Strike","Die Die Die","Prepared","Caltrops"],"special_seed":18112,"relics":["Ring of the Snake","Frozen Eye","Lantern","Girya","Bird Faced Urn","Regal Pillow"],"potions_floor_usage":[],"damage_taken":[{"damage":8,"enemies":"Small Slimes","floor":1,"turns":4},{"damage":0,"enemies":"Jaw Worm","floor":3,"turns":2},{"damage":18,"enemies":"Cultist","floor":4,"turns":5},{"damage":30,"enemies":"Gremlin Nob","floor":7,"turns":4},{"damage":0,"enemies":"Red Slaver","floor":8,"turns":3},{"damage":0,"enemies":"3 Louse","floor":10,"turns":2},{"damage":6,"enemies":"Exordium Thugs","floor":11,"turns":3}],"seed_played":"9148506363950540452","potions_obtained":[{"floor":7,"key":"Explosive Potion"},{"floor":10,"key":"Poison Potion"}],"is_trial":false,"path_per_floor":["M","?","M","M","T","R","E","M","T","M","M"],"character_chosen":"THE_SILENT","items_purchased":[],"campfire_rested":0,"item_purchase_floors":[],"current_hp_per_floor":[62,50,50,32,32,32,2,2,2,2,0],"gold":254,"neow_bonus":"","is_prod":false,"is_daily":true,"chose_seed":false,"campfire_upgraded":0,"win_rate":0.0,"timestamp":1564919970,"path_taken":["M","?","M","M","?","R","E","?","T","M","M"],"build_version":"2019-06-28","purchased_purges":0,"victory":false,"max_hp_per_floor":[70,70,70,70,70,70,70,70,70,70,70],"card_choices":[{"not_picked":["Acrobatics","Deflect"],"picked":"All Out Attack","floor":1},{"not_picked":["PiercingWail","Dagger Spray"],"picked":"Underhanded Strike","floor":3},{"not_picked":["Cloak And Dagger","Blade Dance"],"picked":"Underhanded Strike","floor":4},{"not_picked":["A Thousand Cuts","Adrenaline"],"picked":"Die Die Die","floor":7},{"not_picked":["Infinite Blades","Flechettes"],"picked":"Prepared","floor":8},{"not_picked":["Poisoned Stab","Eviscerate"],"picked":"Caltrops","floor":10}],"player_experience":1439,"relics_obtained":[{"floor":5,"key":"Girya"},{"floor":7,"key":"Bird Faced Urn"},{"floor":9,"key":"Regal Pillow"}],"event_choices":[{"damage_healed":0,"gold_gain":0,"player_choice":"Success","damage_taken":12,"relics_obtained":["Lantern"],"max_hp_gain":0,"max_hp_loss":0,"event_name":"Scrap Ooze","floor":2,"gold_loss":0}],"is_beta":true,"boss_relics":[],"items_purged_floors":[],"is_endless":false,"potions_floor_spawned":[7,10],"killed_by":"Exordium Thugs","ascension_level":0}