{"gold_per_floor":[109,124,144,58,72,72,90,106,106,106,122,122,191,209,209,209],"floor_reached":16,"playtime":626,"items_purged":[],"score":182,"play_id":"7499fd13-24c7-44ab-aa4c-a354418b9903","local_time":"20190210154443","is_ascension_mode":true,"campfire_choices":[{"data":"Armaments","floor":6.0,"key":"SMITH"},{"data":"Body Slam","floor":10.0,"key":"SMITH"},{"data":"Rage","floor":15,"key":"SMITH"}],"neow_cost":"PERCENT_DAMAGE","seed_source_timestamp":266593599579,"circlet_count":0,"master_deck":["AscendersBane","Strike_R","Strike_R","Strike_R","Strike_R","Strike_R","Defend_R","Defend_R","Defend_R","Defend_R","Bash","Armaments+1","Body Slam+1","Second Wind","Evolve","Shrug It Off","Rage+1"],"special_seed":0,"relics":["Burning Blood","Ginger","Pantograph"],"potions_floor_usage":[],"damage_taken":[{"damage":9.0,"enemies":"2 Louse","floor":1.0,"turns":3.0},{"damage":9.0,"enemies":"Jaw Worm","floor":2.0,"turns":4.0},{"damage":4.0,"enemies":"Small Slimes","floor":3.0,"turns":4.0},{"damage":13.0,"enemies":"Blue Slaver","floor":5.0,"turns":4.0},{"damage":31.0,"enemies":"Large Slime","floor":7.0,"turns":8.0},{"damage":6.0,"enemies":"3 Louse","floor":8.0,"turns":5.0},{"damage":2.0,"enemies":"Red Slaver","floor":11.0,"turns":5.0},{"damage":6,"enemies":"Looter","floor":14,"turns":4},{"damage":51,"enemies":"The Guardian","floor":16,"turns":14}],"seed_played":"2623223868889272981","potions_obtained":[{"floor":1.0,"key":"Swift Potion"},{"floor":7.0,"key":"Dexterity Potion"},{"floor":11.0,"key":"Strength Potion"}],"is_trial":false,"path_per_floor":["M","M","M","$","M","R","M","M","T","R","M","?","T","M","R","B"],"character_chosen":"IRONCLAD","items_purchased":["Evolve"],"campfire_rested":0,"item_purchase_floors":[4],"current_hp_per_floor":[47,44,46,46,39,39,14,14,14,14,18,18,18,18,18,0],"gold":209,"neow_bonus":"ONE_RARE_RELIC","is_prod":false,"is_daily":false,"chose_seed":false,"campfire_upgraded":3,"win_rate":0,"timestamp":1549784683,"path_taken":["M","M","M","$","M","R","M","M","T","R","M","?","?","M","R","BOSS"],"build_version":"2019-02-06","purchased_purges":0,"victory":false,"max_hp_per_floor":[75,75,75,75,75,75,75,75,75,75,75,75,75,75,75,75],"card_choices":[{"not_picked":["Feel No Pain","Wild Strike"],"picked":"Armaments","floor":1.0},{"not_picked":["Warcry","Thunderclap"],"picked":"Body Slam","floor":2.0},{"not_picked":["Cleave","Twin Strike"],"picked":"Second Wind","floor":3.0},{"not_picked":["Heavy Blade","Uppercut"],"picked":"Shrug It Off","floor":5.0},{"not_picked":["Cleave","Sever Soul","Iron Wave"],"picked":"SKIP","floor":7.0},{"not_picked":["Havoc","Reckless Charge","Cleave"],"picked":"SKIP","floor":8.0},{"not_picked":["Pummel","Body Slam","Cleave"],"picked":"SKIP","floor":11.0},{"not_picked":["Armaments","Hemokinesis"],"picked":"Rage","floor":14}],"player_experience":772929,"relics_obtained":[{"floor":9.0,"key":"Pantograph"}],"event_choices":[{"damage_healed":0.0,"max_hp_gain":0.0,"max_hp_loss":0.0,"gold_gain":0.0,"event_name":"Shining Light","player_choice":"Ignored","floor":12.0,"gold_loss":0.0,"damage_taken":0.0}],"is_beta":true,"boss_relics":[],"items_purged_floors":[],"is_endless":false,"potions_floor_spawned":[1,7,11,14],"killed_by":"The Guardian","ascension_level":18}