{"gold_per_floor":[114,114,114,132,143,143,168,0,0,14,14,32,44,75,75,75],"floor_reached":16,"playtime":408,"items_purged":[],"score":224,"play_id":"82fa7984-4669-49b9-8fed-064485562d2c","local_time":"20181202184242","is_ascension_mode":true,"campfire_choices":[{"data":"Dualcast","floor":6,"key":"SMITH"},{"data":"Doom and Gloom","floor":11,"key":"SMITH"},{"data":"Darkness","floor":15,"key":"SMITH"}],"neow_cost":"NONE","seed_source_timestamp":1694382365075,"circlet_count":0,"master_deck":["AscendersBane","Strike_B","Strike_B","Strike_B","Defend_B","Defend_B","Defend_B","Zap","Dualcast+1","Capacitor","Ball Lightning","Cold Snap","Genetic Algorithm","Doom and Gloom+1","Undo","Redo","Darkness+1"],"special_seed":0,"relics":["Cracked Core","NeowsBlessing","Mummified Hand","PreservedInsect","Symbiotic Virus","Boot"],"potions_floor_usage":[14,16],"damage_taken":[{"damage":0.0,"enemies":"Cultist","floor":1.0,"turns":1.0},{"damage":0,"enemies":"Small Slimes","floor":4,"turns":1},{"damage":0,"enemies":"Jaw Worm","floor":5,"turns":1},{"damage":36,"enemies":"Gremlin Nob","floor":7,"turns":4},{"damage":1,"enemies":"3 Louse","floor":10,"turns":4},{"damage":11,"enemies":"Lots of Slimes","floor":12,"turns":3},{"damage":0,"enemies":"Blue Slaver","floor":13,"turns":3},{"damage":1,"enemies":"Lagavulin","floor":14,"turns":5},{"damage":13,"enemies":"The Guardian","floor":16,"turns":8}],"seed_played":"-4388991930515600549","potions_obtained":[{"floor":7,"key":"SkillPotion"},{"floor":10,"key":"Poison Potion"},{"floor":13,"key":"Block Potion"}],"is_trial":false,"path_per_floor":["M","M","?","?","M","M","R","E","$","T","M","R","M","M","E","R","B"],"character_chosen":"DEFECT","items_purchased":["PreservedInsect"],"campfire_rested":0,"item_purchase_floors":[8],"current_hp_per_floor":[64,57,57,57,57,57,21,21,21,20,20,9,9,8,8,0],"gold":75,"neow_bonus":"THREE_ENEMY_KILL","is_prod":false,"is_daily":false,"chose_seed":false,"campfire_upgraded":3,"win_rate":0,"timestamp":1543747362,"path_taken":["M","?","?","?","M","R","E","$","T","M","R","M","M","E","R","BOSS"],"build_version":"2018-11-15","purchased_purges":0,"victory":false,"max_hp_per_floor":[71,71,71,71,71,71,71,71,71,71,71,71,71,71,71,71],"card_choices":[{"not_picked":["Coolheaded","Rebound"],"picked":"Capacitor","floor":1},{"not_picked":["Hello World","Genetic Algorithm"],"picked":"Ball Lightning","floor":4},{"not_picked":["Gash","Hello World"],"picked":"Cold Snap","floor":5},{"not_picked":["Undo","Double Energy"],"picked":"Genetic Algorithm","floor":7},{"not_picked":["Aggregate","Beam Cell"],"picked":"Doom and Gloom","floor":10},{"not_picked":["Sweeping Beam","Ball Lightning"],"picked":"Undo","floor":12},{"not_picked":["Ball Lightning","Turbo"],"picked":"Redo","floor":13},{"not_picked":["Turbo","Blizzard"],"picked":"Darkness","floor":14}],"player_experience":590386,"relics_obtained":[{"floor":7,"key":"Mummified Hand"},{"floor":9,"key":"Symbiotic Virus"},{"floor":14,"key":"Boot"}],"event_choices":[{"cards_removed":["Strike_B"],"damage_healed":0,"gold_gain":0,"player_choice":"Card Removal","damage_taken":7,"max_hp_gain":0,"max_hp_loss":0,"event_name":"Golden Wing","floor":2,"gold_loss":0},{"cards_removed":["Defend_B"],"damage_healed":0,"gold_gain":0,"player_choice":"Offered Basic","damage_taken":0,"max_hp_gain":0,"max_hp_loss":0,"event_name":"Bonfire Elementals","floor":3,"gold_loss":0}],"is_beta":true,"boss_relics":[],"items_purged_floors":[],"is_endless":false,"potions_floor_spawned":[7,10,13],"killed_by":"The Guardian","ascension_level":20}