{"gold_per_floor":[112,4,4,0,0,0,25,25,51,51,80,92,118,43,43,43],"floor_reached":16,"playtime":750,"items_purged":["Strike_G"],"score":200,"play_id":"5b80fbc1-1160-4716-bcd5-80c095755b93","local_time":"20181028182438","is_ascension_mode":true,"campfire_choices":[{"data":"Flechettes","floor":6,"key":"SMITH"},{"data":"Neutralize","floor":8,"key":"SMITH"},{"floor":15,"key":"REST"}],"neow_cost":"PERCENT_DAMAGE","seed_source_timestamp":2386481966622,"circlet_count":0,"master_deck":["Defend_G","Defend_G","Defend_G","Defend_G","Defend_G","Strike_G","Strike_G","Survivor","Neutralize+1","AscendersBane","Well Laid Plans","Escape Plan","Flechettes+1","Decay","Quick Slash","Calculated Gamble"],"special_seed":0,"relics":["Ring of the Snake","Mango","Happy Flower","Oddly Smooth Stone","WingedGreaves"],"potions_floor_usage":[7,13],"damage_taken":[{"damage":4.0,"enemies":"Small Slimes","floor":1.0,"turns":4.0},{"damage":30,"enemies":"Gremlin Nob","floor":7,"turns":4},{"damage":22,"enemies":"Lagavulin","floor":11,"turns":7},{"damage":4,"enemies":"Cultist","floor":12,"turns":3},{"damage":11,"enemies":"Gremlin Nob","floor":13,"turns":4},{"damage":47,"enemies":"Slime Boss","floor":16,"turns":12}],"seed_played":"1008209394891537636","potions_obtained":[{"floor":1.0,"key":"Swift Potion"},{"floor":11,"key":"FearPotion"}],"is_trial":false,"path_per_floor":["M","$","?","?","?","R","E","R","T","$","E","M","E","$","R"],"character_chosen":"THE_SILENT","items_purchased":["Escape Plan","Flechettes"],"campfire_rested":1,"item_purchase_floors":[2,2],"current_hp_per_floor":[40,40,40,40,62,62,46,46,46,46,24,20,9,9,33,0],"gold":43,"neow_bonus":"REMOVE_TWO","is_prod":false,"is_daily":false,"chose_seed":false,"campfire_upgraded":2,"win_rate":0,"timestamp":1540722278,"path_taken":["M","$","?","?","?","R","E","R","T","?","E","M","E","$","R","BOSS"],"build_version":"2018-10-25v2","purchased_purges":1,"victory":false,"max_hp_per_floor":[66,66,66,66,66,66,80,80,80,80,80,80,80,80,80,80],"card_choices":[{"not_picked":["Crippling Poison","PiercingWail"],"picked":"Well Laid Plans","floor":1.0},{"not_picked":["Poisoned Stab","Flying Knee","Deflect"],"picked":"SKIP","floor":7},{"not_picked":["Poisoned Stab","Dagger Throw"],"picked":"Quick Slash","floor":11},{"not_picked":["PiercingWail","Outmaneuver"],"picked":"Calculated Gamble","floor":12},{"not_picked":["Deflect","Bane","Cloak And Dagger"],"picked":"SKIP","floor":13}],"player_experience":477382,"relics_obtained":[{"floor":7,"key":"Mango"},{"floor":9,"key":"Happy Flower"},{"floor":11,"key":"Oddly Smooth Stone"},{"floor":13,"key":"WingedGreaves"}],"event_choices":[{"damage_healed":0,"gold_gain":0,"player_choice":"Cursed","damage_taken":0,"max_hp_gain":0,"max_hp_loss":0,"event_name":"Wheel of Change","floor":3,"gold_loss":0,"cards_obtained":["Decay"]},{"damage_healed":0,"gold_gain":0,"player_choice":"Left Gold","damage_taken":0,"max_hp_gain":0,"max_hp_loss":0,"event_name":"World of Goop","floor":4,"gold_loss":4},{"damage_healed":22,"gold_gain":0,"player_choice":"Banana","damage_taken":0,"max_hp_gain":0,"max_hp_loss":0,"event_name":"Big Fish","floor":5,"gold_loss":0}],"is_beta":true,"boss_relics":[],"items_purged_floors":[14],"is_endless":false,"potions_floor_spawned":[1,11],"killed_by":"Slime Boss","ascension_level":15}