{"gold_per_floor":[111,127,140,140,155,155,230,230,256,269,269,286,321,246,246,342,342,360,275,289,304,304,304],"floor_reached":23,"playtime":4362,"items_purged":["Strike_R"],"score":193,"play_id":"a9048458-1c9b-4624-ba52-9c2d0626fc9c","local_time":"20190806162706","is_ascension_mode":false,"campfire_choices":[{"data":"Spot Weakness","floor":6,"key":"SMITH"},{"data":"Bash","floor":8,"key":"SMITH"},{"data":"Shrug It Off","floor":11,"key":"SMITH"},{"floor":15,"key":"REST"}],"neow_cost":"NONE","seed_source_timestamp":1298489132374300,"circlet_count":0,"master_deck":["Strike_R","Defend_R","Defend_R","Defend_R","Defend_R","Bash+1","Spot Weakness+1","Pommel Strike+1","Shrug It Off+1","Shrug It Off","True Grit","Spot Weakness","Demon Form","Headbutt","Cleave","Pommel Strike"],"relics":["Burning Blood","Red Skull","Bag of Preparation","Busted Crown","Frozen Egg 2"],"potions_floor_usage":[],"damage_taken":[{"damage":1,"enemies":"Jaw Worm","floor":1,"turns":6},{"damage":3,"enemies":"Cultist","floor":2,"turns":5},{"damage":2,"enemies":"2 Louse","floor":3,"turns":3},{"damage":6,"enemies":"Red Slaver","floor":5,"turns":6},{"damage":5,"enemies":"Large Slime","floor":10,"turns":6},{"damage":0,"enemies":"Looter","floor":12,"turns":4},{"damage":70,"enemies":"Gremlin Nob","floor":13,"turns":6},{"damage":19,"enemies":"The Guardian","floor":16,"turns":11},{"damage":8,"enemies":"Shell Parasite","floor":18,"turns":5},{"damage":17,"enemies":"3 Byrds","floor":20,"turns":8},{"damage":12,"enemies":"Centurion and Healer","floor":21,"turns":7},{"damage":68,"enemies":"Slavers","floor":23,"turns":6}],"seed_played":"-6471403683014816437","potions_obtained":[{"floor":1,"key":"Explosive Potion"},{"floor":3,"key":"FearPotion"},{"floor":10,"key":"Fire Potion"},{"floor":12,"key":"SkillPotion"},{"floor":20,"key":"Energy Potion"}],"is_trial":false,"path_per_floor":["M","M","M","?","M","R","?","R","T","M","R","M","E","$","R","B",null,"M","?","M","M","?","E"],"character_chosen":"IRONCLAD","items_purchased":[],"campfire_rested":1,"item_purchase_floors":[],"current_hp_per_floor":[80,80,80,80,80,80,72,72,72,73,73,79,15,15,39,26,80,78,78,67,61,61,0],"gold":304,"neow_bonus":"REMOVE_CARD","is_prod":false,"is_daily":false,"chose_seed":false,"campfire_upgraded":3,"win_rate":0.0,"timestamp":1565101626,"path_taken":["M","M","M","?","?","R","?","R","T","M","R","?","E","$","R","BOSS","M","?","M","M","?","E"],"build_version":"2019-07-17","purchased_purges":1,"victory":false,"max_hp_per_floor":[80,80,80,80,80,80,80,80,80,80,80,80,80,80,80,80,80,80,80,80,80,80,80],"card_choices":[{"not_picked":["Hemokinesis","Seeing Red"],"picked":"Spot Weakness","floor":1},{"not_picked":["Shrug It Off","Entrench"],"picked":"Pommel Strike","floor":2},{"not_picked":["Combust","Clash"],"picked":"Shrug It Off","floor":3},{"not_picked":["Clothesline","Warcry"],"picked":"Shrug It Off","floor":5},{"not_picked":["Sever Soul","Clash"],"picked":"True Grit","floor":10},{"not_picked":["Berserk","Blood for Blood","Sever Soul"],"picked":"SKIP","floor":12},{"not_picked":["Pommel Strike","Body Slam"],"picked":"Spot Weakness","floor":13},{"not_picked":["Fiend Fire","Bludgeon"],"picked":"Demon Form","floor":16},{"not_picked":[],"picked":"Headbutt","floor":18},{"not_picked":["Sever Soul+1"],"picked":"SKIP","floor":20},{"not_picked":["Clash"],"picked":"SKIP","floor":21}],"player_experience":222537,"relics_obtained":[{"floor":9,"key":"Red Skull"},{"floor":13,"key":"Bag of Preparation"}],"event_choices":[{"damage_healed":0,"gold_gain":0,"player_choice":"Upgraded","damage_taken":0,"max_hp_gain":0,"max_hp_loss":0,"event_name":"Upgrade Shrine","floor":4,"gold_loss":0,"cards_upgraded":["Pommel Strike"]},{"damage_healed":0,"gold_gain":75,"player_choice":"Touch","damage_taken":8,"max_hp_gain":0,"max_hp_loss":0,"event_name":"FaceTrader","floor":7,"gold_loss":0},{"damage_healed":0,"gold_gain":0,"player_choice":"Obtained Relic","damage_taken":0,"relics_obtained":["Frozen Egg 2"],"max_hp_gain":0,"max_hp_loss":0,"event_name":"Addict","floor":19,"gold_loss":85},{"damage_healed":0,"gold_gain":0,"cards_transformed":["Strike_R","Strike_R"],"player_choice":"Became Test Subject","damage_taken":0,"max_hp_gain":0,"max_hp_loss":0,"event_name":"Drug Dealer","floor":22,"gold_loss":0,"cards_obtained":["Cleave","Pommel Strike"]}],"is_beta":false,"boss_relics":[{"not_picked":["Tiny House","Calling Bell"],"picked":"Busted Crown"}],"items_purged_floors":[14],"is_endless":false,"potions_floor_spawned":[1,3,10,12,20],"killed_by":"Slavers","ascension_level":0}