{"gold_per_floor":[114,129,144,159,174,204,204,54,79,109,124,139,92,122,122,222,222,237,162,177,177,177,177,192,222,272,302,302,302,317,17,17,117,117,132,177,177,43,58,58,88,88,88,88,88,88,88,103,103,103],"floor_reached":51,"playtime":1970,"items_purged":["Writhe","Doubt"],"score":808,"play_id":"b5ae92f3-e3a3-4487-aeb8-e541c24c15dd","local_time":"20190805123512","daily_mods":["Specialized","Green Cards","Lethality"],"is_ascension_mode":false,"campfire_choices":[{"floor":7,"key":"REST"},{"data":"1","floor":15,"key":"LIFT"},{"data":"2","floor":23,"key":"LIFT"},{"floor":29,"key":"REST"},{"floor":32,"key":"REST"},{"data":"3","floor":40,"key":"LIFT"},{"data":"Parasite","floor":42,"key":"PURGE"},{"floor":45,"key":"REST"},{"floor":49,"key":"REST"}],"neow_cost":"","seed_source_timestamp":0,"circlet_count":0,"master_deck":["Strike_R","Strike_R","Strike_R","Strike_R","Strike_R","Defend_R+1","Defend_R","Defend_R+1","Defend_R","Bash","Metallicize","Metallicize","Metallicize","Metallicize","Metallicize","Shrug It Off","Pommel Strike","Flying Knee","Dagger Spray","Fiend Fire","Pommel Strike","Perfected Strike","Skewer","Limit Break","Perfected Strike","Dagger Spray","Clothesline+1","Quick Slash+1","Reaper","Deep Breath","Metallicize+1","Deflect+1","Blur+1","Madness","Madness","Flex+1"],"special_seed":18113,"relics":["Burning Blood","Girya","Orichalcum","Red Skull","Frozen Egg 2","Blue Candle","Calling Bell","War Paint","Sundial","Peace Pipe","Bag of Marbles","Oddly Smooth Stone","Meat on the Bone","Anchor","Strawberry","Boot","Fusion Hammer","Thread and Needle","Juzu Bracelet","Ginger","Toxic Egg 2"],"potions_floor_usage":[4,14,16,16,24,25,33,41,50],"damage_taken":[{"damage":1,"enemies":"Small Slimes","floor":1,"turns":5},{"damage":5,"enemies":"2 Louse","floor":2,"turns":3},{"damage":1,"enemies":"Jaw Worm","floor":3,"turns":5},{"damage":0,"enemies":"2 Fungi Beasts","floor":4,"turns":4},{"damage":23,"enemies":"Gremlin Gang","floor":5,"turns":6},{"damage":31,"enemies":"Gremlin Nob","floor":6,"turns":4},{"damage":9,"enemies":"Lagavulin","floor":10,"turns":5},{"damage":4,"enemies":"Red Slaver","floor":11,"turns":4},{"damage":5,"enemies":"Looter","floor":12,"turns":3},{"damage":0,"enemies":"3 Sentries","floor":14,"turns":5},{"damage":15,"enemies":"The Guardian","floor":16,"turns":11},{"damage":10,"enemies":"Shell Parasite","floor":18,"turns":5},{"damage":13,"enemies":"Spheric Guardian","floor":20,"turns":4},{"damage":6,"enemies":"Snecko","floor":24,"turns":5},{"damage":33,"enemies":"Book of Stabbing","floor":25,"turns":3},{"damage":41,"enemies":"Gremlin Leader","floor":27,"turns":5},{"damage":20,"enemies":"Centurion and Healer","floor":30,"turns":4},{"damage":60,"enemies":"Automaton","floor":33,"turns":8},{"damage":11,"enemies":"Orb Walker","floor":35,"turns":4},{"damage":30,"enemies":"2 Orb Walkers","floor":36,"turns":3},{"damage":0,"enemies":"3 Darklings","floor":39,"turns":5},{"damage":9,"enemies":"Reptomancer","floor":41,"turns":5},{"damage":8,"enemies":"Transient","floor":48,"turns":5},{"damage":69,"enemies":"Time Eater","floor":50,"turns":9}],"seed_played":"4943417397018078465","potions_obtained":[{"floor":1,"key":"SkillPotion"},{"floor":2,"key":"Swift Potion"},{"floor":11,"key":"Strength Potion"},{"floor":12,"key":"AttackPotion"},{"floor":14,"key":"Energy Potion"},{"floor":24,"key":"Strength Potion"},{"floor":27,"key":"SkillPotion"},{"floor":30,"key":"GamblersBrew"},{"floor":36,"key":"SkillPotion"},{"floor":48,"key":"PowerPotion"}],"is_trial":false,"path_per_floor":["M","M","M","M","M","E","R","$","T","E","M","M","?","E","R","B",null,"M","$","M","?","?","R","M","E","T","E","?","R","M","$","R","B",null,"M","?","?","$","M","R","E","R","T","?","R","T","?","M","R","B",null],"character_chosen":"IRONCLAD","items_purchased":["Orichalcum","Strawberry","Boot","Metallicize+1"],"campfire_rested":5,"item_purchase_floors":[8,31,31,38],"current_hp_per_floor":[80,80,80,80,63,38,62,62,62,59,61,62,62,68,68,59,80,76,76,69,69,69,69,69,42,42,7,7,31,29,36,62,20,87,82,63,63,63,78,78,84,84,84,73,84,84,84,82,84,33],"gold":103,"neow_bonus":"","is_prod":false,"is_daily":true,"chose_seed":false,"campfire_upgraded":0,"win_rate":0,"timestamp":1565022912,"path_taken":["M","M","M","M","M","E","R","$","T","E","M","M","?","E","R","BOSS","M","$","M","?","?","R","M","E","T","E","?","R","?","?","R","BOSS","M","?","?","?","?","R","E","R","T","?","R","?","?","M","R","BOSS"],"build_version":"2019-06-28","purchased_purges":2,"victory":true,"max_hp_per_floor":[80,80,80,80,80,80,80,80,80,80,80,80,80,80,80,80,80,80,80,80,80,80,80,80,80,80,80,80,80,80,87,87,87,87,87,87,87,87,87,87,87,84,84,84,84,84,84,84,84,84],"card_choices":[{"not_picked":["Masterful Stab","Outmaneuver"],"picked":"Shrug It Off","floor":1},{"not_picked":["Thunderclap","Predator"],"picked":"Pommel Strike","floor":2},{"not_picked":["Thunderclap","Terror","Acrobatics"],"picked":"SKIP","floor":3},{"not_picked":["Infinite Blades","Riddle With Holes"],"picked":"Flying Knee","floor":4},{"not_picked":["Hemokinesis","Slice"],"picked":"Dagger Spray","floor":5},{"not_picked":["Dropkick","Flame Barrier"],"picked":"Fiend Fire","floor":6},{"not_picked":["PiercingWail","Cloak And Dagger"],"picked":"Pommel Strike","floor":10},{"not_picked":["Poisoned Stab","Accuracy+1","Twin Strike"],"picked":"SKIP","floor":11},{"not_picked":["Acrobatics","Sucker Punch"],"picked":"Perfected Strike","floor":12},{"not_picked":["Twin Strike","Perfected Strike"],"picked":"Skewer","floor":14},{"not_picked":["Burst","Impervious"],"picked":"Limit Break","floor":16},{"not_picked":["Uppercut","Headbutt"],"picked":"Perfected Strike","floor":18},{"not_picked":["Dropkick","Rupture+1","Deadly Poison"],"picked":"SKIP","floor":20},{"not_picked":["Deflect+1","Clash"],"picked":"Dagger Spray","floor":24},{"not_picked":["Crippling Poison","Body Slam"],"picked":"Clothesline+1","floor":25},{"not_picked":["Infinite Blades+1","Power Through"],"picked":"Quick Slash+1","floor":27},{"not_picked":["Cleave","Hemokinesis+1","Rage"],"picked":"SKIP","floor":30},{"not_picked":["Tools of the Trade+1","Doppelganger"],"picked":"Reaper","floor":33},{"not_picked":["Pummel+1","Body Slam","Noxious Fumes+1"],"picked":"SKIP","floor":35},{"not_picked":["Mayhem+1","Magnetism+1"],"picked":"Deep Breath","floor":37},{"not_picked":["Perfected Strike","Bane"],"picked":"Deflect+1","floor":39},{"not_picked":["Ghostly Armor","Feed"],"picked":"Blur+1","floor":41},{"not_picked":["Shrug It Off+1","Deadly Poison+1"],"picked":"Flex+1","floor":48}],"player_experience":24758,"relics_obtained":[{"floor":6,"key":"Girya"},{"floor":9,"key":"Red Skull"},{"floor":10,"key":"Frozen Egg 2"},{"floor":14,"key":"Blue Candle"},{"floor":17,"key":"War Paint"},{"floor":17,"key":"Sundial"},{"floor":17,"key":"Peace Pipe"},{"floor":25,"key":"Bag of Marbles"},{"floor":26,"key":"Oddly Smooth Stone"},{"floor":27,"key":"Meat on the Bone"},{"floor":36,"key":"Thread and Needle"},{"floor":41,"key":"Juzu Bracelet"},{"floor":43,"key":"Ginger"},{"floor":46,"key":"Toxic Egg 2"}],"event_choices":[{"damage_healed":0,"gold_gain":0,"player_choice":"Left Gold","damage_taken":0,"max_hp_gain":0,"max_hp_loss":0,"event_name":"World of Goop","floor":13,"gold_loss":47},{"damage_healed":0,"gold_gain":0,"player_choice":"Ignored","damage_taken":0,"max_hp_gain":0,"max_hp_loss":0,"event_name":"Ghosts","floor":21,"gold_loss":0},{"damage_healed":0,"gold_gain":0,"player_choice":"Ignored","damage_taken":0,"max_hp_gain":0,"max_hp_loss":0,"event_name":"Vampires","floor":22,"gold_loss":0},{"damage_healed":0,"gold_gain":0,"player_choice":"Gave Potion","damage_taken":0,"relics_obtained":["Anchor"],"max_hp_gain":0,"max_hp_loss":0,"event_name":"WeMeetAgain","floor":28,"gold_loss":0},{"damage_healed":0,"gold_gain":0,"player_choice":"Fight","damage_taken":0,"max_hp_gain":0,"max_hp_loss":0,"event_name":"Mysterious Sphere","floor":36,"gold_loss":0},{"damage_healed":0,"gold_gain":0,"player_choice":"Memory 1","damage_taken":0,"max_hp_gain":0,"max_hp_loss":0,"event_name":"SensoryStone","floor":37,"gold_loss":0},{"damage_healed":0,"gold_gain":0,"player_choice":"Embrace Madness","damage_taken":11,"max_hp_gain":0,"max_hp_loss":0,"event_name":"Winding Halls","floor":44,"gold_loss":0,"cards_obtained":["Madness","Madness"]},{"damage_healed":0,"gold_gain":0,"player_choice":"Full Heal","damage_taken":0,"max_hp_gain":0,"max_hp_loss":0,"event_name":"Wheel of Change","floor":47,"gold_loss":0}],"is_beta":true,"boss_relics":[{"not_picked":["Runic Cube","Black Blood"],"picked":"Calling Bell"},{"not_picked":["Snecko Eye","Sozu"],"picked":"Fusion Hammer"}],"items_purged_floors":[19,38],"is_endless":false,"potions_floor_spawned":[1,2,11,12,14,24,27,30,36,48],"ascension_level":0}