{"gold_per_floor":[109,259,5,16,16,16,29,29,53,18,36,54,81,31,31,31],"floor_reached":16,"playtime":507,"items_purged":["Doubt"],"score":195,"play_id":"4b8d45b7-fb6d-4098-8ffe-862444e9d8ed","local_time":"20181124132541","is_ascension_mode":true,"campfire_choices":[{"data":"Neutralize","floor":6,"key":"SMITH"},{"data":"Backflip","floor":8,"key":"SMITH"},{"floor":15,"key":"REST"}],"neow_cost":"NONE","seed_source_timestamp":5538354892038,"circlet_count":0,"master_deck":["AscendersBane","Defend_G","Defend_G","Defend_G","Defend_G","Defend_G","Strike_G","Strike_G","Strike_G","Strike_G","Strike_G","Survivor","Neutralize+1","Backflip+1","Dagger Spray+1","PiercingWail","Malaise","Well Laid Plans"],"relics":["Sozu","Membership Card","Ancient Tea Set","Smiling Mask"],"potions_floor_usage":[],"damage_taken":[{"damage":1,"enemies":"Small Slimes","floor":1,"turns":4},{"damage":8,"enemies":"2 Louse","floor":4,"turns":3},{"damage":11,"enemies":"Jaw Worm","floor":7,"turns":4},{"damage":0,"enemies":"Lots of Slimes","floor":11,"turns":1},{"damage":10,"enemies":"2 Fungi Beasts","floor":12,"turns":4},{"damage":42,"enemies":"3 Sentries","floor":13,"turns":11},{"damage":38,"enemies":"Slime Boss","floor":16,"turns":12}],"seed_played":"-2486314140394455759","potions_obtained":[],"is_trial":false,"path_per_floor":["M","?","$","M","?","R","M","R","T","?","M","M","E","$","R","B"],"character_chosen":"THE_SILENT","items_purchased":["Membership Card","Dagger Spray"],"campfire_rested":1,"item_purchase_floors":[3,3],"current_hp_per_floor":[58,58,58,50,50,50,39,39,39,55,55,45,3,3,22,0],"gold":31,"neow_bonus":"BOSS_RELIC","is_prod":false,"is_daily":false,"chose_seed":false,"campfire_upgraded":2,"win_rate":0,"timestamp":1543037141,"path_taken":["M","?","$","M","?","R","M","R","T","?","M","M","E","$","R","BOSS"],"build_version":"2018-11-15","purchased_purges":1,"victory":false,"max_hp_per_floor":[66,66,66,66,66,66,66,66,66,66,66,66,66,66,66,66],"card_choices":[{"not_picked":["Sucker Punch","Quick Slash"],"picked":"Backflip","floor":1},{"not_picked":["Outmaneuver","Slice","Setup"],"picked":"SKIP","floor":4},{"not_picked":["Deflect","Backflip","Bane"],"picked":"SKIP","floor":7},{"not_picked":["Dodge and Roll","Cloak And Dagger"],"picked":"PiercingWail","floor":11},{"not_picked":["Predator","Prepared"],"picked":"Malaise","floor":12},{"not_picked":["Blade Dance","Poisoned Stab"],"picked":"Well Laid Plans","floor":13}],"player_experience":557845,"relics_obtained":[{"floor":9,"key":"Ancient Tea Set"},{"floor":13,"key":"Smiling Mask"}],"event_choices":[{"damage_healed":0,"gold_gain":150,"player_choice":"AGREE","damage_taken":0,"max_hp_gain":0,"max_hp_loss":0,"event_name":"Liars Game","floor":2,"gold_loss":0,"cards_obtained":["Doubt"]},{"damage_healed":0,"gold_gain":0,"player_choice":"Grow","damage_taken":0,"max_hp_gain":0,"max_hp_loss":0,"event_name":"Living Wall","floor":5,"gold_loss":0,"cards_upgraded":["Dagger Spray"]},{"damage_healed":16,"gold_gain":0,"player_choice":"Healed","damage_taken":0,"max_hp_gain":0,"max_hp_loss":0,"event_name":"The Cleric","floor":10,"gold_loss":35}],"is_beta":true,"boss_relics":[],"items_purged_floors":[14],"is_endless":false,"potions_floor_spawned":[11],"killed_by":"Slime Boss","ascension_level":19}