{"gold_per_floor":[109,125,200,148,159,159,159,178,201,376,389,402,415,481,481,481],"floor_reached":16,"playtime":675,"items_purged":[],"score":94,"play_id":"e179f2f8-4d48-4f87-93e3-8080e06343b9","local_time":"20180723141136","is_ascension_mode":false,"campfire_choices":[{"data":"Searing Blow","floor":6,"key":"SMITH"},{"data":"Searing Blow+1","floor":15,"key":"SMITH"}],"neow_cost":"","seed_source_timestamp":19305287423030,"circlet_count":0,"master_deck":["Strike_R","Strike_R","Strike_R","Strike_R","Strike_R","Defend_R","Defend_R","Defend_R","Defend_R","Bash","Dual Wield","Searing Blow+2","Armaments","Thunderclap","Perfected Strike","Doubt","Rage"],"relics":["Burning Blood","Golden Idol","Art of War","Anchor"],"potions_floor_usage":[14,14,16,16],"damage_taken":[{"damage":6,"enemies":"Jaw Worm","floor":1,"turns":3},{"damage":1,"enemies":"Cultist","floor":2,"turns":3},{"damage":4,"enemies":"Small Slimes","floor":5,"turns":5},{"damage":10,"enemies":"2 Fungi Beasts","floor":8,"turns":3},{"damage":18,"enemies":"Red Slaver","floor":11,"turns":4},{"damage":19,"enemies":"Blue Slaver","floor":12,"turns":3},{"damage":5,"enemies":"3 Louse","floor":13,"turns":4},{"damage":22,"enemies":"3 Sentries","floor":14,"turns":9},{"damage":59,"enemies":"Hexaghost","floor":16,"turns":9}],"seed_played":"-1967982585524122223","potions_obtained":[{"floor":1,"key":"EssenceOfSteel"},{"floor":5,"key":"Regen Potion"},{"floor":8,"key":"Regen Potion"},{"floor":14,"key":"SteroidPotion"}],"is_trial":false,"path_per_floor":["M","M","?","$","M","R","?","M","T","?","M","M","M","?","R"],"character_chosen":"IRONCLAD","items_purchased":["Armaments"],"campfire_rested":0,"item_purchase_floors":[4],"current_hp_per_floor":[80,80,69,69,71,71,51,47,47,47,35,22,23,59,59,0],"gold":481,"neow_bonus":"","is_prod":false,"is_daily":false,"chose_seed":false,"campfire_upgraded":2,"win_rate":0,"timestamp":1532326296,"path_taken":["M","M","?","$","M","R","?","?","T","?","M","M","?","?","R","BOSS"],"build_version":"2018-07-19v2","purchased_purges":0,"victory":false,"max_hp_per_floor":[80,80,80,80,80,80,80,80,80,80,80,80,80,80,80,80],"card_choices":[{"not_picked":["Burning Pact","Rampage"],"picked":"Dual Wield","floor":1},{"not_picked":["Wild Strike","Armaments"],"picked":"Searing Blow","floor":2},{"not_picked":["Rage","Warcry"],"picked":"Thunderclap","floor":5},{"not_picked":["Ghostly Armor","Heavy Blade"],"picked":"Perfected Strike","floor":8},{"not_picked":["Infernal Blade","Shrug It Off","Corruption"],"picked":"SKIP","floor":11},{"not_picked":["Ghostly Armor","Warcry"],"picked":"Rage","floor":12},{"not_picked":["Juggernaut","Whirlwind","Headbutt"],"picked":"SKIP","floor":13}],"player_experience":164172,"relics_obtained":[{"floor":9,"key":"Art of War"},{"floor":14,"key":"Anchor"}],"event_choices":[{"event_name":"World of Goop","player_choice":"Gather Gold","floor":3,"damage_taken":0},{"event_name":"Golden Idol","player_choice":"Take Damage","floor":7,"damage_taken":0},{"event_name":"Liars Game","player_choice":"agreed","floor":10,"damage_taken":0},{"event_name":"Dead Adventurer","player_choice":"Searched \u00272\u0027 times","floor":14,"damage_taken":0}],"is_beta":false,"boss_relics":[],"items_purged_floors":[],"is_endless":false,"potions_floor_spawned":[1,5,8,14],"killed_by":"Hexaghost","ascension_level":0}