{"gold_per_floor":[112,45,57,27,38,38,56,56,56,72,89,12,31,47,47,47],"floor_reached":16,"playtime":534,"items_purged":[],"score":182,"play_id":"012f0bfd-a06a-47a5-908f-a34a5f8bb2d6","local_time":"20181118122135","is_ascension_mode":true,"campfire_choices":[{"data":"Well Laid Plans","floor":6,"key":"SMITH"},{"data":"All Out Attack","floor":8,"key":"SMITH"},{"floor":15,"key":"REST"}],"neow_cost":"NONE","seed_source_timestamp":3770732444780,"circlet_count":0,"master_deck":["AscendersBane","Defend_G","Defend_G","Defend_G","Defend_G","Defend_G","Strike_G","Strike_G","Strike_G","Strike_G","Strike_G","Survivor","Neutralize+1","Well Laid Plans+1","All Out Attack+1","Phantasmal Killer","Dash","Accuracy","Blade Dance"],"relics":["Ring of the Snake","Kunai","Ninja Scroll"],"potions_floor_usage":[16],"damage_taken":[{"damage":9,"enemies":"Small Slimes","floor":1,"turns":4},{"damage":1,"enemies":"Cultist","floor":3,"turns":5},{"damage":8,"enemies":"2 Louse","floor":5,"turns":3},{"damage":10,"enemies":"Red Slaver","floor":7,"turns":5},{"damage":3,"enemies":"Blue Slaver","floor":10,"turns":3},{"damage":7,"enemies":"Looter","floor":11,"turns":3},{"damage":9,"enemies":"Gremlin Gang","floor":13,"turns":4},{"damage":1,"enemies":"3 Louse","floor":14,"turns":2},{"damage":14,"enemies":"Slime Boss","floor":16,"turns":5}],"seed_played":"-7248453832029523425","potions_obtained":[{"floor":1,"key":"FearPotion"},{"floor":4,"key":"SmokeBomb"}],"is_trial":false,"path_per_floor":["M","?","M","?","M","R","M","R","T","M","M","$","M","M","R","B"],"character_chosen":"THE_SILENT","items_purchased":["Accuracy"],"campfire_rested":1,"item_purchase_floors":[12],"current_hp_per_floor":[50,50,49,49,41,41,31,31,31,28,21,21,12,11,30,16],"gold":47,"neow_bonus":"UPGRADE_CARD","is_prod":false,"is_daily":false,"chose_seed":false,"campfire_upgraded":2,"win_rate":0,"timestamp":1542514895,"path_taken":["M","?","?","?","M","R","?","R","T","M","M","$","M","M","R","BOSS"],"build_version":"2018-11-15","purchased_purges":0,"victory":false,"max_hp_per_floor":[66,66,66,66,66,66,66,66,66,66,66,66,66,66,66,66],"card_choices":[{"not_picked":["Escape Plan","Setup","PiercingWail"],"picked":"SKIP","floor":1},{"not_picked":["Crippling Poison","Quick Slash"],"picked":"Well Laid Plans","floor":3},{"not_picked":["Acrobatics","Sucker Punch","Expertise"],"picked":"SKIP","floor":5},{"not_picked":["Quick Slash","Prepared"],"picked":"All Out Attack","floor":7},{"not_picked":["Acrobatics","Bouncing Flask"],"picked":"Phantasmal Killer","floor":10},{"not_picked":["Slice","Finisher"],"picked":"Dash","floor":11},{"not_picked":["Skewer","Underhanded Strike","Crippling Poison"],"picked":"SKIP","floor":13},{"not_picked":["Acrobatics","Well Laid Plans"],"picked":"Blade Dance","floor":14}],"player_experience":549412,"relics_obtained":[{"floor":9,"key":"Ninja Scroll"}],"event_choices":[{"damage_healed":0,"gold_gain":0,"player_choice":"Paid Gold","damage_taken":0,"relics_obtained":["Kunai"],"max_hp_gain":0,"max_hp_loss":0,"event_name":"WeMeetAgain","floor":2,"gold_loss":67},{"damage_healed":0,"gold_gain":0,"player_choice":"Bought 2 Potions","damage_taken":0,"max_hp_gain":0,"max_hp_loss":0,"event_name":"The Woman in Blue","floor":4,"gold_loss":0}],"is_beta":true,"boss_relics":[],"items_purged_floors":[],"is_endless":false,"potions_floor_spawned":[1,10,13,14],"killed_by":"Slime Boss","ascension_level":18}