{"gold_per_floor":[116,133,58,58,58,58,88,98,98,98,98,115,150,150,150,223,223,236,10,20,70,90,124,142,42,42,42,54,88,88,120,120,192,192,207,252,269,269],"floor_reached":38,"playtime":1153,"items_purged":["Strike_R"],"score":844,"play_id":"1dd1c347-f494-46d2-8170-0b6c5baba128","local_time":"20190209083237","is_ascension_mode":true,"campfire_choices":[{"data":"Immolate","floor":6.0,"key":"SMITH"},{"data":"Armaments","floor":10.0,"key":"SMITH"},{"data":"Shockwave","floor":15.0,"key":"SMITH"},{"floor":27.0,"key":"REST"},{"floor":30.0,"key":"REST"},{"floor":32.0,"key":"REST"}],"neow_cost":"NONE","seed_source_timestamp":8804197703850,"circlet_count":0,"master_deck":["AscendersBane","Strike_R","Strike_R","Defend_R","Defend_R+1","Defend_R","Defend_R","Bash","Immolate+1","Armaments+1","Seeing Red","Thunderclap","Shockwave+1","Offering","Battle Trance+1","Fiend Fire","Headbutt","Limit Break","Shrug It Off"],"special_seed":0,"relics":["Burning Blood","Happy Flower","Self Forming Clay","Mango","Fusion Hammer","Medical Kit","Centennial Puzzle","War Paint","Lantern","Bronze Scales","White Beast Statue","Ginger"],"potions_floor_usage":[],"damage_taken":[{"damage":2.0,"enemies":"2 Louse","floor":1.0,"turns":2.0},{"damage":7.0,"enemies":"Jaw Worm","floor":2.0,"turns":2.0},{"damage":61.0,"enemies":"Lagavulin","floor":7.0,"turns":9.0},{"damage":0.0,"enemies":"Cultist","floor":8.0,"turns":3.0},{"damage":0.0,"enemies":"Large Slime","floor":11.0,"turns":1.0},{"damage":6.0,"enemies":"Looter","floor":12.0,"turns":2.0},{"damage":12.0,"enemies":"3 Sentries","floor":13.0,"turns":4.0},{"damage":40.0,"enemies":"Slime Boss","floor":16.0,"turns":9.0},{"damage":21.0,"enemies":"Spheric Guardian","floor":18.0,"turns":5.0},{"damage":6.0,"enemies":"2 Thieves","floor":20.0,"turns":1.0},{"damage":6.0,"enemies":"3 Cultists","floor":22.0,"turns":2.0},{"damage":6.0,"enemies":"Gremlin Leader","floor":23.0,"turns":4.0},{"damage":14.0,"enemies":"Sentry and Sphere","floor":24.0,"turns":3.0},{"damage":9.0,"enemies":"Snake Plant","floor":28.0,"turns":2.0},{"damage":15.0,"enemies":"Book of Stabbing","floor":29.0,"turns":2.0},{"damage":19.0,"enemies":"Gremlin Leader","floor":31.0,"turns":4.0},{"damage":81.0,"enemies":"Automaton","floor":33.0,"turns":8.0},{"damage":21,"enemies":"3 Darklings","floor":35,"turns":3},{"damage":32,"enemies":"2 Orb Walkers","floor":36,"turns":3},{"damage":17,"enemies":"Orb Walker","floor":37,"turns":3},{"damage":33,"enemies":"Writhing Mass","floor":38,"turns":1}],"seed_played":"8000253681026094507","potions_obtained":[{"floor":7.0,"key":"SkillPotion"},{"floor":8.0,"key":"SmokeBomb"},{"floor":12.0,"key":"Poison Potion"},{"floor":18.0,"key":"GamblersBrew"},{"floor":24.0,"key":"Energy Potion"},{"floor":35,"key":"PowerPotion"}],"is_trial":false,"path_per_floor":["M","M","?","?","?","R","E","M","T","R","M","M","E","?","R","B",null,"M","$","M","?","M","E","M","$","T","R","M","E","R","E","R","B",null,"M","?","M","M"],"character_chosen":"IRONCLAD","items_purchased":["Medical Kit","Headbutt"],"campfire_rested":3,"item_purchase_floors":[19,25],"current_hp_per_floor":[72,71,71,71,76,76,21,27,27,27,33,33,41,41,41,7,72,57,57,57,57,57,57,49,49,49,77,74,65,93,80,94,19,75,60,34,23,0],"gold":269,"neow_bonus":"ONE_RANDOM_RARE_CARD","is_prod":false,"is_daily":false,"chose_seed":false,"campfire_upgraded":3,"win_rate":0,"timestamp":1549672357,"path_taken":["M","M","?","?","?","R","E","M","T","R","M","?","E","?","R","BOSS","M","?","M","?","M","E","M","$","T","R","M","E","R","E","R","BOSS","M","?","M","M"],"build_version":"2019-02-06","purchased_purges":1,"victory":false,"max_hp_per_floor":[75,75,75,75,80,80,80,80,80,80,80,80,94,94,94,94,94,94,94,94,94,94,94,94,94,94,94,94,94,94,94,94,94,94,94,94,94,94],"card_choices":[{"not_picked":["Flex","Rupture","Anger"],"picked":"SKIP","floor":1.0},{"not_picked":["Wild Strike","Cleave","Headbutt"],"picked":"SKIP","floor":2.0},{"not_picked":["Sword Boomerang","Shrug It Off"],"picked":"Armaments","floor":7.0},{"not_picked":["Clash","Headbutt"],"picked":"Seeing Red","floor":8.0},{"not_picked":["Cleave","Inflame"],"picked":"Thunderclap","floor":12.0},{"not_picked":["Warcry","Feed"],"picked":"Shockwave","floor":13.0},{"not_picked":["Reaper","Brutality"],"picked":"Offering","floor":16.0},{"not_picked":["Sword Boomerang","Rupture"],"picked":"Battle Trance","floor":18.0},{"not_picked":["Perfected Strike","Disarm","Searing Blow"],"picked":"SKIP","floor":20.0},{"not_picked":["Heavy Blade","Rage","Combust"],"picked":"SKIP","floor":22.0},{"not_picked":["Clothesline","Power Through"],"picked":"Fiend Fire","floor":23.0},{"not_picked":["Clothesline+1","Clash","Shrug It Off"],"picked":"SKIP","floor":24.0},{"not_picked":["Perfected Strike+1","Sever Soul+1","Corruption"],"picked":"SKIP","floor":28.0},{"not_picked":["Blood for Blood","Thunderclap","Cleave"],"picked":"SKIP","floor":29.0},{"not_picked":["Sword Boomerang","Havoc","Fire Breathing"],"picked":"SKIP","floor":31.0},{"not_picked":["Offering","Fiend Fire"],"picked":"Limit Break","floor":33.0},{"not_picked":["Cleave","Sever Soul","Body Slam+1"],"picked":"SKIP","floor":35},{"not_picked":["Iron Wave+1","Body Slam"],"picked":"Shrug It Off","floor":37}],"player_experience":766804,"relics_obtained":[{"floor":7.0,"key":"Happy Flower"},{"floor":9.0,"key":"Self Forming Clay"},{"floor":13.0,"key":"Mango"},{"floor":23.0,"key":"Centennial Puzzle"},{"floor":26.0,"key":"War Paint"},{"floor":29.0,"key":"Lantern"},{"floor":31.0,"key":"Bronze Scales"},{"floor":36,"key":"Ginger"}],"event_choices":[{"cards_removed":["Strike_R"],"damage_healed":0.0,"max_hp_gain":0.0,"max_hp_loss":0.0,"gold_gain":0.0,"event_name":"The Cleric","player_choice":"Card Removal","floor":3.0,"gold_loss":75.0,"damage_taken":0.0},{"damage_healed":0.0,"max_hp_gain":0.0,"max_hp_loss":0.0,"gold_gain":0.0,"event_name":"Liars Game","player_choice":"Ignored","floor":4.0,"gold_loss":0.0,"damage_taken":0.0},{"damage_healed":0.0,"max_hp_gain":5.0,"max_hp_loss":0.0,"gold_gain":0.0,"event_name":"Big Fish","player_choice":"Donut","floor":5.0,"gold_loss":0.0,"damage_taken":0.0},{"cards_removed":["Strike_R"],"damage_healed":0.0,"max_hp_gain":0.0,"max_hp_loss":0.0,"gold_gain":0.0,"event_name":"Purifier","player_choice":"Purged","floor":14.0,"gold_loss":0.0,"damage_taken":0.0},{"damage_healed":0.0,"max_hp_gain":0.0,"max_hp_loss":0.0,"gold_gain":50.0,"event_name":"Nest","player_choice":"Stole From Cult","floor":21.0,"gold_loss":0.0,"damage_taken":0.0},{"damage_healed":0,"gold_gain":0,"player_choice":"Fight","damage_taken":0,"max_hp_gain":0,"max_hp_loss":0,"event_name":"Mysterious Sphere","floor":36,"gold_loss":0}],"is_beta":true,"boss_relics":[{"not_picked":["Philosopher\u0027s Stone","Runic Dome"],"picked":"Fusion Hammer"},{"not_picked":["Calling Bell","Eternal Feather"],"picked":"White Beast Statue"}],"items_purged_floors":[25],"is_endless":false,"potions_floor_spawned":[7,8,12,18,24,31,33,35,36,37],"killed_by":"Writhing Mass","ascension_level":16}