{"gold_per_floor":[360,325,27,27,47,47,72,88,88,88,88,113,113,75,75,151,151,171,187,187,201,7,7],"floor_reached":23,"playtime":657,"items_purged":["Parasite"],"score":409,"play_id":"ca43995f-d023-4e3b-8976-a8282b0d2a0c","local_time":"20180915185410","is_ascension_mode":true,"campfire_choices":[{"data":"Defragment","floor":6.0,"key":"SMITH"},{"data":"Zap","floor":11.0,"key":"SMITH"},{"data":"Redo","floor":13.0,"key":"SMITH"},{"data":"Dualcast","floor":15.0,"key":"SMITH"}],"neow_cost":"PERCENT_DAMAGE","seed_source_timestamp":29944386650382,"circlet_count":0,"master_deck":["Strike_B","Strike_B","Strike_B","Defend_B","Defend_B","Defend_B","Defend_B","Zap+1","Dualcast+1","AscendersBane","Redo+1","Defragment+1","Ball Lightning","Rainbow","Streamline","Electrodynamics","White Noise","Melter","Buffer","Recycle","Conserve Battery","Ghostly","Ghostly","Ghostly","Ghostly","Ghostly","Leap","Glacier"],"special_seed":0,"relics":["Cracked Core","Membership Card","Blood Vial","Darkstone Periapt","Bottled Flame","Sozu","Meat on the Bone"],"potions_floor_usage":[16],"damage_taken":[{"damage":3.0,"enemies":"2 Louse","floor":1.0,"turns":3.0},{"damage":7.0,"enemies":"Jaw Worm","floor":5.0,"turns":3.0},{"damage":25.0,"enemies":"Gremlin Nob","floor":7.0,"turns":4.0},{"damage":0.0,"enemies":"Cultist","floor":8.0,"turns":2.0},{"damage":31.0,"enemies":"3 Sentries","floor":12.0,"turns":5.0},{"damage":17,"enemies":"Hexaghost","floor":16,"turns":8},{"damage":35,"enemies":"Shell Parasite","floor":18,"turns":4},{"damage":0,"enemies":"Chosen","floor":19,"turns":3},{"damage":15,"enemies":"Snake Plant","floor":21,"turns":4},{"damage":29,"enemies":"Slavers","floor":23,"turns":1}],"seed_played":"-8085112424842668363","potions_obtained":[{"floor":7.0,"key":"Dexterity Potion"},{"floor":16,"key":"LiquidBronze"}],"is_trial":false,"path_per_floor":["M","?","$","?","M","R","E","M","T","?","R","E","R","$","R","B",null,"M","M","?","M","$"],"character_chosen":"DEFECT","items_purchased":["Membership Card","Defragment","Ball Lightning","Glacier","Meat on the Bone"],"campfire_rested":0,"item_purchase_floors":[3,3,3,22,22],"current_hp_per_floor":[43,60,60,60,53,53,28,30,30,53,53,24,24,24,24,9,58,25,27,27,14,14,0],"gold":7,"neow_bonus":"TWO_FIFTY_GOLD","is_prod":false,"is_daily":false,"chose_seed":false,"campfire_upgraded":4,"win_rate":0,"timestamp":1537008850,"path_taken":["M","?","$","?","M","R","E","?","T","?","R","E","R","$","R","BOSS","M","M","?","M","$","E"],"build_version":"2018-09-12","purchased_purges":1,"victory":false,"max_hp_per_floor":[71,71,71,71,71,71,71,71,71,77,77,77,77,74,74,74,74,74,74,37,37,37,37],"card_choices":[{"not_picked":["Go for the Eyes","Leap"],"picked":"Redo","floor":1.0},{"not_picked":["Steam","Beam Cell"],"picked":"Streamline","floor":5.0},{"not_picked":["BootSequence","Coolheaded"],"picked":"Electrodynamics","floor":7.0},{"not_picked":["Rebound","Lockon"],"picked":"White Noise","floor":8.0},{"not_picked":["Redo","Sweeping Beam"],"picked":"Melter","floor":12.0},{"not_picked":["Thunder Strike","Multi-Cast"],"picked":"Buffer","floor":16},{"not_picked":["Storm","Beam Cell+1"],"picked":"Recycle","floor":18},{"not_picked":["Beam Cell","Coolheaded"],"picked":"Conserve Battery","floor":19},{"not_picked":["Turbo","Fusion"],"picked":"Leap","floor":21}],"player_experience":340606,"relics_obtained":[{"floor":7.0,"key":"Blood Vial"},{"floor":9.0,"key":"Darkstone Periapt"},{"floor":12.0,"key":"Bottled Flame"}],"event_choices":[{"event_name":"The Cleric","player_choice":"Healed","floor":2.0,"damage_taken":0.0},{"event_name":"Transmorgrifier","player_choice":"Transform","floor":4.0,"damage_taken":0.0},{"event_name":"Mushrooms","player_choice":"Healed and dodged fight","floor":10.0,"damage_taken":0.0},{"event_name":"Ghosts","player_choice":"Became a Ghost","floor":20,"damage_taken":0}],"is_beta":true,"boss_relics":[{"not_picked":["Ectoplasm","FrozenCore"],"picked":"Sozu"}],"items_purged_floors":[14],"is_endless":false,"potions_floor_spawned":[7,16,21],"killed_by":"Slavers","ascension_level":19}