{"gold_per_floor":[359,359,369,381,46,76,89,116,140,40,40,40,52,63,63,158,158,177,188,200,200,211,211,241,241,267,267,286,24,53,53,53,150,150,167,186,186,186,196,196,223,235,235,85,85,85,85,97,97,97],"floor_reached":51,"playtime":7651,"items_purged":["Defend_R","Strike_R","Defend_R","Feed"],"score":752,"play_id":"401009aa-567a-42a6-ab82-bd3290b94285","local_time":"20190717013403","is_ascension_mode":false,"campfire_choices":[{"data":"Demon Form","floor":12,"key":"SMITH"},{"data":"Flame Barrier","floor":15,"key":"SMITH"},{"data":"Metallicize","floor":23,"key":"SMITH"},{"data":"Infernal Blade","floor":25,"key":"SMITH"},{"data":"Shrug It Off","floor":27,"key":"SMITH"},{"data":"Double Tap","floor":32,"key":"SMITH"},{"data":"Havoc","floor":40,"key":"SMITH"},{"data":"Havoc","floor":45,"key":"SMITH"},{"data":"Berserk","floor":47,"key":"SMITH"},{"data":"Offering","floor":49,"key":"SMITH"}],"neow_cost":"TEN_PERCENT_HP_LOSS","seed_source_timestamp":304619529654000,"circlet_count":0,"master_deck":["Strike_R","Strike_R","Strike_R","Defend_R","Defend_R","Bash","Metallicize+1","Demon Form+1","Infernal Blade+1","Dual Wield","Shrug It Off+1","Flame Barrier+1","Disarm","Necronomicurse","Uppercut+1","Flex+1","Flash of Steel","Double Tap+1","Offering+1","Havoc+1","Bloodletting+1","Shrug It Off+1","Inflame+1","Havoc+1","Berserk+1","Clothesline+1"],"relics":["Burning Blood","Shuriken","PreservedInsect","Dream Catcher","Pen Nib","Eternal Feather","Necronomicon","Blood Vial","Orichalcum","Membership Card","Singing Bowl","Black Star","Boot","Omamori","Red Skull"],"potions_floor_usage":[13,18,20,33,42,50,50,50],"damage_taken":[{"damage":9,"enemies":"Jaw Worm","floor":1,"turns":5},{"damage":0,"enemies":"Small Slimes","floor":3,"turns":3},{"damage":1,"enemies":"Cultist","floor":4,"turns":4},{"damage":19,"enemies":"Lagavulin","floor":6,"turns":10},{"damage":11,"enemies":"Large Slime","floor":7,"turns":10},{"damage":27,"enemies":"3 Sentries","floor":8,"turns":7},{"damage":16,"enemies":"2 Fungi Beasts","floor":13,"turns":4},{"damage":4,"enemies":"Lots of Slimes","floor":14,"turns":9},{"damage":2,"enemies":"Hexaghost","floor":16,"turns":8},{"damage":27,"enemies":"Spheric Guardian","floor":18,"turns":6},{"damage":15,"enemies":"Chosen","floor":19,"turns":8},{"damage":0,"enemies":"Snake Plant","floor":20,"turns":4},{"damage":5,"enemies":"Snecko","floor":22,"turns":8},{"damage":8,"enemies":"Book of Stabbing","floor":24,"turns":5},{"damage":11,"enemies":"3 Cultists","floor":28,"turns":7},{"damage":21,"enemies":"Gremlin Leader","floor":30,"turns":5},{"damage":62,"enemies":"Automaton","floor":33,"turns":11},{"damage":9,"enemies":"3 Shapes","floor":35,"turns":4},{"damage":22,"enemies":"3 Darklings","floor":36,"turns":7},{"damage":18,"enemies":"Writhing Mass","floor":39,"turns":7},{"damage":6,"enemies":"Giant Head","floor":41,"turns":6},{"damage":7,"enemies":"Sphere and 2 Shapes","floor":42,"turns":4},{"damage":28,"enemies":"3 Darklings","floor":48,"turns":5},{"damage":35,"enemies":"Awakened One","floor":50,"turns":10}],"seed_played":"7950956719155015049","potions_obtained":[{"floor":1,"key":"Regen Potion"},{"floor":3,"key":"Energy Potion"},{"floor":8,"key":"SteroidPotion"},{"floor":14,"key":"BloodPotion"},{"floor":19,"key":"SkillPotion"},{"floor":20,"key":"SteroidPotion"},{"floor":33,"key":"Swift Potion"},{"floor":39,"key":"Dexterity Potion"},{"floor":42,"key":"LiquidBronze"}],"is_trial":false,"path_per_floor":["M","?","M","M","$","E","M","E","T","$","?","R","M","M","R","B",null,"M","M","M","?","M","R","E","R","T","R","M","$","E","?","R","B",null,"M","M","?","?","M","R","E","M","T","$","R","?","R","M","R","B",null],"character_chosen":"IRONCLAD","items_purchased":["Shuriken","Membership Card","Berserk"],"campfire_rested":0,"item_purchase_floors":[5,29,44],"current_hp_per_floor":[69,69,72,72,72,59,54,33,33,33,33,33,23,25,25,29,72,54,48,57,41,42,51,52,61,61,70,70,70,59,59,71,32,89,89,78,78,78,68,80,82,86,86,86,98,98,98,76,91,88],"gold":97,"neow_bonus":"TWO_FIFTY_GOLD","is_prod":false,"is_daily":false,"chose_seed":false,"campfire_upgraded":10,"win_rate":0,"timestamp":1563341643,"path_taken":["M","?","M","M","$","E","M","E","T","$","?","R","?","M","R","BOSS","M","M","M","?","M","R","E","R","T","R","M","$","E","?","R","BOSS","M","?","?","?","?","R","E","M","T","$","R","?","R","M","R","BOSS"],"build_version":"2019-07-05","purchased_purges":4,"victory":true,"max_hp_per_floor":[72,72,72,72,72,72,72,72,72,72,72,72,72,72,72,72,72,75,78,81,81,81,81,84,84,84,84,87,87,89,89,89,89,89,92,95,95,95,95,95,95,98,98,98,98,98,98,98,98,98],"card_choices":[{"not_picked":["Seeing Red","Pummel","Second Wind"],"picked":"SKIP","floor":1},{"not_picked":["Heavy Blade","Entrench"],"picked":"Metallicize","floor":3},{"not_picked":["Warcry","Havoc"],"picked":"Shrug It Off","floor":4},{"not_picked":["Clothesline","Anger"],"picked":"Demon Form","floor":6},{"not_picked":["Bloodletting","Perfected Strike"],"picked":"Infernal Blade","floor":7},{"not_picked":["Iron Wave","Whirlwind"],"picked":"Dual Wield","floor":8},{"not_picked":["Perfected Strike","Seeing Red"],"picked":"Shrug It Off","floor":13},{"not_picked":["Sword Boomerang","Rage"],"picked":"Flame Barrier","floor":14},{"not_picked":["Barricade","Juggernaut"],"picked":"Feed","floor":16},{"not_picked":["Combust+1","Flame Barrier","Body Slam"],"picked":"SKIP","floor":18},{"not_picked":["Wild Strike","Searing Blow"],"picked":"Disarm","floor":19},{"not_picked":["Thunderclap","Pommel Strike","Cleave"],"picked":"SKIP","floor":20},{"not_picked":["Perfected Strike","Fiend Fire"],"picked":"Uppercut+1","floor":22},{"not_picked":["Cleave+1","Carnage"],"picked":"Flex+1","floor":24},{"not_picked":["Pummel","Fire Breathing","Pommel Strike"],"picked":"SKIP","floor":28},{"not_picked":["Clothesline+1","Clash","Perfected Strike+1"],"picked":"Singing Bowl","floor":30},{"not_picked":["Immolate","Double Tap"],"picked":"Offering","floor":33},{"not_picked":["Twin Strike","Clash"],"picked":"Havoc","floor":35},{"not_picked":["Spot Weakness+1","Wild Strike"],"picked":"Bloodletting+1","floor":36},{"not_picked":["Sword Boomerang+1","Thunderclap+1"],"picked":"Shrug It Off+1","floor":39},{"not_picked":["Demon Form","Rampage"],"picked":"Inflame+1","floor":41},{"not_picked":["Twin Strike","Sever Soul"],"picked":"Havoc","floor":42},{"not_picked":["Armaments+1","Iron Wave"],"picked":"Clothesline+1","floor":48}],"player_experience":228719,"relics_obtained":[{"floor":6,"key":"PreservedInsect"},{"floor":8,"key":"Dream Catcher"},{"floor":9,"key":"Pen Nib"},{"floor":21,"key":"Necronomicon"},{"floor":24,"key":"Blood Vial"},{"floor":26,"key":"Orichalcum"},{"floor":30,"key":"Singing Bowl"},{"floor":41,"key":"Boot"},{"floor":41,"key":"Omamori"},{"floor":43,"key":"Red Skull"}],"event_choices":[{"cards_removed":["Strike_R"],"damage_healed":0,"gold_gain":0,"player_choice":"Forget","damage_taken":0,"max_hp_gain":0,"max_hp_loss":0,"event_name":"Living Wall","floor":2,"gold_loss":0},{"damage_healed":0,"gold_gain":0,"player_choice":"Ignored","damage_taken":0,"max_hp_gain":0,"max_hp_loss":0,"event_name":"NoteForYourself","floor":11,"gold_loss":0},{"damage_healed":0,"gold_gain":0,"player_choice":"Obtained Book","damage_taken":16,"max_hp_gain":0,"max_hp_loss":0,"event_name":"Cursed Tome","floor":21,"gold_loss":0},{"damage_healed":0,"gold_gain":0,"player_choice":"2 cards matched","damage_taken":0,"max_hp_gain":0,"max_hp_loss":0,"event_name":"Match and Keep!","floor":31,"gold_loss":0,"cards_obtained":["Flash of Steel","Double Tap"]},{"cards_removed":["Shrug It Off"],"damage_healed":0,"gold_gain":0,"player_choice":"Removed Skill","damage_taken":0,"max_hp_gain":0,"max_hp_loss":0,"event_name":"Falling","floor":37,"gold_loss":0},{"damage_healed":0,"gold_gain":0,"player_choice":"Ignored","damage_taken":0,"max_hp_gain":0,"max_hp_loss":0,"event_name":"Tomb of Lord Red Mask","floor":38,"gold_loss":0},{"damage_healed":0,"gold_gain":0,"player_choice":"Ignored","damage_taken":0,"max_hp_gain":0,"max_hp_loss":0,"event_name":"Mysterious Sphere","floor":46,"gold_loss":0}],"is_beta":false,"boss_relics":[{"not_picked":["Philosopher\u0027s Stone","Ectoplasm"],"picked":"Eternal Feather"},{"not_picked":["Calling Bell","Astrolabe"],"picked":"Black Star"}],"items_purged_floors":[5,10,29,44],"is_endless":false,"potions_floor_spawned":[1,3,8,14,19,20,22,33,39,42,48],"ascension_level":0}