{"gold_per_floor":[110,128,3,13,13,13,25,25,25,25,25,35,70,83,83,160,160,172,182,182,97,42,42,68,86,138,38,38,49,49,49,49,49],"floor_reached":33,"playtime":1844,"items_purged":["Strike_G","Strike_G"],"score":566,"play_id":"b0d00d79-ba66-4c46-84fd-8cd7d16aeb6e","local_time":"20190717002040","is_ascension_mode":true,"campfire_choices":[{"data":"Dagger Spray","floor":6,"key":"SMITH"},{"data":"Neutralize","floor":10,"key":"SMITH"},{"data":"Footwork","floor":15,"key":"SMITH"},{"data":"Wraith Form v2","floor":23,"key":"SMITH"},{"data":"Ghostly","floor":32,"key":"SMITH"}],"neow_cost":"NONE","seed_source_timestamp":513720535167287,"circlet_count":0,"master_deck":["AscendersBane","Strike_G","Strike_G","Strike_G","Defend_G","Defend_G","Defend_G","Defend_G","Defend_G","Survivor","Neutralize+1","Bouncing Flask","Flying Knee","Dagger Spray+1","Well Laid Plans+1","Backstab","Footwork+1","Predator","Wraith Form v2+1","PiercingWail","PiercingWail","Deadly Poison+1","Decay","Escape Plan","Ghostly+1","Ghostly","Ghostly"],"relics":["Ring of the Snake","NeowsBlessing","Mercury Hourglass","Question Card","Meat on the Bone","Philosopher\u0027s Stone","Enchiridion","Juzu Bracelet","Sundial","Centennial Puzzle"],"potions_floor_usage":[13,16,24],"damage_taken":[{"damage":0,"enemies":"Cultist","floor":1,"turns":1},{"damage":0,"enemies":"Small Slimes","floor":2,"turns":1},{"damage":0,"enemies":"2 Louse","floor":4,"turns":1},{"damage":11,"enemies":"Large Slime","floor":7,"turns":6},{"damage":8,"enemies":"Blue Slaver","floor":12,"turns":4},{"damage":0,"enemies":"Gremlin Nob","floor":13,"turns":3},{"damage":0,"enemies":"Exordium Wildlife","floor":14,"turns":2},{"damage":24,"enemies":"Slime Boss","floor":16,"turns":10},{"damage":1,"enemies":"Chosen","floor":18,"turns":4},{"damage":0,"enemies":"3 Byrds","floor":19,"turns":5},{"damage":23,"enemies":"Slavers","floor":24,"turns":6},{"damage":1,"enemies":"Snecko","floor":25,"turns":4},{"damage":12,"enemies":"Centurion and Healer","floor":29,"turns":6},{"damage":33,"enemies":"Champ","floor":33,"turns":17}],"seed_played":"4339152393501328835","potions_obtained":[{"floor":1,"key":"AttackPotion"},{"floor":4,"key":"Block Potion"},{"floor":12,"key":"Poison Potion"},{"floor":18,"key":"EssenceOfSteel"},{"floor":19,"key":"Poison Potion"}],"is_trial":false,"path_per_floor":["M","M","$","M","$","R","M","?","T","R","?","M","E","M","R","B",null,"M","M","?","?","$","R","E","M","T","$","?","M","$","?","R","B"],"character_chosen":"THE_SILENT","items_purchased":["Dagger Spray","PiercingWail"],"campfire_rested":0,"item_purchase_floors":[3,22],"current_hp_per_floor":[59,59,59,59,59,59,48,48,48,48,30,22,22,34,34,22,55,54,54,33,33,33,33,22,33,33,33,33,33,33,33,33,0],"gold":49,"neow_bonus":"THREE_ENEMY_KILL","is_prod":false,"is_daily":false,"chose_seed":false,"campfire_upgraded":5,"win_rate":0,"timestamp":1563337240,"path_taken":["M","?","$","M","$","R","M","?","T","R","?","M","E","M","R","BOSS","M","M","?","?","?","R","E","M","T","$","?","M","$","?","R","BOSS"],"build_version":"2019-07-05","purchased_purges":2,"victory":false,"max_hp_per_floor":[66,66,66,66,66,66,66,66,66,66,66,66,66,66,66,66,66,66,66,66,66,66,66,66,66,66,66,66,66,66,33,33,33],"card_choices":[{"not_picked":["Distraction","Bane"],"picked":"Bouncing Flask","floor":1},{"not_picked":["Prepared","PiercingWail"],"picked":"Flying Knee","floor":2},{"not_picked":["Terror","Backflip","Underhanded Strike"],"picked":"SKIP","floor":4},{"not_picked":["Poisoned Stab","Backflip"],"picked":"Well Laid Plans","floor":7},{"not_picked":["Deflect","Expertise","Flying Knee"],"picked":"Backstab","floor":12},{"not_picked":["Prepared","Poisoned Stab","Quick Slash"],"picked":"Footwork","floor":13},{"not_picked":["Deadly Poison","Venomology","Blade Dance"],"picked":"Predator","floor":14},{"not_picked":["Tools of the Trade","Burst","Die Die Die"],"picked":"Wraith Form v2","floor":16},{"not_picked":["Slice","Choke","Poisoned Stab"],"picked":"PiercingWail","floor":18},{"not_picked":["Acrobatics","Terror","Dagger Throw","Blade Dance"],"picked":"SKIP","floor":19},{"not_picked":["Expertise","Outmaneuver","Predator","Quick Slash"],"picked":"SKIP","floor":24},{"not_picked":["Quick Slash","Outmaneuver","Acrobatics"],"picked":"Deadly Poison+1","floor":25},{"not_picked":["Underhanded Strike","Distraction","Slice"],"picked":"Escape Plan","floor":29}],"player_experience":2465359,"relics_obtained":[{"floor":9,"key":"Mercury Hourglass"},{"floor":13,"key":"Meat on the Bone"},{"floor":20,"key":"Enchiridion"},{"floor":24,"key":"Sundial"},{"floor":26,"key":"Centennial Puzzle"}],"event_choices":[{"damage_healed":0,"gold_gain":0,"player_choice":"Grow","damage_taken":0,"max_hp_gain":0,"max_hp_loss":0,"event_name":"Living Wall","floor":8,"gold_loss":0,"cards_upgraded":["Well Laid Plans"]},{"damage_healed":0,"gold_gain":0,"player_choice":"Success","damage_taken":18,"relics_obtained":["Question Card"],"max_hp_gain":0,"max_hp_loss":0,"event_name":"Scrap Ooze","floor":11,"gold_loss":0},{"damage_healed":0,"gold_gain":0,"player_choice":"Obtained Book","damage_taken":21,"max_hp_gain":0,"max_hp_loss":0,"event_name":"Cursed Tome","floor":20,"gold_loss":0},{"damage_healed":0,"gold_gain":0,"player_choice":"Obtained Relic","damage_taken":0,"relics_obtained":["Juzu Bracelet"],"max_hp_gain":0,"max_hp_loss":0,"event_name":"Addict","floor":21,"gold_loss":85},{"damage_healed":0,"gold_gain":0,"player_choice":"Smashed Altar","damage_taken":0,"max_hp_gain":0,"max_hp_loss":0,"event_name":"Forgotten Altar","floor":28,"gold_loss":0,"cards_obtained":["Decay"]},{"damage_healed":0,"gold_gain":0,"player_choice":"Became a Ghost","damage_taken":0,"max_hp_gain":0,"max_hp_loss":33,"event_name":"Ghosts","floor":31,"gold_loss":0,"cards_obtained":["Ghostly","Ghostly","Ghostly"]}],"is_beta":false,"boss_relics":[{"not_picked":["Black Star","Eternal Feather"],"picked":"Philosopher\u0027s Stone"}],"items_purged_floors":[3,27],"is_endless":false,"potions_floor_spawned":[1,4,7,12,18,19],"killed_by":"Champ","ascension_level":19}