{"gold_per_floor":[109,164,164,7,20,20,38,63,63,83,83,83,100,132,132,237,237,251,251,265,180,192,204,244,256,268,280,303,350,374,386,398,513,525,556,581,316,371,388,388,400,400,423,457,457,457,468,468,468,468,468,468,116,151,151],"floor_reached":56,"playtime":12561,"items_purged":["Strike_G","Strike_G"],"score":1311,"play_id":"bc6d261b-cc9f-4ee7-b557-9ca79b838711","local_time":"20190719143444","is_ascension_mode":true,"campfire_choices":[{"data":"Well Laid Plans","floor":6.0,"key":"SMITH"},{"floor":12.0,"key":"REST"},{"floor":15.0,"key":"REST"},{"data":"Prepared","floor":23,"key":"SMITH"},{"data":"Deflect","floor":25,"key":"SMITH"},{"floor":27,"key":"REST"},{"data":"Sucker Punch","floor":32,"key":"SMITH"},{"floor":40,"key":"RECALL"},{"floor":42,"key":"REST"},{"floor":49,"key":"REST"},{"floor":52,"key":"REST"}],"neow_cost":"NONE","seed_source_timestamp":0,"circlet_count":0,"master_deck":["Strike_G+1","Strike_G+1","Defend_G+1","Defend_G+1","Defend_G+1","Defend_G+1","Defend_G+1","Survivor+1","Neutralize+1","Quick Slash+1","Well Laid Plans+1","Flying Knee+1","Prepared+1","Tools of the Trade+1","Heel Hook+1","Sucker Punch+1","Dagger Spray+1","Tools of the Trade+1","Underhanded Strike+1","Infinite Blades+1","Deflect+1","Caltrops+1","Backstab+1","Die Die Die+1","Calculated Gamble+1","Terror+1","Reflex+1","Backflip+1","Backflip+1","PiercingWail+1","Infinite Blades+1"],"special_seed":0,"relics":["Ring of the Snake","War Paint","Frozen Egg 2","Happy Flower","Art of War","WristBlade","MawBank","Dead Branch","Ninja Scroll","Paper Crane","Orichalcum","Meat on the Bone","Fusion Hammer","Tough Bandages","Shuriken","Mark of the Bloom","StoneCalendar","Centennial Puzzle"],"potions_floor_usage":[20,30,33,55,55],"damage_taken":[{"damage":2.0,"enemies":"Cultist","floor":1.0,"turns":5.0},{"damage":1.0,"enemies":"Small Slimes","floor":5.0,"turns":4.0},{"damage":0.0,"enemies":"Jaw Worm","floor":7.0,"turns":4.0},{"damage":25.0,"enemies":"3 Sentries","floor":8.0,"turns":10.0},{"damage":0.0,"enemies":"2 Fungi Beasts","floor":10.0,"turns":4.0},{"damage":1.0,"enemies":"Blue Slaver","floor":13.0,"turns":4.0},{"damage":22.0,"enemies":"Gremlin Nob","floor":14.0,"turns":5.0},{"damage":24.0,"enemies":"Hexaghost","floor":16.0,"turns":15.0},{"damage":4,"enemies":"Shell Parasite","floor":18,"turns":6},{"damage":0,"enemies":"Spheric Guardian","floor":20,"turns":4},{"damage":24,"enemies":"Book of Stabbing","floor":24,"turns":7},{"damage":1,"enemies":"Cultist and Chosen","floor":28,"turns":4},{"damage":1,"enemies":"Gremlin Leader","floor":29,"turns":7},{"damage":15,"enemies":"Shelled Parasite and Fungi","floor":30,"turns":6},{"damage":13,"enemies":"Collector","floor":33,"turns":6},{"damage":0,"enemies":"Orb Walker","floor":35,"turns":3},{"damage":0,"enemies":"3 Shapes","floor":36,"turns":4},{"damage":7,"enemies":"2 Orb Walkers","floor":38,"turns":5},{"damage":0,"enemies":"Sphere and 2 Shapes","floor":39,"turns":4},{"damage":2,"enemies":"3 Darklings","floor":41,"turns":6},{"damage":0,"enemies":"Nemesis","floor":44,"turns":7},{"damage":0,"enemies":"Writhing Mass","floor":47,"turns":4},{"damage":12,"enemies":"Donu and Deca","floor":50,"turns":5},{"damage":4,"enemies":"Shield and Spear","floor":54,"turns":4},{"damage":13,"enemies":"The Heart","floor":55,"turns":7}],"seed_played":"-8988327475181469998","potions_obtained":[{"floor":10.0,"key":"Block Potion"},{"floor":14.0,"key":"PowerPotion"},{"floor":16.0,"key":"GhostInAJar"},{"floor":20,"key":"LiquidBronze"},{"floor":28,"key":"Dexterity Potion"},{"floor":36,"key":"Weak Potion"}],"is_trial":false,"path_per_floor":["M","T","?","$","M","R","M","E","T","M","?","R","M","E","R","B",null,"M","?","M","?","T","R","E","R","T","R","M","E","M","?","R","B",null,"M","M","$","?","M","R","M","R","T","E","?","?","M","?","R","B",null,"R","$","E","B",null],"character_chosen":"THE_SILENT","items_purchased":["Well Laid Plans","PowerPotion","Block Potion","Terror","StoneCalendar","Infinite Blades+1"],"campfire_rested":6,"item_purchase_floors":[4,37,37,37,53,53],"current_hp_per_floor":[68,68,73,73,72,72,72,47,47,47,40,62,61,39,61,37,75,71,71,71,71,71,71,47,47,47,69,68,67,52,52,52,39,75,75,75,75,68,68,68,66,75,75,75,71,71,71,71,71,59,59,59,59,55,42],"gold":151,"neow_bonus":"UPGRADE_CARD","is_prod":false,"is_daily":false,"chose_seed":false,"campfire_upgraded":4,"win_rate":0,"timestamp":1563561284,"path_taken":["M","?","?","$","M","R","M","E","T","M","?","R","M","E","R","BOSS","M","?","M","?","?","R","E","R","T","R","M","E","?","?","R","BOSS","M","M","$","?","M","R","M","R","T","E","?","?","M","?","R","BOSS","R","$","E","BOSS"],"build_version":"2019-07-17","purchased_purges":2,"victory":true,"max_hp_per_floor":[70,70,75,75,75,75,75,75,75,75,75,75,75,75,75,75,75,75,75,75,75,75,75,75,75,75,75,75,75,75,75,75,75,75,75,75,75,75,75,75,75,75,75,75,71,71,71,71,71,71,71,71,71,71,71],"card_choices":[{"not_picked":["Well Laid Plans","Deflect"],"picked":"Quick Slash","floor":1.0},{"not_picked":["Endless Agony","Acrobatics"],"picked":"Flying Knee","floor":5.0},{"not_picked":["Riddle With Holes","Choke"],"picked":"Prepared","floor":7.0},{"not_picked":["Backflip","Flying Knee"],"picked":"Tools of the Trade","floor":8.0},{"not_picked":["Bane","Poisoned Stab"],"picked":"Heel Hook","floor":10.0},{"not_picked":["Poisoned Stab","Skewer"],"picked":"Sucker Punch","floor":13.0},{"not_picked":["Poisoned Stab","Blade Dance"],"picked":"Dagger Spray","floor":14.0},{"not_picked":["Venomology","Burst"],"picked":"Tools of the Trade+1","floor":16.0},{"not_picked":["All Out Attack","Backflip"],"picked":"Underhanded Strike","floor":18},{"not_picked":["Slice+1","Flechettes"],"picked":"Infinite Blades+1","floor":20},{"not_picked":["Deflect","Bane","Dagger Spray"],"picked":"SKIP","floor":24},{"not_picked":["Bane","Dagger Spray"],"picked":"Deflect","floor":24},{"not_picked":["Prepared","PiercingWail+1"],"picked":"Caltrops+1","floor":28},{"not_picked":["Underhanded Strike","Quick Slash+1"],"picked":"Backstab","floor":29},{"not_picked":["Quick Slash","Infinite Blades+1","Glass Knife"],"picked":"SKIP","floor":30},{"not_picked":["Doppelganger","Venomology"],"picked":"Die Die Die","floor":33},{"not_picked":["PiercingWail","Cloak And Dagger"],"picked":"Calculated Gamble+1","floor":35},{"not_picked":["Slice+1","Backstab","Phantasmal Killer"],"picked":"SKIP","floor":36},{"not_picked":["Prepared+1","Cloak And Dagger"],"picked":"Reflex+1","floor":38},{"not_picked":["Poisoned Stab","All Out Attack","PiercingWail"],"picked":"SKIP","floor":39},{"not_picked":["Finisher","Choke+1"],"picked":"Backflip","floor":41},{"not_picked":["Deadly Poison+1","Finisher"],"picked":"Backflip+1","floor":44},{"not_picked":["Slice","Dodge and Roll+1"],"picked":"PiercingWail+1","floor":47},{"not_picked":["Underhanded Strike+1","Concentrate+1","Cloak And Dagger"],"picked":"SKIP","floor":54}],"player_experience":309623,"relics_obtained":[{"floor":2.0,"key":"War Paint"},{"floor":8.0,"key":"Frozen Egg 2"},{"floor":9.0,"key":"Happy Flower"},{"floor":14.0,"key":"Art of War"},{"floor":22,"key":"Dead Branch"},{"floor":24,"key":"Ninja Scroll"},{"floor":26,"key":"Paper Crane"},{"floor":29,"key":"Orichalcum"},{"floor":38,"key":"Tough Bandages"},{"floor":44,"key":"Shuriken"},{"floor":54,"key":"Centennial Puzzle"}],"event_choices":[{"damage_healed":0.0,"max_hp_gain":5.0,"max_hp_loss":0.0,"gold_gain":0.0,"event_name":"Big Fish","player_choice":"Donut","floor":3.0,"gold_loss":0.0,"damage_taken":0.0},{"cards_removed":["Strike_G"],"damage_healed":0.0,"max_hp_gain":0.0,"max_hp_loss":0.0,"gold_gain":0.0,"event_name":"Golden Wing","player_choice":"Card Removal","floor":11.0,"gold_loss":0.0,"damage_taken":7.0},{"damage_healed":0,"gold_gain":0,"player_choice":"Ignored","damage_taken":0,"max_hp_gain":0,"max_hp_loss":0,"event_name":"Vampires","floor":19,"gold_loss":0},{"damage_healed":0,"gold_gain":0,"player_choice":"Obtained Relic","damage_taken":0,"relics_obtained":["MawBank"],"max_hp_gain":0,"max_hp_loss":0,"event_name":"Addict","floor":21,"gold_loss":85},{"damage_healed":0,"gold_gain":0,"player_choice":"Opened","damage_taken":0,"relics_obtained":["Meat on the Bone"],"max_hp_gain":0,"max_hp_loss":0,"event_name":"The Mausoleum","floor":31,"gold_loss":0},{"damage_healed":0,"gold_gain":0,"player_choice":"Fight","damage_taken":0,"max_hp_gain":0,"max_hp_loss":0,"event_name":"Mysterious Sphere","floor":38,"gold_loss":0},{"damage_healed":0,"gold_gain":0,"player_choice":"Max HP","damage_taken":0,"max_hp_gain":0,"max_hp_loss":4,"event_name":"Winding Halls","floor":45,"gold_loss":0},{"damage_healed":0,"gold_gain":0,"player_choice":"Memory 1","damage_taken":0,"max_hp_gain":0,"max_hp_loss":0,"event_name":"SensoryStone","floor":46,"gold_loss":0},{"damage_healed":0,"gold_gain":0,"player_choice":"Upgrade","damage_taken":0,"relics_obtained":["Mark of the Bloom"],"max_hp_gain":0,"max_hp_loss":0,"event_name":"MindBloom","floor":48,"gold_loss":0,"cards_upgraded":["Strike_G","Strike_G","Defend_G","Defend_G","Defend_G","Defend_G","Quick Slash","Flying Knee","Heel Hook","Dagger Spray","Underhanded Strike","Backstab","Die Die Die","Terror","Backflip"]}],"is_beta":false,"boss_relics":[{"not_picked":["Philosopher\u0027s Stone","Calling Bell"],"picked":"WristBlade"},{"not_picked":["Eternal Feather","HoveringKite"],"picked":"Fusion Hammer"}],"items_purged_floors":[4,37],"is_endless":false,"potions_floor_spawned":[10,14,16,20,28,36,38,39,54],"ascension_level":3}