{"gold_per_floor":[118,128,145,155,155,155,169,94,118,118,118,145,165,195,195,296,296,316,316,234,250,265,265,283,283,329,357,357,14,14,33,33,134,134,144,144,0,0,0,0,32,32,32,32,32,32,432,451,451,451,451,451,5,32,32],"floor_reached":56,"playtime":4505,"items_purged":["Strike_B","Decay"],"score":1241,"play_id":"ab1cbf4f-04cf-431c-aae7-a10378864f92","local_time":"20190810132933","is_ascension_mode":false,"campfire_choices":[{"data":"Defragment","floor":6,"key":"SMITH"},{"data":"Zap","floor":15,"key":"SMITH"},{"data":"Defragment","floor":23,"key":"SMITH"},{"floor":30,"key":"RECALL"},{"data":"Defragment","floor":32,"key":"SMITH"},{"data":"Seek","floor":40,"key":"SMITH"},{"data":"Madness","floor":42,"key":"SMITH"},{"floor":44,"key":"REST"},{"data":"Biased Cognition","floor":46,"key":"SMITH"},{"data":"Biased Cognition","floor":49,"key":"SMITH"},{"data":"Barrage","floor":52,"key":"SMITH"}],"neow_cost":"PERCENT_DAMAGE","seed_source_timestamp":732994953400666,"circlet_count":0,"master_deck":["Zap+1","Dualcast","Darkness","Defragment+1","Chill","Hologram+1","Coolheaded","Biased Cognition+1","Barrage+1","Reboot","Stack","Chill","Genetic Algorithm+1","Conserve Battery","BootSequence","Go for the Eyes","Defragment+1","Gash+1","FTL+1","Seek+1","Defragment+1","Cold Snap","Biased Cognition+1","Madness+1","Madness","Clumsy","Gash","Static Discharge+1","Scrape+1","Chill+1"],"relics":["Cracked Core","DataDisk","Vajra","PreservedInsect","Pandora\u0027s Box","War Paint","Bottled Tornado","Pear","Cursed Key","Red Mask","Cables","Smiling Mask","Sundial","Old Coin","Whetstone","Kunai","Happy Flower"],"potions_floor_usage":[54,55,55],"damage_taken":[{"damage":1,"enemies":"Cultist","floor":1,"turns":4},{"damage":0,"enemies":"Small Slimes","floor":2,"turns":3},{"damage":2,"enemies":"2 Louse","floor":3,"turns":3},{"damage":0,"enemies":"Looter","floor":4,"turns":4},{"damage":0,"enemies":"Exordium Wildlife","floor":7,"turns":4},{"damage":19,"enemies":"Lagavulin","floor":12,"turns":5},{"damage":2,"enemies":"Blue Slaver","floor":13,"turns":3},{"damage":4,"enemies":"Hexaghost","floor":16,"turns":8},{"damage":0,"enemies":"Spheric Guardian","floor":18,"turns":4},{"damage":4,"enemies":"2 Thieves","floor":21,"turns":4},{"damage":4,"enemies":"Centurion and Healer","floor":22,"turns":8},{"damage":3,"enemies":"Snake Plant","floor":24,"turns":4},{"damage":0,"enemies":"Book of Stabbing","floor":27,"turns":4},{"damage":0,"enemies":"Chosen and Byrds","floor":31,"turns":5},{"damage":13,"enemies":"Champ","floor":33,"turns":11},{"damage":0,"enemies":"3 Darklings","floor":35,"turns":5},{"damage":21,"enemies":"Reptomancer","floor":41,"turns":5},{"damage":9,"enemies":"Mind Bloom Boss Battle","floor":47,"turns":5},{"damage":0,"enemies":"3 Shapes","floor":48,"turns":4},{"damage":40,"enemies":"Awakened One","floor":50,"turns":11},{"damage":0,"enemies":"Shield and Spear","floor":54,"turns":6},{"damage":68,"enemies":"The Heart","floor":55,"turns":12}],"seed_played":"3419984129108768940","potions_obtained":[{"floor":7,"key":"PowerPotion"},{"floor":12,"key":"GamblersBrew"},{"floor":13,"key":"Ancient Potion"},{"floor":16,"key":"Swift Potion"},{"floor":54,"key":"Strength Potion"}],"is_trial":false,"path_per_floor":["M","M","M","M","?","R","M","$","T","?","?","E","M","?","R","B",null,"M","?","$","M","M","R","M","?","T","E","T","$","R","M","R","B",null,"M","?","?","T","$","R","E","R","T","R","?","R","?","M","R","B",null,"R","$","E","B",null],"character_chosen":"DEFECT","items_purchased":["Defragment","Gash","Defragment","Pear","Whetstone","Kunai"],"campfire_rested":1,"item_purchase_floors":[20,20,29,29,53,53],"current_hp_per_floor":[53,53,51,51,51,51,51,51,51,51,51,32,30,30,30,26,75,75,75,75,71,67,67,64,50,50,50,50,60,60,60,60,47,90,90,79,79,79,79,79,58,58,58,85,85,85,76,76,76,36,90,90,90,90,22],"gold":32,"neow_bonus":"TRANSFORM_TWO_CARDS","is_prod":false,"is_daily":false,"chose_seed":false,"campfire_upgraded":9,"win_rate":0,"timestamp":1565436573,"path_taken":["M","M","M","M","?","R","M","$","T","?","?","E","M","?","R","BOSS","M","?","$","M","M","R","M","?","T","E","?","$","R","M","R","BOSS","M","?","?","?","$","R","E","R","T","R","?","R","?","M","R","BOSS","R","$","E","BOSS"],"build_version":"2019-07-17","purchased_purges":2,"victory":true,"max_hp_per_floor":[75,75,75,75,75,75,75,75,75,75,75,75,75,75,75,75,75,75,75,75,75,75,75,75,80,80,80,80,90,90,90,90,90,90,90,90,90,90,90,90,90,90,90,90,90,90,90,90,90,90,90,90,90,90,90],"card_choices":[{"not_picked":["Redo","Ball Lightning"],"picked":"Chill","floor":1},{"not_picked":["Aggregate","Rebound"],"picked":"Hologram","floor":2},{"not_picked":["Go for the Eyes","Hologram"],"picked":"Coolheaded","floor":3},{"not_picked":["Gash","Skim"],"picked":"Biased Cognition","floor":4},{"not_picked":["Rebound","Hologram"],"picked":"Barrage","floor":7},{"not_picked":["Ball Lightning","Melter","Barrage"],"picked":"SKIP","floor":12},{"not_picked":["Streamline","Conserve Battery","Leap"],"picked":"SKIP","floor":13},{"not_picked":["Meteor Strike","Fission"],"picked":"Reboot","floor":16},{"not_picked":["Conserve Battery","Rebound"],"picked":"Go for the Eyes","floor":18},{"not_picked":["Coolheaded","Turbo+1"],"picked":"FTL","floor":21},{"not_picked":["Doom and Gloom","BootSequence+1"],"picked":"Gash","floor":22},{"not_picked":["Sweeping Beam","Hologram","Hyperbeam"],"picked":"SKIP","floor":24},{"not_picked":["Ball Lightning","Aggregate"],"picked":"Seek","floor":27},{"not_picked":["Turbo","Self Repair"],"picked":"Cold Snap","floor":31},{"not_picked":["Reboot","All For One"],"picked":"Biased Cognition","floor":33},{"not_picked":["Redo","Barrage+1","Coolheaded+1"],"picked":"SKIP","floor":35},{"not_picked":["BootSequence+1","Redo+1"],"picked":"Gash","floor":41},{"not_picked":["Coolheaded","Compile Driver+1"],"picked":"Static Discharge+1","floor":47},{"not_picked":["Rebound+1","Fusion"],"picked":"Scrape+1","floor":48},{"not_picked":["Compile Driver+1","Double Energy+1"],"picked":"Chill+1","floor":54}],"player_experience":231724,"relics_obtained":[{"floor":9,"key":"DataDisk"},{"floor":12,"key":"Vajra"},{"floor":27,"key":"War Paint"},{"floor":28,"key":"Bottled Tornado"},{"floor":38,"key":"Cables"},{"floor":41,"key":"Smiling Mask"},{"floor":43,"key":"Sundial"},{"floor":47,"key":"Old Coin"},{"floor":54,"key":"Happy Flower"}],"event_choices":[{"damage_healed":0,"gold_gain":0,"player_choice":"Ignored","damage_taken":0,"max_hp_gain":0,"max_hp_loss":0,"event_name":"Liars Game","floor":5,"gold_loss":0},{"damage_healed":0,"gold_gain":0,"player_choice":"Ignored","damage_taken":0,"max_hp_gain":0,"max_hp_loss":0,"event_name":"Golden Idol","floor":10,"gold_loss":0},{"damage_healed":0,"gold_gain":0,"player_choice":"Fled","damage_taken":0,"max_hp_gain":0,"max_hp_loss":0,"event_name":"Scrap Ooze","floor":11,"gold_loss":0},{"damage_healed":0,"gold_gain":30,"player_choice":"Searched \u00273\u0027 times","damage_taken":0,"relics_obtained":["PreservedInsect"],"max_hp_gain":0,"max_hp_loss":0,"event_name":"Dead Adventurer","floor":14,"gold_loss":0},{"damage_healed":0,"gold_gain":0,"player_choice":"Ignored","damage_taken":0,"max_hp_gain":0,"max_hp_loss":0,"event_name":"Cursed Tome","floor":19,"gold_loss":0},{"damage_healed":0,"gold_gain":0,"player_choice":"Shed Blood","damage_taken":19,"max_hp_gain":5,"max_hp_loss":0,"event_name":"Forgotten Altar","floor":25,"gold_loss":0},{"damage_healed":0,"gold_gain":0,"player_choice":"Embrace Madness","damage_taken":11,"max_hp_gain":0,"max_hp_loss":0,"event_name":"Winding Halls","floor":36,"gold_loss":0,"cards_obtained":["Madness","Madness"]},{"damage_healed":0,"gold_gain":0,"player_choice":"Paid","damage_taken":0,"relics_obtained":["Red Mask"],"max_hp_gain":0,"max_hp_loss":0,"event_name":"Tomb of Lord Red Mask","floor":37,"gold_loss":144},{"cards_removed":["Gash"],"damage_healed":0,"gold_gain":0,"player_choice":"Removed Attack","damage_taken":0,"max_hp_gain":0,"max_hp_loss":0,"event_name":"Falling","floor":45,"gold_loss":0},{"damage_healed":0,"gold_gain":0,"player_choice":"Fight","damage_taken":0,"max_hp_gain":0,"max_hp_loss":0,"event_name":"MindBloom","floor":47,"gold_loss":0}],"is_beta":false,"boss_relics":[{"not_picked":["Inserter","Snecko Eye"],"picked":"Pandora\u0027s Box"},{"not_picked":["White Beast Statue","Black Star"],"picked":"Cursed Key"}],"items_purged_floors":[8,53],"is_endless":false,"potions_floor_spawned":[7,12,13,16,18,33,41,47,54],"ascension_level":0}