{"gold_per_floor":[118,136,152,163,181,216,230,230,230,256,256,281,231,250,250,350,350,366,23,43,59,74,107,107,125,125,158,158,158,38,69,69,168,168,183,183,0,0,10,10,37,37,88,88,107,107,133,145,145,145],"floor_reached":50,"playtime":4849,"items_purged":["Decay"],"score":784,"play_id":"07d71d34-df66-4fba-b5c0-97b4a9ee20ad","local_time":"20190810211228","is_ascension_mode":true,"campfire_choices":[{"data":"Leg Sweep","floor":8,"key":"SMITH"},{"data":"Footwork","floor":11,"key":"SMITH"},{"data":"Noxious Fumes","floor":15,"key":"SMITH"},{"data":"Dodge and Roll","floor":24,"key":"SMITH"},{"data":"Acrobatics","floor":29,"key":"SMITH"},{"floor":32,"key":"REST"},{"data":"Envenom","floor":40,"key":"SMITH"},{"data":"Neutralize","floor":44,"key":"SMITH"},{"floor":49,"key":"REST"}],"neow_cost":"NONE","seed_source_timestamp":2153733654318800,"circlet_count":0,"master_deck":["Strike_G","Strike_G","Defend_G","Defend_G","Defend_G","Defend_G","Survivor","Neutralize+1","Dagger Spray","Die Die Die","Noxious Fumes+1","Backstab+1","Footwork+1","Leg Sweep+1","PiercingWail","Well Laid Plans","Dodge and Roll","Envenom+1","Deadly Poison+1","Blade Dance+1","Bouncing Flask+1","Adrenaline","Sadistic Nature","Dodge and Roll+1","Cloak And Dagger+1","Acrobatics+1","All Out Attack+1","Infinite Blades","Cloak And Dagger","Corpse Explosion","Dash+1","Doubt","Shame","Noxious Fumes+1","Adrenaline","Dodge and Roll+1","Parasite"],"relics":["Cursed Key","Ornamental Fan","Gremlin Horn","Blood Vial","Bottled Tornado","Astrolabe","The Courier","Anchor","Blue Candle","Happy Flower","White Beast Statue","Whetstone","Red Mask","Frozen Egg 2","Lantern","Ninja Scroll"],"potions_floor_usage":[10,10,16,20,22,23,33,41,45,47,48,50,50,50],"damage_taken":[{"damage":0,"enemies":"Cultist","floor":1,"turns":4},{"damage":2,"enemies":"2 Louse","floor":2,"turns":2},{"damage":0,"enemies":"Small Slimes","floor":3,"turns":2},{"damage":0,"enemies":"3 Louse","floor":4,"turns":1},{"damage":5,"enemies":"Red Slaver","floor":5,"turns":2},{"damage":13,"enemies":"3 Sentries","floor":6,"turns":5},{"damage":2,"enemies":"Looter","floor":7,"turns":3},{"damage":9,"enemies":"Gremlin Nob","floor":10,"turns":5},{"damage":12,"enemies":"Lagavulin","floor":12,"turns":10},{"damage":0,"enemies":"Blue Slaver","floor":14,"turns":4},{"damage":17,"enemies":"Slime Boss","floor":16,"turns":12},{"damage":8,"enemies":"Chosen","floor":18,"turns":6},{"damage":3,"enemies":"3 Byrds","floor":20,"turns":2},{"damage":5,"enemies":"Centurion and Healer","floor":21,"turns":7},{"damage":5,"enemies":"Snecko","floor":22,"turns":5},{"damage":5,"enemies":"Book of Stabbing","floor":23,"turns":7},{"damage":0,"enemies":"Chosen and Byrds","floor":25,"turns":4},{"damage":0,"enemies":"Gremlin Leader","floor":27,"turns":7},{"damage":23,"enemies":"Book of Stabbing","floor":31,"turns":5},{"damage":13,"enemies":"Automaton","floor":33,"turns":9},{"damage":11,"enemies":"Orb Walker","floor":35,"turns":4},{"damage":0,"enemies":"3 Shapes","floor":39,"turns":4},{"damage":13,"enemies":"Giant Head","floor":41,"turns":8},{"damage":6,"enemies":"Spire Growth","floor":45,"turns":5},{"damage":15,"enemies":"Nemesis","floor":47,"turns":7},{"damage":0,"enemies":"Writhing Mass","floor":48,"turns":7},{"damage":54,"enemies":"Donu and Deca","floor":50,"turns":5}],"seed_played":"1424034623586047409","potions_obtained":[{"floor":3,"key":"GhostInAJar"},{"floor":5,"key":"Explosive Potion"},{"floor":6,"key":"Weak Potion"},{"floor":12,"key":"SneckoOil"},{"floor":18,"key":"LiquidBronze"},{"floor":22,"key":"Dexterity Potion"},{"floor":23,"key":"Dexterity Potion"},{"floor":33,"key":"Weak Potion"},{"floor":35,"key":"Explosive Potion"},{"floor":39,"key":"Poison Potion"},{"floor":41,"key":"PowerPotion"},{"floor":45,"key":"Explosive Potion"},{"floor":47,"key":"SkillPotion"},{"floor":48,"key":"PowerPotion"}],"is_trial":false,"path_per_floor":["M","M","M","M","M","E","M","R","T","E","R","E","?","M","R","B",null,"M","$","M","M","M","E","R","M","T","E","?","R","$","E","R","B",null,"M","T","?","?","M","R","E","$","T","R","M","?","E","M","R","B"],"character_chosen":"THE_SILENT","items_purchased":["Adrenaline","Sadistic Nature","Infinite Blades"],"campfire_rested":2,"item_purchase_floors":[19,19,30],"current_hp_per_floor":[70,68,68,68,63,50,48,48,48,39,39,29,29,31,31,16,57,51,51,50,47,44,41,41,43,43,45,45,45,45,24,45,34,61,52,52,52,52,54,54,43,43,43,43,39,39,26,28,49,0],"gold":145,"neow_bonus":"BOSS_RELIC","is_prod":false,"is_daily":false,"chose_seed":false,"campfire_upgraded":7,"win_rate":0,"timestamp":1565460748,"path_taken":["M","M","M","?","M","E","M","R","T","E","R","E","?","M","R","BOSS","M","$","M","M","M","E","R","M","T","E","?","R","$","E","R","BOSS","M","?","?","?","M","R","E","$","T","R","M","?","E","M","R","BOSS"],"build_version":"2019-07-17","purchased_purges":1,"victory":false,"max_hp_per_floor":[70,70,70,70,70,70,70,70,70,70,70,70,70,70,70,70,70,70,70,70,70,70,70,70,70,70,70,70,70,70,70,70,70,70,70,70,70,70,70,70,70,70,70,70,70,70,70,70,70,70],"card_choices":[{"not_picked":["Deadly Poison","Calculated Gamble"],"picked":"Dagger Spray","floor":1},{"not_picked":["Sucker Punch","Dodge and Roll"],"picked":"Die Die Die","floor":2},{"not_picked":["Outmaneuver","Masterful Stab"],"picked":"Noxious Fumes","floor":3},{"not_picked":["Calculated Gamble","Eviscerate"],"picked":"Backstab","floor":4},{"not_picked":["Bane","Dodge and Roll"],"picked":"Footwork","floor":5},{"not_picked":["Flechettes","Deadly Poison","Grand Finale"],"picked":"SKIP","floor":6},{"not_picked":["Bane","Accuracy"],"picked":"Leg Sweep","floor":7},{"not_picked":["Concentrate","Bane"],"picked":"PiercingWail","floor":10},{"not_picked":["Catalyst","Poisoned Stab"],"picked":"Well Laid Plans","floor":12},{"not_picked":["Skewer","PiercingWail"],"picked":"Dodge and Roll","floor":14},{"not_picked":["Glass Knife","Grand Finale"],"picked":"Envenom","floor":16},{"not_picked":["Footwork","Dodge and Roll"],"picked":"Bouncing Flask+1","floor":18},{"not_picked":["Blade Dance","Slice"],"picked":"Dodge and Roll","floor":20},{"not_picked":["Sucker Punch","Poisoned Stab","Underhanded Strike"],"picked":"SKIP","floor":21},{"not_picked":["Dash","Distraction","Infinite Blades+1"],"picked":"SKIP","floor":22},{"not_picked":["Night Terror","Outmaneuver"],"picked":"Cloak And Dagger+1","floor":23},{"not_picked":["Skewer","Outmaneuver","Dagger Spray"],"picked":"SKIP","floor":25},{"not_picked":["Concentrate","Wraith Form v2"],"picked":"Acrobatics","floor":27},{"not_picked":["Finisher","Slice"],"picked":"Cloak And Dagger","floor":31},{"not_picked":["Glass Knife","Unload"],"picked":"Corpse Explosion","floor":33},{"not_picked":["Concentrate","Dagger Spray+1"],"picked":"Dash+1","floor":35},{"not_picked":["Infinite Blades","Flying Knee","Quick Slash"],"picked":"SKIP","floor":39},{"not_picked":["Flying Knee","Dagger Throw+1","Underhanded Strike+1"],"picked":"SKIP","floor":41},{"not_picked":["Poisoned Stab+1","Burst"],"picked":"Noxious Fumes+1","floor":45},{"not_picked":["Deadly Poison","Slice"],"picked":"Dodge and Roll+1","floor":47},{"not_picked":["Sucker Punch","Underhanded Strike","Poisoned Stab"],"picked":"SKIP","floor":48}],"player_experience":136084,"relics_obtained":[{"floor":6,"key":"Ornamental Fan"},{"floor":9,"key":"Gremlin Horn"},{"floor":10,"key":"Blood Vial"},{"floor":12,"key":"Bottled Tornado"},{"floor":23,"key":"The Courier"},{"floor":26,"key":"Anchor"},{"floor":27,"key":"Blue Candle"},{"floor":31,"key":"Happy Flower"},{"floor":36,"key":"Whetstone"},{"floor":41,"key":"Frozen Egg 2"},{"floor":43,"key":"Lantern"},{"floor":47,"key":"Ninja Scroll"}],"event_choices":[{"cards_removed":["Pain"],"damage_healed":0,"gold_gain":0,"player_choice":"Card Removal","damage_taken":0,"max_hp_gain":0,"max_hp_loss":0,"event_name":"The Cleric","floor":13,"gold_loss":50},{"damage_healed":0,"gold_gain":0,"cards_transformed":["Setup"],"player_choice":"Transformed","damage_taken":0,"max_hp_gain":0,"max_hp_loss":0,"event_name":"Transmorgrifier","floor":28,"gold_loss":0,"cards_obtained":["All Out Attack"]},{"damage_healed":0,"gold_gain":0,"player_choice":"Paid","damage_taken":0,"relics_obtained":["Red Mask"],"max_hp_gain":0,"max_hp_loss":0,"event_name":"Tomb of Lord Red Mask","floor":37,"gold_loss":183},{"cards_removed":["Defend_G"],"damage_healed":0,"gold_gain":0,"player_choice":"Removed Skill","damage_taken":0,"max_hp_gain":0,"max_hp_loss":0,"event_name":"Falling","floor":38,"gold_loss":0},{"damage_healed":0,"gold_gain":0,"player_choice":"1 cards matched","damage_taken":0,"max_hp_gain":0,"max_hp_loss":0,"event_name":"Match and Keep!","floor":46,"gold_loss":0,"cards_obtained":["Adrenaline"]}],"is_beta":false,"boss_relics":[{"not_picked":["Empty Cage","Fusion Hammer"],"picked":"Astrolabe"},{"not_picked":["Coffee Dripper","Runic Dome"],"picked":"White Beast Statue"}],"items_purged_floors":[30],"is_endless":false,"potions_floor_spawned":[3,5,6,7,12,18,22,23,33,35,39,41,45,47,48],"killed_by":"Donu and Deca","ascension_level":5}