{"gold_per_floor":[119,138,138,6,6,39,64,78,127,127,151,187,205,236,236,364,364,379,379,394,410,425,466,13,38,65,65,65,15,56,76,76,199,199,213,11,26,26,51,51],"floor_reached":40,"playtime":4642,"items_purged":["Writhe","Hello World+1"],"score":596,"play_id":"5159b322-fbf7-42cd-ad15-c46bc984fbed","local_time":"20190812214007","is_ascension_mode":true,"campfire_choices":[{"floor":10,"key":"REST"},{"floor":15,"key":"REST"},{"floor":32,"key":"REST"}],"neow_cost":"NONE","seed_source_timestamp":74013444670300,"circlet_count":0,"master_deck":["Strike_B","Defend_B","Defend_B","Defend_B","Defend_B","Zap","Dualcast","Coolheaded","Defragment","Cold Snap","Static Discharge","Rainbow","Loop","Compile Driver","Parasite","Glacier","Echo Form","Creative AI","Self Repair+1","Electrodynamics+1","Leap","Capacitor","Gash","Decay","BootSequence","Genetic Algorithm+1"],"relics":["Cursed Key","Boot","Golden Idol","StoneCalendar","Odd Mushroom","PreservedInsect","Smiling Mask","Orichalcum","Astrolabe","Art of War","Gremlin Horn","OrangePellets","Pen Nib","Bag of Marbles","Nuclear Battery","Lantern"],"potions_floor_usage":[6,7,7,12,27,30,33,39],"damage_taken":[{"damage":3,"enemies":"Small Slimes","floor":1,"turns":3},{"damage":0,"enemies":"2 Louse","floor":2,"turns":4},{"damage":24,"enemies":"3 Sentries","floor":6,"turns":6},{"damage":0,"enemies":"The Mushroom Lair","floor":7,"turns":3},{"damage":0,"enemies":"Cultist","floor":8,"turns":3},{"damage":1,"enemies":"Blue Slaver","floor":11,"turns":5},{"damage":0,"enemies":"Lagavulin","floor":12,"turns":6},{"damage":14,"enemies":"Exordium Thugs","floor":13,"turns":5},{"damage":11,"enemies":"Gremlin Nob","floor":14,"turns":3},{"damage":18,"enemies":"Hexaghost","floor":16,"turns":9},{"damage":20,"enemies":"2 Thieves","floor":18,"turns":4},{"damage":15,"enemies":"Spheric Guardian","floor":20,"turns":6},{"damage":9,"enemies":"Centurion and Healer","floor":21,"turns":6},{"damage":14,"enemies":"Sentry and Sphere","floor":22,"turns":6},{"damage":28,"enemies":"Slavers","floor":23,"turns":2},{"damage":28,"enemies":"Shelled Parasite and Fungi","floor":25,"turns":6},{"damage":8,"enemies":"Book of Stabbing","floor":27,"turns":2},{"damage":0,"enemies":"Gremlin Leader","floor":30,"turns":6},{"damage":4,"enemies":"Centurion and Healer","floor":31,"turns":7},{"damage":10,"enemies":"Automaton","floor":33,"turns":8},{"damage":9,"enemies":"3 Shapes","floor":35,"turns":4},{"damage":61,"enemies":"3 Darklings","floor":37,"turns":6},{"damage":7,"enemies":"Spire Growth","floor":39,"turns":7},{"damage":24,"enemies":"Reptomancer","floor":40,"turns":2}],"seed_played":"-1200383556722558729","potions_obtained":[{"floor":1,"key":"FearPotion"},{"floor":2,"key":"Regen Potion"},{"floor":6,"key":"AttackPotion"},{"floor":11,"key":"Regen Potion"},{"floor":18,"key":"LiquidBronze"},{"floor":22,"key":"Fire Potion"},{"floor":25,"key":"SmokeBomb"},{"floor":30,"key":"EssenceOfSteel"},{"floor":33,"key":"FearPotion"},{"floor":37,"key":"SpeedPotion"}],"is_trial":false,"path_per_floor":["M","M","?","$","?","E","?","M","T","R","M","E","M","E","R","B",null,"M","?","M","M","M","E","$","M","T","E","?","$","E","M","R","B",null,"M","$","M","$","M","E"],"character_chosen":"DEFECT","items_purchased":["Cold Snap","Static Discharge","Gremlin Horn","OrangePellets","Lantern"],"campfire_rested":3,"item_purchase_floors":[4,4,24,24,36],"current_hp_per_floor":[72,72,54,54,36,27,27,27,27,49,48,63,49,38,60,42,75,65,65,60,51,57,29,29,11,11,13,13,13,33,39,61,61,75,66,66,15,15,18,0],"gold":51,"neow_bonus":"BOSS_RELIC","is_prod":false,"is_daily":false,"chose_seed":false,"campfire_upgraded":0,"win_rate":0,"timestamp":1565635207,"path_taken":["M","M","?","$","?","E","?","M","T","R","M","E","M","E","R","BOSS","M","?","M","M","M","E","$","M","T","E","?","$","E","?","R","BOSS","M","$","M","$","M","E"],"build_version":"2019-07-17","purchased_purges":2,"victory":false,"max_hp_per_floor":[75,75,75,75,75,75,75,75,75,75,75,75,75,75,75,75,75,75,75,75,75,75,75,75,75,75,75,75,75,75,75,75,75,75,75,75,75,75,75,75],"card_choices":[{"not_picked":["Hello World","Conserve Battery"],"picked":"Coolheaded","floor":1},{"not_picked":["Coolheaded","Gash"],"picked":"Defragment","floor":2},{"not_picked":["Tempest","Leap"],"picked":"Rainbow","floor":6},{"not_picked":["Coolheaded","Self Repair"],"picked":"Loop","floor":7},{"not_picked":["Redo","Cold Snap"],"picked":"Compile Driver","floor":8},{"not_picked":["Hologram","Cold Snap","Turbo"],"picked":"SKIP","floor":11},{"not_picked":["Barrage","Heatsinks","Fusion"],"picked":"SKIP","floor":12},{"not_picked":["Compile Driver","Rebound"],"picked":"Glacier","floor":13},{"not_picked":["Hologram","Recycle"],"picked":"Echo Form","floor":14},{"not_picked":["Rainbow","Amplify"],"picked":"Creative AI","floor":16},{"not_picked":["Reinforced Body","Self Repair+1"],"picked":"Leap","floor":18},{"not_picked":["Darkness","Go for the Eyes"],"picked":"Gash","floor":20},{"not_picked":["Lockon","Turbo+1","Recycle"],"picked":"SKIP","floor":21},{"not_picked":["Self Repair","Auto Shields","Leap"],"picked":"SKIP","floor":22},{"not_picked":["Streamline","Self Repair","Thunder Strike"],"picked":"SKIP","floor":23},{"not_picked":["Conserve Battery","Lockon","Rebound"],"picked":"SKIP","floor":25},{"not_picked":["Scrape","Coolheaded"],"picked":"BootSequence","floor":30},{"not_picked":["Streamline+1","Beam Cell","Stack"],"picked":"SKIP","floor":31},{"not_picked":["Hologram+1","Barrage","Ball Lightning+1"],"picked":"SKIP","floor":35},{"not_picked":["Go for the Eyes+1","Thunder Strike"],"picked":"Genetic Algorithm+1","floor":37},{"not_picked":["Beam Cell+1","Go for the Eyes+1","White Noise"],"picked":"SKIP","floor":39}],"player_experience":178236,"relics_obtained":[{"floor":6,"key":"StoneCalendar"},{"floor":7,"key":"Odd Mushroom"},{"floor":9,"key":"PreservedInsect"},{"floor":12,"key":"Smiling Mask"},{"floor":14,"key":"Orichalcum"},{"floor":23,"key":"Art of War"},{"floor":26,"key":"Pen Nib"},{"floor":30,"key":"Bag of Marbles"}],"event_choices":[{"damage_healed":0,"gold_gain":0,"player_choice":"Success","damage_taken":18,"relics_obtained":["Boot"],"max_hp_gain":0,"max_hp_loss":0,"event_name":"Scrap Ooze","floor":3,"gold_loss":0},{"damage_healed":0,"gold_gain":0,"player_choice":"Take Damage","damage_taken":18,"relics_obtained":["Golden Idol"],"max_hp_gain":0,"max_hp_loss":0,"event_name":"Golden Idol","floor":5,"gold_loss":0},{"damage_healed":0,"gold_gain":0,"player_choice":"Fought Mushrooms","damage_taken":0,"max_hp_gain":0,"max_hp_loss":0,"event_name":"Mushrooms","floor":7,"gold_loss":0},{"damage_healed":0,"gold_gain":0,"player_choice":"Read","damage_taken":0,"max_hp_gain":0,"max_hp_loss":0,"event_name":"The Library","floor":19,"gold_loss":0,"cards_obtained":["Capacitor"]},{"damage_healed":0,"gold_gain":0,"player_choice":"Cursed","damage_taken":0,"max_hp_gain":0,"max_hp_loss":0,"event_name":"Wheel of Change","floor":28,"gold_loss":0,"cards_obtained":["Decay"]}],"is_beta":false,"boss_relics":[{"not_picked":["Tiny House","Fusion Hammer"],"picked":"Astrolabe"},{"not_picked":["Lizard Tail","Runic Dome"],"picked":"Nuclear Battery"}],"items_purged_floors":[29,36],"is_endless":false,"potions_floor_spawned":[1,2,6,11,18,22,25,30,33,37],"killed_by":"Reptomancer","ascension_level":3}