{"gold_per_floor":[109,184,184,36,52,82,82,115,141,141,158,158,12,32,32,134,134,109,109,209,229,239,266,266,293,293,293,293,392,26,26,26,130,130,146,35,49,3,3,3],"floor_reached":40,"playtime":3112,"items_purged":["Strike_R","Defend_R"],"score":428,"play_id":"194d9755-6a9d-40e2-ae61-5fc03306d320","local_time":"20190716011305","is_ascension_mode":false,"campfire_choices":[{"data":"Rampage","floor":7,"key":"SMITH"},{"data":"Flex","floor":10,"key":"SMITH"},{"data":"Blind","floor":15,"key":"SMITH"},{"floor":24,"key":"REST"},{"floor":28,"key":"REST"},{"floor":32,"key":"REST"}],"neow_cost":"NONE","seed_source_timestamp":221512093987300,"circlet_count":0,"master_deck":["Strike_R","Defend_R","Bash","Rampage+1","Ghostly Armor","Spot Weakness","Shrug It Off","Flex+1","Blind+1","Shrug It Off","Juggernaut","Body Slam+1","Double Tap+1","Defend_R","Armaments","Thinking Ahead","Demon Form","Shockwave+1","Reaper","Inflame","Barricade","Bandage Up","Madness","Madness"],"relics":["Burning Blood","Smiling Mask","Incense Burner","Juzu Bracelet","Paper Frog","Astrolabe","Blue Candle","Self Forming Clay","Meat on the Bone","MutagenicStrength","Membership Card","Blood Vial","Cursed Key"],"potions_floor_usage":[6,14,23,23,35],"damage_taken":[{"damage":10,"enemies":"Jaw Worm","floor":1,"turns":5},{"damage":0,"enemies":"Cultist","floor":5,"turns":6},{"damage":26,"enemies":"Lagavulin","floor":6,"turns":7},{"damage":14,"enemies":"3 Sentries","floor":8,"turns":10},{"damage":2,"enemies":"2 Louse","floor":11,"turns":4},{"damage":8,"enemies":"Lots of Slimes","floor":14,"turns":7},{"damage":25,"enemies":"The Guardian","floor":16,"turns":9},{"damage":19,"enemies":"2 Thieves","floor":18,"turns":5},{"damage":15,"enemies":"Spheric Guardian","floor":21,"turns":4},{"damage":16,"enemies":"Snake Plant","floor":22,"turns":4},{"damage":28,"enemies":"Gremlin Leader","floor":23,"turns":5},{"damage":52,"enemies":"Book of Stabbing","floor":25,"turns":8},{"damage":29,"enemies":"Collector","floor":33,"turns":10},{"damage":21,"enemies":"3 Darklings","floor":35,"turns":7},{"damage":21,"enemies":"Orb Walker","floor":37,"turns":5},{"damage":84,"enemies":"Reptomancer","floor":40,"turns":5}],"seed_played":"951729245099986669","potions_obtained":[{"floor":1,"key":"SteroidPotion"},{"floor":8,"key":"Strength Potion"},{"floor":18,"key":"Explosive Potion"},{"floor":22,"key":"Ancient Potion"},{"floor":33,"key":"Explosive Potion"}],"is_trial":false,"path_per_floor":["M","?","?","$","M","E","R","E","T","R","M","T","$","M","R","B",null,"M","?","?","M","M","E","R","E","T","?","R","?","$","?","R","B",null,"M","$","M","$","?","E"],"character_chosen":"IRONCLAD","items_purchased":["Ghostly Armor","Blind","Membership Card","Thinking Ahead","Blood Vial","Reaper","Inflame","Bandage Up"],"campfire_rested":3,"item_purchase_floors":[4,13,30,30,30,36,36,38],"current_hp_per_floor":[76,65,70,70,76,56,56,48,48,48,52,52,52,50,50,31,85,72,72,72,63,53,31,56,10,10,10,35,35,35,35,60,51,85,70,70,71,71,60,0],"gold":3,"neow_bonus":"REMOVE_CARD","is_prod":false,"is_daily":false,"chose_seed":false,"campfire_upgraded":3,"win_rate":0,"timestamp":1563253985,"path_taken":["M","?","?","$","M","E","R","E","T","R","M","?","$","M","R","BOSS","M","?","?","M","M","E","R","E","T","?","R","?","$","?","R","BOSS","M","?","M","$","?","E"],"build_version":"2019-07-05","purchased_purges":2,"victory":false,"max_hp_per_floor":[80,80,85,85,85,85,85,85,85,85,85,85,85,85,85,85,85,85,85,85,85,85,85,85,85,85,85,85,85,85,85,85,85,85,85,85,85,85,85,85],"card_choices":[{"not_picked":["Spot Weakness","Clash"],"picked":"Rampage","floor":1},{"not_picked":["Reckless Charge","Rupture"],"picked":"Spot Weakness","floor":5},{"not_picked":["Armaments","Rampage"],"picked":"Shrug It Off","floor":6},{"not_picked":["Burning Pact","Evolve"],"picked":"Flex","floor":8},{"not_picked":["Iron Wave","Dropkick","Carnage"],"picked":"SKIP","floor":11},{"not_picked":["Warcry","True Grit"],"picked":"Shrug It Off","floor":14},{"not_picked":["Offering","Dark Embrace"],"picked":"Juggernaut","floor":16},{"not_picked":["Uppercut","Combust+1","Burning Pact+1"],"picked":"SKIP","floor":18},{"not_picked":["Thunderclap","Uppercut"],"picked":"Armaments","floor":21},{"not_picked":["Clash","Wild Strike","Thunderclap"],"picked":"SKIP","floor":22},{"not_picked":["Blood for Blood","Second Wind","Rupture"],"picked":"SKIP","floor":23},{"not_picked":["Infernal Blade","Clash","Metallicize"],"picked":"SKIP","floor":25},{"not_picked":["Feed","Dark Embrace"],"picked":"Demon Form","floor":33},{"not_picked":["Twin Strike","Thunderclap+1"],"picked":"Shockwave+1","floor":35},{"not_picked":["Body Slam","Iron Wave"],"picked":"Barricade","floor":37}],"player_experience":207063,"relics_obtained":[{"floor":6,"key":"Smiling Mask"},{"floor":8,"key":"Incense Burner"},{"floor":9,"key":"Juzu Bracelet"},{"floor":12,"key":"Paper Frog"},{"floor":23,"key":"Blue Candle"},{"floor":25,"key":"Self Forming Clay"},{"floor":26,"key":"Meat on the Bone"}],"event_choices":[{"damage_healed":0,"gold_gain":75,"player_choice":"Gather Gold","damage_taken":11,"max_hp_gain":0,"max_hp_loss":0,"event_name":"World of Goop","floor":2,"gold_loss":0},{"damage_healed":0,"gold_gain":0,"player_choice":"Donut","damage_taken":0,"max_hp_gain":5,"max_hp_loss":0,"event_name":"Big Fish","floor":3,"gold_loss":0},{"cards_removed":["Exhume"],"damage_healed":0,"gold_gain":0,"player_choice":"Took Card","damage_taken":0,"max_hp_gain":0,"max_hp_loss":0,"event_name":"NoteForYourself","floor":19,"gold_loss":0,"cards_obtained":["Defend_R"]},{"damage_healed":0,"gold_gain":100,"player_choice":"Pray","damage_taken":0,"max_hp_gain":0,"max_hp_loss":0,"event_name":"Golden Shrine","floor":20,"gold_loss":0},{"damage_healed":0,"gold_gain":0,"player_choice":"Inject Mutagens","damage_taken":0,"relics_obtained":["MutagenicStrength"],"max_hp_gain":0,"max_hp_loss":0,"event_name":"Drug Dealer","floor":27,"gold_loss":0},{"damage_healed":0,"gold_gain":99,"player_choice":"Stole From Cult","damage_taken":0,"max_hp_gain":0,"max_hp_loss":0,"event_name":"Nest","floor":29,"gold_loss":0},{"cards_removed":["Strike_R"],"damage_healed":0,"gold_gain":0,"player_choice":"Purged","damage_taken":0,"max_hp_gain":0,"max_hp_loss":0,"event_name":"Purifier","floor":31,"gold_loss":0},{"damage_healed":0,"gold_gain":0,"player_choice":"Embrace Madness","damage_taken":11,"max_hp_gain":0,"max_hp_loss":0,"event_name":"Winding Halls","floor":39,"gold_loss":0,"cards_obtained":["Madness","Madness"]}],"is_beta":false,"boss_relics":[{"not_picked":["Snecko Eye","Ectoplasm"],"picked":"Astrolabe"},{"not_picked":["Black Blood","Eternal Feather"],"picked":"Cursed Key"}],"items_purged_floors":[4,13],"is_endless":false,"potions_floor_spawned":[1,8,18,22,33],"killed_by":"Reptomancer","ascension_level":0}