{"gold_per_floor":[114,5,24,39,39,39,83,83,83,127,127,160,160,195,195,315,315,339,355,375,375,375,400,400,431,431,431,445,480,480,115,115,217,217,231,231,76,96,114,146,163,190,213,247,264,290,309,341,341,341,341,341,85,110,110],"floor_reached":56,"playtime":5466,"items_purged":["Strike_R","Strike_R"],"score":1929,"play_id":"2d417023-49be-46f9-955b-92883900f7de","local_time":"20190812200600","is_ascension_mode":true,"campfire_choices":[{"data":"Bash","floor":6.0,"key":"SMITH"},{"data":"Clothesline","floor":8.0,"key":"SMITH"},{"data":"Flame Barrier","floor":11.0,"key":"SMITH"},{"data":"Entrench","floor":15.0,"key":"SMITH"},{"data":"Barricade","floor":24.0,"key":"SMITH"},{"data":"Metallicize","floor":30.0,"key":"SMITH"},{"data":"Inflame","floor":32.0,"key":"SMITH"},{"floor":49,"key":"RECALL"},{"floor":52,"key":"REST"}],"neow_cost":"NONE","seed_source_timestamp":2259621929761098,"circlet_count":0,"master_deck":["Strike_R","Strike_R","Defend_R+1","Defend_R","Defend_R+1","Defend_R","Bash+1","Feed","Clothesline+1","Metallicize+1","Shrug It Off","Rage","Flame Barrier+1","Entrench+1","Disarm+1","Barricade+1","Shrug It Off+1","Iron Wave+1","Burning Pact+1","Disarm+1","Disarm+1","Inflame+1","Good Instincts+1","Warcry+1","Exhume+1","Master of Strategy+1","Purity+1","Bandage Up+1","Entrench+1","Headbutt","Armaments+1","True Grit+1","Ghostly Armor+1","Spot Weakness+1","Body Slam"],"special_seed":0,"relics":["Burning Blood","Bloody Idol","Ornamental Fan","Happy Flower","War Paint","Bag of Preparation","Toxic Egg 2","Busted Crown","Potion Belt","Strawberry","StoneCalendar","Unceasing Top","Champion Belt","Fusion Hammer","Vajra","Calipers","Oddly Smooth Stone","Art of War","Gremlin Horn","Bird Faced Urn","ClockworkSouvenir","Dodecahedron"],"potions_floor_usage":[44,44,55,55,55],"damage_taken":[{"damage":1.0,"enemies":"Cultist","floor":1.0,"turns":4.0},{"damage":7.0,"enemies":"Jaw Worm","floor":3.0,"turns":4.0},{"damage":2.0,"enemies":"2 Louse","floor":4.0,"turns":3.0},{"damage":6.0,"enemies":"Gremlin Nob","floor":7.0,"turns":3.0},{"damage":15.0,"enemies":"Lagavulin","floor":10.0,"turns":10.0},{"damage":16.0,"enemies":"Gremlin Nob","floor":12.0,"turns":5.0},{"damage":28.0,"enemies":"3 Sentries","floor":14.0,"turns":11.0},{"damage":4.0,"enemies":"Hexaghost","floor":16.0,"turns":11.0},{"damage":4.0,"enemies":"Chosen","floor":18.0,"turns":9.0},{"damage":0.0,"enemies":"3 Byrds","floor":19.0,"turns":7.0},{"damage":14.0,"enemies":"Sentry and Sphere","floor":20.0,"turns":19.0},{"damage":2.0,"enemies":"3 Cultists","floor":21.0,"turns":8.0},{"damage":33.0,"enemies":"Slavers","floor":23.0,"turns":10.0},{"damage":20.0,"enemies":"Gremlin Leader","floor":25.0,"turns":17.0},{"damage":0.0,"enemies":"Cultist and Chosen","floor":28.0,"turns":8.0},{"damage":27.0,"enemies":"Slavers","floor":29.0,"turns":7.0},{"damage":0.0,"enemies":"Automaton","floor":33.0,"turns":21.0},{"damage":0.0,"enemies":"Orb Walker","floor":35.0,"turns":6.0},{"damage":6.0,"enemies":"3 Darklings","floor":38.0,"turns":7.0},{"damage":0.0,"enemies":"Spire Growth","floor":39.0,"turns":11.0},{"damage":0.0,"enemies":"Reptomancer","floor":40.0,"turns":15.0},{"damage":11.0,"enemies":"4 Shapes","floor":41.0,"turns":7.0},{"damage":0.0,"enemies":"Giant Head","floor":42.0,"turns":18.0},{"damage":31,"enemies":"Reptomancer","floor":44,"turns":12},{"damage":0,"enemies":"Jaw Worm Horde","floor":45,"turns":7},{"damage":0,"enemies":"Giant Head","floor":46,"turns":15},{"damage":0,"enemies":"Sphere and 2 Shapes","floor":47,"turns":7},{"damage":0,"enemies":"Nemesis","floor":48,"turns":25},{"damage":7,"enemies":"Time Eater","floor":50,"turns":22},{"damage":6,"enemies":"Shield and Spear","floor":54,"turns":17},{"damage":0,"enemies":"The Heart","floor":55,"turns":9}],"seed_played":"-6116597896004199533","potions_obtained":[{"floor":3.0,"key":"SmokeBomb"},{"floor":4.0,"key":"Energy Potion"},{"floor":10.0,"key":"SmokeBomb"},{"floor":14.0,"key":"AttackPotion"},{"floor":16.0,"key":"SkillPotion"},{"floor":18.0,"key":"Poison Potion"},{"floor":19.0,"key":"EssenceOfSteel"},{"floor":23.0,"key":"Dexterity Potion"},{"floor":25.0,"key":"SteroidPotion"},{"floor":28.0,"key":"SteroidPotion"},{"floor":35.0,"key":"SpeedPotion"},{"floor":40.0,"key":"PowerPotion"},{"floor":42.0,"key":"SkillPotion"},{"floor":46,"key":"PowerPotion"},{"floor":47,"key":"Poison Potion"}],"is_trial":false,"path_per_floor":["M","$","M","M","?","R","E","R","T","E","R","E","?","E","R","B",null,"M","M","M","M","?","E","R","E","T","T","M","E","R","$","R","B",null,"M","?","$","M","M","E","M","E","T","E","M","E","M","E","R","B",null,"R","$","E","B",null],"character_chosen":"IRONCLAD","items_purchased":["Metallicize","Disarm+1","Inflame","Good Instincts+1","Warcry+1","Vajra","Body Slam","ClockworkSouvenir"],"campfire_rested":1,"item_purchase_floors":[2,31,31,31,31,37,53,53],"current_hp_per_floor":[83,83,85,89,67,67,70,70,70,61,61,54,54,35,35,37,83,88,97,92,96,96,77,77,75,75,75,89,73,73,73,73,87,114,126,116,116,126,129,132,135,139,139,125,143,147,147,147,147,147,147,147,147,153,153],"gold":110,"neow_bonus":"ONE_RANDOM_RARE_CARD","is_prod":false,"is_daily":false,"chose_seed":false,"campfire_upgraded":7,"win_rate":0,"timestamp":1565633160,"path_taken":["M","$","?","M","?","R","E","R","T","E","R","E","?","E","R","BOSS","M","?","?","M","?","E","R","E","T","?","?","E","R","$","R","BOSS","M","?","$","M","M","E","M","E","T","E","M","E","M","E","R","BOSS","R","$","E","BOSS"],"build_version":"2019-07-18","purchased_purges":2,"victory":true,"max_hp_per_floor":[83,83,86,89,89,89,92,92,92,92,92,95,95,98,98,98,98,101,104,107,107,107,110,110,117,117,117,120,120,120,120,120,123,123,126,126,126,126,129,132,135,139,139,139,143,147,147,147,147,147,147,147,147,153,153],"card_choices":[{"not_picked":["Warcry","Bloodletting"],"picked":"Clothesline","floor":1.0},{"not_picked":["Sword Boomerang","Bloodletting"],"picked":"Shrug It Off","floor":3.0},{"not_picked":["Evolve","Thunderclap","Shrug It Off"],"picked":"SKIP","floor":4.0},{"not_picked":["Rampage","Dark Embrace"],"picked":"Rage","floor":7.0},{"not_picked":["True Grit","Blood for Blood"],"picked":"Flame Barrier","floor":10.0},{"not_picked":["Uppercut","Dark Embrace"],"picked":"Entrench","floor":12.0},{"not_picked":["Reckless Charge","Sever Soul"],"picked":"Disarm","floor":14.0},{"not_picked":["Exhume+1","Fiend Fire"],"picked":"Barricade","floor":16.0},{"not_picked":[],"picked":"Shrug It Off+1","floor":18.0},{"not_picked":["Perfected Strike+1"],"picked":"SKIP","floor":19.0},{"not_picked":[],"picked":"Iron Wave+1","floor":20.0},{"not_picked":["Sentinel+1"],"picked":"SKIP","floor":23.0},{"not_picked":["Dropkick"],"picked":"SKIP","floor":25.0},{"not_picked":[],"picked":"Burning Pact+1","floor":28.0},{"not_picked":[],"picked":"Disarm+1","floor":29.0},{"not_picked":[],"picked":"Exhume+1","floor":33.0},{"not_picked":["Clothesline+1"],"picked":"SKIP","floor":35.0},{"not_picked":[],"picked":"Master of Strategy+1","floor":36.0},{"not_picked":[],"picked":"Purity+1","floor":36.0},{"not_picked":[],"picked":"Bandage Up+1","floor":36.0},{"not_picked":[],"picked":"Entrench+1","floor":38.0},{"not_picked":["Thunderclap"],"picked":"SKIP","floor":39.0},{"not_picked":[],"picked":"Headbutt","floor":40.0},{"not_picked":[],"picked":"Armaments+1","floor":41.0},{"not_picked":["Armaments+1"],"picked":"SKIP","floor":42.0},{"not_picked":[],"picked":"True Grit+1","floor":44},{"not_picked":[],"picked":"Ghostly Armor+1","floor":45},{"not_picked":[],"picked":"Spot Weakness+1","floor":46},{"not_picked":["Cleave+1"],"picked":"SKIP","floor":47},{"not_picked":["Flex+1"],"picked":"SKIP","floor":48},{"not_picked":["Rage+1"],"picked":"SKIP","floor":54}],"player_experience":780927,"relics_obtained":[{"floor":7.0,"key":"Ornamental Fan"},{"floor":9.0,"key":"Happy Flower"},{"floor":10.0,"key":"War Paint"},{"floor":12.0,"key":"Bag of Preparation"},{"floor":14.0,"key":"Toxic Egg 2"},{"floor":23.0,"key":"Potion Belt"},{"floor":25.0,"key":"Strawberry"},{"floor":26.0,"key":"StoneCalendar"},{"floor":27.0,"key":"Unceasing Top"},{"floor":29.0,"key":"Champion Belt"},{"floor":40.0,"key":"Calipers"},{"floor":42.0,"key":"Oddly Smooth Stone"},{"floor":44,"key":"Art of War"},{"floor":46,"key":"Gremlin Horn"},{"floor":48,"key":"Bird Faced Urn"},{"floor":54,"key":"Dodecahedron"}],"event_choices":[{"damage_healed":0.0,"max_hp_gain":0.0,"max_hp_loss":0.0,"gold_gain":0.0,"event_name":"Golden Idol","player_choice":"Take Damage","floor":5.0,"gold_loss":0.0,"damage_taken":22.0,"relics_obtained":["Golden Idol"]},{"cards_removed":["Strike_R"],"damage_healed":0.0,"max_hp_gain":0.0,"max_hp_loss":0.0,"gold_gain":0.0,"event_name":"Bonfire Elementals","player_choice":"Offered Basic","floor":13.0,"gold_loss":0.0,"damage_taken":0.0},{"damage_healed":0.0,"max_hp_gain":0.0,"max_hp_loss":0.0,"gold_gain":0.0,"event_name":"Forgotten Altar","player_choice":"Gave Idol","floor":22.0,"relics_lost":["Golden Idol"],"gold_loss":0.0,"damage_taken":0.0,"relics_obtained":["Bloody Idol"]},{"damage_healed":0.0,"max_hp_gain":0.0,"max_hp_loss":0.0,"gold_gain":0.0,"event_name":"SensoryStone","player_choice":"Memory 3","floor":36.0,"gold_loss":0.0,"damage_taken":10.0}],"is_beta":true,"boss_relics":[{"not_picked":["Lizard Tail","Astrolabe"],"picked":"Busted Crown"},{"not_picked":["Empty Cage","Tiny House"],"picked":"Fusion Hammer"}],"items_purged_floors":[2,31],"is_endless":false,"potions_floor_spawned":[3,4,10,14,16,18,19,23,25,28,35,40,42,46,47],"ascension_level":5}