{"gold_per_floor":[110,75,95,109,34,68,143,161,161,161,192,192,205,223,223,322,322,342,354,3,103,114,114],"floor_reached":23,"playtime":2378,"items_purged":["Writhe"],"score":203,"play_id":"3b398e04-fbb6-4fd6-bc49-5c78221685ee","local_time":"20190803223144","is_ascension_mode":false,"campfire_choices":[{"data":"Phantasmal Killer","floor":10,"key":"SMITH"},{"floor":12,"key":"REST"},{"data":"Well Laid Plans","floor":15,"key":"SMITH"}],"neow_cost":"CURSE","seed_source_timestamp":1556140893861700,"circlet_count":0,"master_deck":["Strike_G","Strike_G","Strike_G","Strike_G","Defend_G","Defend_G","Defend_G","Defend_G","Survivor","Neutralize","Phantasmal Killer+1","All Out Attack","PiercingWail","Noxious Fumes","Dagger Throw","Blade Dance","Prepared","Noxious Fumes","Well Laid Plans+1","PiercingWail","Envenom","Bane+1","Endless Agony","Noxious Fumes","Bandage Up","Escape Plan","Backflip+1"],"relics":["Ring of the Snake","Question Card","Mercury Hourglass","Oddly Smooth Stone","Cursed Key","PreservedInsect"],"potions_floor_usage":[6,16,23],"damage_taken":[{"damage":8,"enemies":"Small Slimes","floor":1,"turns":6},{"damage":0,"enemies":"2 Louse","floor":3,"turns":2},{"damage":3,"enemies":"Jaw Worm","floor":4,"turns":5},{"damage":12,"enemies":"Gremlin Nob","floor":6,"turns":4},{"damage":4,"enemies":"Exordium Thugs","floor":8,"turns":5},{"damage":25,"enemies":"3 Sentries","floor":11,"turns":6},{"damage":3,"enemies":"Blue Slaver","floor":13,"turns":2},{"damage":0,"enemies":"2 Fungi Beasts","floor":14,"turns":3},{"damage":10,"enemies":"Slime Boss","floor":16,"turns":5},{"damage":0,"enemies":"3 Byrds","floor":18,"turns":4},{"damage":25,"enemies":"Chosen","floor":19,"turns":5},{"damage":35,"enemies":"Snecko","floor":22,"turns":6},{"damage":17,"enemies":"Slavers","floor":23,"turns":1}],"seed_played":"1342251933739981301","potions_obtained":[{"floor":1,"key":"SteroidPotion"},{"floor":8,"key":"FearPotion"},{"floor":16,"key":"SteroidPotion"},{"floor":22,"key":"AttackPotion"}],"is_trial":false,"path_per_floor":["M","?","M","M","$","E","?","M","T","R","E","R","M","M","R","B",null,"M","M","$","?","M","E"],"character_chosen":"THE_SILENT","items_purchased":["Noxious Fumes","Bandage Up","Escape Plan","PreservedInsect"],"campfire_rested":1,"item_purchase_floors":[20,20,20,20],"current_hp_per_floor":[62,70,70,67,67,55,44,40,40,40,15,36,33,33,33,23,70,70,45,45,45,10,0],"gold":114,"neow_bonus":"TRANSFORM_TWO_CARDS","is_prod":false,"is_daily":false,"chose_seed":false,"campfire_upgraded":2,"win_rate":0.0,"timestamp":1564860704,"path_taken":["M","?","M","M","$","E","?","M","T","R","E","R","M","M","R","BOSS","M","M","$","?","M","E"],"build_version":"2019-07-17","purchased_purges":1,"victory":false,"max_hp_per_floor":[70,70,70,70,70,70,70,70,70,70,70,70,70,70,70,70,70,70,70,70,70,70,70],"card_choices":[{"not_picked":["Slice","Catalyst"],"picked":"PiercingWail","floor":1},{"not_picked":["Blade Dance","Backflip"],"picked":"Noxious Fumes","floor":3},{"not_picked":["Outmaneuver","Masterful Stab"],"picked":"Dagger Throw","floor":4},{"not_picked":["Dagger Throw","Acrobatics"],"picked":"Blade Dance","floor":6},{"not_picked":["Reflex","Blade Dance","Blur"],"picked":"Prepared","floor":8},{"not_picked":["Acrobatics","Backflip","Choke"],"picked":"Noxious Fumes","floor":11},{"not_picked":["Caltrops","Deadly Poison","Acrobatics"],"picked":"Well Laid Plans","floor":13},{"not_picked":["Blur","Outmaneuver","Envenom"],"picked":"PiercingWail","floor":14},{"not_picked":["Tools of the Trade","Phantasmal Killer","Doppelganger"],"picked":"Envenom","floor":16},{"not_picked":["Outmaneuver","Dodge and Roll+1","Backflip+1"],"picked":"Bane+1","floor":18},{"not_picked":["Blur","Envenom","Dagger Throw"],"picked":"Endless Agony","floor":19},{"not_picked":["Caltrops","Quick Slash+1","Acrobatics"],"picked":"Backflip+1","floor":22}],"player_experience":31082,"relics_obtained":[{"floor":6,"key":"Question Card"},{"floor":9,"key":"Mercury Hourglass"},{"floor":11,"key":"Oddly Smooth Stone"}],"event_choices":[{"damage_healed":17,"gold_gain":0,"player_choice":"Healed","damage_taken":0,"max_hp_gain":0,"max_hp_loss":0,"event_name":"The Cleric","floor":2,"gold_loss":35},{"damage_healed":0,"gold_gain":75,"player_choice":"Gather Gold","damage_taken":11,"max_hp_gain":0,"max_hp_loss":0,"event_name":"World of Goop","floor":7,"gold_loss":0},{"damage_healed":0,"gold_gain":100,"player_choice":"Pray","damage_taken":0,"max_hp_gain":0,"max_hp_loss":0,"event_name":"Golden Shrine","floor":21,"gold_loss":0}],"is_beta":false,"boss_relics":[{"not_picked":["Ectoplasm","Sozu"],"picked":"Cursed Key"}],"items_purged_floors":[5],"is_endless":false,"potions_floor_spawned":[1,8,16,22],"killed_by":"Slavers","ascension_level":0}