{"gold_per_floor":[113,130,9,19,31,59,21,21,21,51,51,63,76,90,90,188,188,201,215,215,215,140,140,172,271,342,342,417,432,71,90,90,90],"floor_reached":33,"playtime":2518,"items_purged":["Strike_B","Strike_B"],"score":302,"play_id":"d8d165eb-8204-4fbb-a575-46cfede72f4f","local_time":"20190810100412","is_ascension_mode":false,"campfire_choices":[{"floor":8,"key":"REST"},{"floor":11,"key":"REST"},{"floor":15,"key":"REST"},{"floor":23,"key":"REST"},{"floor":27,"key":"REST"},{"floor":32,"key":"REST"}],"neow_cost":"TEN_PERCENT_HP_LOSS","seed_source_timestamp":722697072635536,"circlet_count":0,"master_deck":["Strike_B","Strike_B","Defend_B","Defend_B","Defend_B","Zap","Dualcast","Secret Technique","Deep Breath","Barrage","Chill","Ball Lightning","Redo","Ball Lightning","Reboot","Capacitor","Storm","All For One","Defragment","Hologram","Defragment","Go for the Eyes","Ball Lightning","Biased Cognition","Go for the Eyes","Redo+1","Gash+1","Gash","Gash+1","Self Repair","FTL","Defragment","FTL+1","Ball Lightning"],"relics":["Cracked Core","Dream Catcher","Dodecahedron","Sozu","Bottled Lightning","Symbiotic Virus","Happy Flower"],"potions_floor_usage":[],"damage_taken":[{"damage":0,"enemies":"Cultist","floor":1,"turns":3},{"damage":1,"enemies":"2 Louse","floor":2,"turns":3},{"damage":1,"enemies":"Jaw Worm","floor":4,"turns":3},{"damage":0,"enemies":"3 Louse","floor":5,"turns":4},{"damage":27,"enemies":"3 Sentries","floor":6,"turns":7},{"damage":29,"enemies":"Lagavulin","floor":10,"turns":5},{"damage":6,"enemies":"2 Fungi Beasts","floor":12,"turns":3},{"damage":13,"enemies":"Large Slime","floor":13,"turns":5},{"damage":0,"enemies":"Exordium Thugs","floor":14,"turns":5},{"damage":15,"enemies":"Slime Boss","floor":16,"turns":9},{"damage":19,"enemies":"2 Thieves","floor":18,"turns":4},{"damage":13,"enemies":"Shell Parasite","floor":19,"turns":3},{"damage":25,"enemies":"Book of Stabbing","floor":24,"turns":4},{"damage":11,"enemies":"Centurion and Healer","floor":29,"turns":6},{"damage":0,"enemies":"Chosen and Byrds","floor":31,"turns":5},{"damage":73,"enemies":"Automaton","floor":33,"turns":6}],"seed_played":"-675141407429398590","potions_obtained":[{"floor":2,"key":"Block Potion"},{"floor":5,"key":"AttackPotion"},{"floor":10,"key":"Fire Potion"},{"floor":14,"key":"EssenceOfSteel"}],"is_trial":false,"path_per_floor":["M","M","$","M","M","E","$","R","T","E","R","M","M","M","R","B",null,"M","M","?","?","?","R","E","?","T","R","?","M","$","M","R","B"],"character_chosen":"DEFECT","items_purchased":["Ball Lightning","Capacitor","FTL","Defragment","Happy Flower"],"campfire_rested":6,"item_purchase_floors":[3,7,30,30,30],"current_hp_per_floor":[68,67,67,66,66,39,39,59,59,30,50,44,31,31,51,36,68,49,36,24,24,24,45,20,20,20,41,34,23,23,30,51,0],"gold":90,"neow_bonus":"RANDOM_COLORLESS_2","is_prod":false,"is_daily":false,"chose_seed":false,"campfire_upgraded":0,"win_rate":0,"timestamp":1565424252,"path_taken":["M","M","?","M","M","E","$","R","T","E","R","M","M","?","R","BOSS","M","M","?","?","?","R","E","?","T","R","?","M","$","M","R","BOSS"],"build_version":"2019-07-17","purchased_purges":2,"victory":false,"max_hp_per_floor":[68,68,68,68,68,68,68,68,68,68,68,68,68,68,68,68,68,68,68,73,73,73,73,73,73,73,73,73,73,73,73,73,73],"card_choices":[{"not_picked":["Hologram","Streamline"],"picked":"Barrage","floor":1},{"not_picked":["Streamline","Coolheaded"],"picked":"Chill","floor":2},{"not_picked":["Skim","Chaos"],"picked":"Redo","floor":4},{"not_picked":["Storm","Barrage"],"picked":"Ball Lightning","floor":5},{"not_picked":["Leap","Barrage"],"picked":"Reboot","floor":6},{"not_picked":["Redo","Turbo"],"picked":"Storm","floor":8},{"not_picked":["Steam","Compile Driver"],"picked":"All For One","floor":10},{"not_picked":["Gash","Tempest"],"picked":"Defragment","floor":11},{"not_picked":["Compile Driver","Rebound"],"picked":"Hologram","floor":12},{"not_picked":["Melter","Chaos"],"picked":"Defragment","floor":13},{"not_picked":["Hologram","Force Field"],"picked":"Go for the Eyes","floor":14},{"not_picked":["Reprogram","Barrage"],"picked":"Ball Lightning","floor":15},{"not_picked":["Multi-Cast","Core Surge"],"picked":"Biased Cognition","floor":16},{"not_picked":["Force Field","Leap+1"],"picked":"Go for the Eyes","floor":18},{"not_picked":["Compile Driver","Fusion"],"picked":"Redo+1","floor":19},{"not_picked":["Stack+1","Tempest"],"picked":"Gash+1","floor":23},{"not_picked":["Hologram","Streamline"],"picked":"Gash","floor":24},{"not_picked":["Reboot","Redo"],"picked":"Gash+1","floor":27},{"not_picked":["Skim+1","Double Energy"],"picked":"Self Repair","floor":29},{"not_picked":["Sunder+1","White Noise"],"picked":"FTL+1","floor":31},{"not_picked":["Genetic Algorithm","Redo"],"picked":"Ball Lightning","floor":32}],"player_experience":224844,"relics_obtained":[{"floor":6,"key":"Dream Catcher"},{"floor":10,"key":"Dodecahedron"},{"floor":24,"key":"Bottled Lightning"},{"floor":26,"key":"Symbiotic Virus"}],"event_choices":[{"damage_healed":0,"gold_gain":0,"player_choice":"Shed Blood","damage_taken":17,"max_hp_gain":5,"max_hp_loss":0,"event_name":"Forgotten Altar","floor":20,"gold_loss":0},{"damage_healed":0,"gold_gain":0,"player_choice":"Ignored","damage_taken":0,"max_hp_gain":0,"max_hp_loss":0,"event_name":"Ghosts","floor":21,"gold_loss":0},{"cards_removed":["Defend_B"],"damage_healed":0,"gold_gain":0,"player_choice":"Gave Gold","damage_taken":0,"max_hp_gain":0,"max_hp_loss":0,"event_name":"Beggar","floor":22,"gold_loss":75},{"damage_healed":0,"gold_gain":99,"player_choice":"Stole From Cult","damage_taken":0,"max_hp_gain":0,"max_hp_loss":0,"event_name":"Nest","floor":25,"gold_loss":0},{"damage_healed":0,"gold_gain":75,"player_choice":"Touch","damage_taken":7,"max_hp_gain":0,"max_hp_loss":0,"event_name":"FaceTrader","floor":28,"gold_loss":0}],"is_beta":false,"boss_relics":[{"not_picked":["Velvet Choker","Busted Crown"],"picked":"Sozu"}],"items_purged_floors":[3,30],"is_endless":false,"potions_floor_spawned":[2,5,10,14,19,29],"killed_by":"Automaton","ascension_level":0}