{"gold_per_floor":[110,110,127,138,138,173,173,192,192,192,209,209,224,28,28,124,124,139,158,188,188,287,287,319,331,331,356,356,23,41,61,61,163,163,178,178,194,21,37,65,78,78,78,92,110,110,332,345,345,345],"floor_reached":51,"playtime":4383,"items_purged":["Writhe"],"score":851,"play_id":"12e4dc37-5f81-47e0-b0b0-88f1ea409b58","local_time":"20190804004657","is_ascension_mode":false,"campfire_choices":[{"data":"Adrenaline","floor":7,"key":"SMITH"},{"data":"Deflect","floor":10,"key":"SMITH"},{"data":"Deadly Poison","floor":12,"key":"SMITH"},{"data":"Bouncing Flask","floor":15,"key":"SMITH"},{"data":"Catalyst","floor":23,"key":"SMITH"},{"floor":28,"key":"REST"},{"floor":32,"key":"REST"},{"data":"Corpse Explosion","floor":42,"key":"SMITH"},{"data":"Backflip","floor":46,"key":"SMITH"},{"data":"PiercingWail","floor":49,"key":"SMITH"}],"neow_cost":"NONE","seed_source_timestamp":1562230869821800,"circlet_count":0,"master_deck":["Strike_G","Strike_G","Strike_G","Strike_G","Strike_G","Defend_G","Defend_G","Defend_G","Defend_G+1","Defend_G","Survivor","Neutralize+1","Heel Hook","Backflip+1","Deadly Poison+1","Adrenaline+1","Deflect+1","Deadly Poison","PiercingWail+1","Noxious Fumes","Bouncing Flask+1","Flying Knee","Corpse Explosion+1","Catalyst+1","Quick Slash+1","Blur","Sucker Punch+1","Deflect+1","Footwork","Secret Technique+1","Deadly Poison+1","Deflect+1","Burst+1","Adrenaline+1","Crippling Poison+1","Deflect+1","PiercingWail+1","Footwork","Backflip+1","Bouncing Flask+1","Poisoned Stab+1","Escape Plan+1","Bullet Time+1"],"relics":["Ring of the Snake","PreservedInsect","Strawberry","Dodecahedron","Bag of Marbles","Eternal Feather","Red Mask","Nilry\u0027s Codex","Bag of Preparation","Toxic Egg 2","Lantern","Sozu","Anchor","Meat on the Bone"],"potions_floor_usage":[6,16,20,20,33,50,50],"damage_taken":[{"damage":0,"enemies":"Jaw Worm","floor":1,"turns":6},{"damage":0,"enemies":"2 Louse","floor":3,"turns":3},{"damage":0,"enemies":"Cultist","floor":4,"turns":3},{"damage":10,"enemies":"Lagavulin","floor":6,"turns":6},{"damage":0,"enemies":"Looter","floor":8,"turns":3},{"damage":3,"enemies":"2 Fungi Beasts","floor":11,"turns":4},{"damage":0,"enemies":"Blue Slaver","floor":13,"turns":3},{"damage":1,"enemies":"Hexaghost","floor":16,"turns":6},{"damage":0,"enemies":"3 Byrds","floor":18,"turns":2},{"damage":2,"enemies":"Shell Parasite","floor":19,"turns":3},{"damage":23,"enemies":"Masked Bandits","floor":20,"turns":5},{"damage":17,"enemies":"Gremlin Leader","floor":24,"turns":5},{"damage":22,"enemies":"Centurion and Healer","floor":25,"turns":6},{"damage":0,"enemies":"Cultist and Chosen","floor":30,"turns":3},{"damage":0,"enemies":"Chosen and Byrds","floor":31,"turns":3},{"damage":0,"enemies":"Collector","floor":33,"turns":2},{"damage":3,"enemies":"3 Darklings","floor":35,"turns":3},{"damage":0,"enemies":"Orb Walker","floor":37,"turns":2},{"damage":0,"enemies":"Writhing Mass","floor":39,"turns":2},{"damage":0,"enemies":"Nemesis","floor":40,"turns":4},{"damage":0,"enemies":"Jaw Worm Horde","floor":41,"turns":2},{"damage":0,"enemies":"Spire Growth","floor":44,"turns":3},{"damage":0,"enemies":"3 Darklings","floor":45,"turns":2},{"damage":0,"enemies":"4 Shapes","floor":48,"turns":1},{"damage":0,"enemies":"Donu and Deca","floor":50,"turns":3}],"seed_played":"-4497211835224387868","potions_obtained":[{"floor":1,"key":"PowerPotion"},{"floor":4,"key":"PowerPotion"},{"floor":6,"key":"Explosive Potion"},{"floor":13,"key":"Explosive Potion"},{"floor":19,"key":"SkillPotion"},{"floor":30,"key":"GamblersBrew"},{"floor":33,"key":"Dexterity Potion"}],"is_trial":false,"path_per_floor":["M","?","M","M","?","E","R","M","T","R","M","R","M","$","R","B",null,"M","M","?","?","?","R","E","M","T","T","R","$","M","M","R","B",null,"M","?","M","$","M","E","M","R","T","M","M","R","?","M","R","B",null],"character_chosen":"THE_SILENT","items_purchased":["Noxious Fumes","Bouncing Flask","Flying Knee","Deflect+1","Footwork","Secret Technique+1","Deadly Poison+1","PiercingWail+1","Footwork"],"campfire_rested":2,"item_purchase_floors":[14,14,14,29,29,29,29,38,38],"current_hp_per_floor":[70,56,56,56,63,53,53,53,53,53,50,50,50,50,50,49,77,77,75,52,36,36,51,34,12,12,12,50,50,50,50,77,77,77,74,77,77,77,77,77,77,77,77,77,77,77,77,77,77,77],"gold":345,"neow_bonus":"RANDOM_COMMON_RELIC","is_prod":false,"is_daily":false,"chose_seed":false,"campfire_upgraded":8,"win_rate":0.0,"timestamp":1564868817,"path_taken":["M","?","M","M","?","E","R","M","T","R","?","R","M","$","R","BOSS","M","M","?","?","?","R","E","M","T","?","R","$","?","M","R","BOSS","M","?","M","$","M","E","M","R","T","M","M","R","?","M","R","BOSS"],"build_version":"2019-07-17","purchased_purges":1,"victory":true,"max_hp_per_floor":[70,70,70,70,77,77,77,77,77,77,77,77,77,77,77,77,77,77,77,77,77,77,77,77,77,77,77,77,77,77,77,77,77,77,77,77,77,77,77,77,77,77,77,77,77,77,77,77,77,77],"card_choices":[{"not_picked":["Dodge and Roll","Blur"],"picked":"Heel Hook","floor":1},{"not_picked":["Bane","Flechettes"],"picked":"Backflip","floor":3},{"not_picked":["Tactician","Backflip"],"picked":"Deadly Poison","floor":4},{"not_picked":["Blade Dance","Backflip"],"picked":"Adrenaline","floor":6},{"not_picked":["Outmaneuver","Expertise"],"picked":"Deflect","floor":8},{"not_picked":["Dagger Throw","Outmaneuver"],"picked":"Deadly Poison","floor":11},{"not_picked":["Predator","Calculated Gamble"],"picked":"PiercingWail","floor":13},{"not_picked":["Burst","A Thousand Cuts"],"picked":"Corpse Explosion","floor":16},{"not_picked":["Flechettes","Underhanded Strike"],"picked":"Catalyst","floor":18},{"not_picked":["Flying Knee","Slice"],"picked":"Quick Slash+1","floor":19},{"not_picked":["Outmaneuver","Acrobatics"],"picked":"Blur","floor":20},{"not_picked":["Choke+1","Dagger Throw"],"picked":"Sucker Punch+1","floor":24},{"not_picked":["Expertise","Acrobatics","Poisoned Stab"],"picked":"SKIP","floor":25},{"not_picked":["Slice","Backflip+1"],"picked":"Deflect+1","floor":30},{"not_picked":["Masterful Stab","Dagger Spray"],"picked":"Burst+1","floor":31},{"not_picked":["Malaise+1","Tools of the Trade"],"picked":"Adrenaline+1","floor":33},{"not_picked":["Deflect+1","Skewer"],"picked":"Crippling Poison+1","floor":35},{"not_picked":["Bane+1","Flying Knee"],"picked":"Deflect+1","floor":37},{"not_picked":["Noxious Fumes+1","Deflect+1"],"picked":"Backflip+1","floor":39},{"not_picked":["Noxious Fumes+1","Dagger Spray+1"],"picked":"Bouncing Flask+1","floor":40},{"not_picked":["Eviscerate+1","Blade Dance+1"],"picked":"Poisoned Stab+1","floor":41},{"not_picked":["Flechettes","Backflip+1"],"picked":"Escape Plan+1","floor":44},{"not_picked":["Dagger Spray","Leg Sweep+1","Quick Slash+1"],"picked":"SKIP","floor":45},{"not_picked":["Deflect+1","Leg Sweep+1"],"picked":"Bullet Time+1","floor":48}],"player_experience":37146,"relics_obtained":[{"floor":5,"key":"Strawberry"},{"floor":6,"key":"Dodecahedron"},{"floor":9,"key":"Bag of Marbles"},{"floor":20,"key":"Red Mask"},{"floor":21,"key":"Nilry\u0027s Codex"},{"floor":24,"key":"Bag of Preparation"},{"floor":26,"key":"Toxic Egg 2"},{"floor":27,"key":"Lantern"},{"floor":40,"key":"Anchor"},{"floor":43,"key":"Meat on the Bone"}],"event_choices":[{"damage_healed":0,"gold_gain":0,"player_choice":"Entered Light","damage_taken":14,"max_hp_gain":0,"max_hp_loss":0,"event_name":"Shining Light","floor":2,"gold_loss":0,"cards_upgraded":["Defend_G","Neutralize"]},{"damage_healed":0,"gold_gain":0,"player_choice":"Relic","damage_taken":0,"max_hp_gain":0,"max_hp_loss":0,"event_name":"Wheel of Change","floor":5,"gold_loss":0},{"damage_healed":0,"gold_gain":0,"player_choice":"Fought Bandits","damage_taken":0,"max_hp_gain":0,"max_hp_loss":0,"event_name":"Masked Bandits","floor":20,"gold_loss":0},{"damage_healed":0,"gold_gain":0,"player_choice":"Obtained Book","damage_taken":16,"max_hp_gain":0,"max_hp_loss":0,"event_name":"Cursed Tome","floor":21,"gold_loss":0},{"damage_healed":0,"gold_gain":99,"player_choice":"Stole From Cult","damage_taken":0,"max_hp_gain":0,"max_hp_loss":0,"event_name":"Nest","floor":22,"gold_loss":0},{"damage_healed":19,"gold_gain":0,"player_choice":"Writhe","damage_taken":0,"max_hp_gain":0,"max_hp_loss":0,"event_name":"Winding Halls","floor":36,"gold_loss":0,"cards_obtained":["Writhe"]},{"damage_healed":0,"gold_gain":222,"player_choice":"Wore Mask","damage_taken":0,"max_hp_gain":0,"max_hp_loss":0,"event_name":"Tomb of Lord Red Mask","floor":47,"gold_loss":0}],"is_beta":false,"boss_relics":[{"not_picked":["Velvet Choker","Coffee Dripper"],"picked":"Eternal Feather"},{"not_picked":["Fusion Hammer","Busted Crown"],"picked":"Sozu"}],"items_purged_floors":[38],"is_endless":false,"potions_floor_spawned":[1,4,6,13,19,30,33,37,39,44],"ascension_level":0}