{"gold_per_floor":[114,114,141,155,171,198,198,233,282,282,87,87,108,122,122,243,243,266,279,302,27,52,72,72,72],"floor_reached":25,"playtime":1675,"items_purged":["Injury","Defend_B"],"score":215,"play_id":"e2a74cc0-740d-449b-8ee6-83170ce421d8","local_time":"20190810103305","is_ascension_mode":false,"campfire_choices":[{"floor":12,"key":"REST"},{"data":"Dualcast","floor":15,"key":"SMITH"}],"neow_cost":"NONE","seed_source_timestamp":725272906391052,"circlet_count":0,"master_deck":["Strike_B+1","Defend_B","Defend_B","Defend_B","Zap+1","Dualcast+1","Gash","Scrape+1","Go for the Eyes","Flash of Steel","Go for the Eyes","Go for the Eyes","Electrodynamics","Core Surge+1","Sunder+1","Echo Form+1","Recycle+1","Gash+1","Gash","Steam","Conserve Battery+1","Coolheaded","Necronomicurse"],"relics":["Cracked Core","Bird Faced Urn","Lantern","Strawberry","StoneCalendar","Boot","Golden Idol","Astrolabe","Bronze Scales","Necronomicon"],"potions_floor_usage":[8,25],"damage_taken":[{"damage":0,"enemies":"Cultist","floor":1,"turns":3},{"damage":6,"enemies":"Jaw Worm","floor":4,"turns":2},{"damage":0,"enemies":"2 Louse","floor":5,"turns":2},{"damage":35,"enemies":"Lagavulin","floor":6,"turns":6},{"damage":18,"enemies":"3 Sentries","floor":8,"turns":6},{"damage":0,"enemies":"2 Fungi Beasts","floor":13,"turns":2},{"damage":0,"enemies":"3 Louse","floor":14,"turns":2},{"damage":26,"enemies":"Slime Boss","floor":16,"turns":7},{"damage":8,"enemies":"Shell Parasite","floor":18,"turns":4},{"damage":6,"enemies":"Chosen","floor":19,"turns":3},{"damage":24,"enemies":"Snecko","floor":20,"turns":4},{"damage":19,"enemies":"Centurion and Healer","floor":22,"turns":3},{"damage":15,"enemies":"Snake Plant","floor":23,"turns":3},{"damage":14,"enemies":"Sentry and Sphere","floor":25,"turns":3}],"seed_played":"-2966989534426690826","potions_obtained":[{"floor":4,"key":"Swift Potion"},{"floor":5,"key":"SneckoOil"},{"floor":13,"key":"SkillPotion"},{"floor":20,"key":"SteroidPotion"}],"is_trial":false,"path_per_floor":["M","?","T","M","M","E","?","E","T","?","$","R","M","M","R","B",null,"M","M","M","$","M","M","?","M"],"character_chosen":"DEFECT","items_purchased":["Flash of Steel","Go for the Eyes","Bronze Scales","Steam"],"campfire_rested":1,"item_purchase_floors":[11,11,21,21],"current_hp_per_floor":[75,72,72,66,66,38,22,4,4,4,4,28,28,28,28,2,82,74,70,48,48,31,22,6,0],"gold":72,"neow_bonus":"UPGRADE_CARD","is_prod":false,"is_daily":false,"chose_seed":false,"campfire_upgraded":1,"win_rate":0,"timestamp":1565425985,"path_taken":["M","?","?","M","M","E","?","E","T","?","$","R","M","M","R","BOSS","M","M","M","$","M","M","?","M"],"build_version":"2019-07-17","purchased_purges":2,"victory":false,"max_hp_per_floor":[75,75,75,75,75,82,82,82,82,82,82,82,82,82,82,82,82,82,82,82,82,82,82,82,82],"card_choices":[{"not_picked":["Turbo","Fusion","Hello World"],"picked":"SKIP","floor":1},{"not_picked":["Recycle","Sweeping Beam","Compile Driver"],"picked":"SKIP","floor":4},{"not_picked":["Conserve Battery","Turbo"],"picked":"Gash","floor":5},{"not_picked":["Skim","Darkness"],"picked":"Scrape","floor":6},{"not_picked":["Meteor Strike","Steam"],"picked":"Go for the Eyes","floor":8},{"not_picked":["Double Energy","Barrage"],"picked":"Go for the Eyes","floor":13},{"not_picked":["Undo","Aggregate","Blizzard"],"picked":"SKIP","floor":14},{"not_picked":["Reboot","Multi-Cast"],"picked":"Electrodynamics","floor":16},{"not_picked":["Barrage+1","Sweeping Beam"],"picked":"Recycle+1","floor":18},{"not_picked":["Conserve Battery+1","Storm"],"picked":"Gash+1","floor":19},{"not_picked":["Scrape","Barrage"],"picked":"Gash","floor":20},{"not_picked":["Loop+1","Undo+1"],"picked":"Conserve Battery+1","floor":22},{"not_picked":["Double Energy","Heatsinks"],"picked":"Coolheaded","floor":23}],"player_experience":227362,"relics_obtained":[{"floor":3,"key":"Lantern"},{"floor":6,"key":"Strawberry"},{"floor":8,"key":"StoneCalendar"},{"floor":9,"key":"Boot"},{"floor":24,"key":"Necronomicon"}],"event_choices":[{"damage_healed":0,"gold_gain":0,"player_choice":"Success","damage_taken":3,"relics_obtained":["Bird Faced Urn"],"max_hp_gain":0,"max_hp_loss":0,"event_name":"Scrap Ooze","floor":2,"gold_loss":0},{"damage_healed":0,"gold_gain":0,"player_choice":"Entered Light","damage_taken":16,"max_hp_gain":0,"max_hp_loss":0,"event_name":"Shining Light","floor":7,"gold_loss":0,"cards_upgraded":["Scrape","Strike_B"]},{"damage_healed":0,"gold_gain":0,"player_choice":"Take Wound","damage_taken":0,"relics_obtained":["Golden Idol"],"max_hp_gain":0,"max_hp_loss":0,"event_name":"Golden Idol","floor":10,"gold_loss":0,"cards_obtained":["Injury"]},{"damage_healed":0,"gold_gain":0,"player_choice":"Obtained Book","damage_taken":16,"max_hp_gain":0,"max_hp_loss":0,"event_name":"Cursed Tome","floor":24,"gold_loss":0}],"is_beta":false,"boss_relics":[{"not_picked":["Runic Dome","Tiny House"],"picked":"Astrolabe"}],"items_purged_floors":[11,21],"is_endless":false,"potions_floor_spawned":[4,5,13,20,22,23],"killed_by":"Sentry and Sphere","ascension_level":0}