{"gold_per_floor":[110,123,123,135,60,60,80,116,161,161,180,201,50,125,125,125],"floor_reached":16,"playtime":962,"items_purged":["Strike_G"],"score":190,"play_id":"241099f1-a07b-45d3-9861-714be560092f","local_time":"20190704212543","is_ascension_mode":true,"campfire_choices":[{"data":"Well Laid Plans","floor":6.0,"key":"SMITH"},{"floor":10.0,"key":"REST"},{"floor":15,"key":"REST"}],"neow_cost":"NONE","seed_source_timestamp":133353642881,"circlet_count":0,"master_deck":["AscendersBane","Strike_G","Strike_G","Strike_G","Strike_G","Defend_G","Defend_G","Defend_G","Defend_G","Defend_G","Survivor","Neutralize","Venomology","Deadly Poison","Sucker Punch","Well Laid Plans+1","Bane","Poisoned Stab","Die Die Die","Poisoned Stab","Backstab","Poisoned Stab"],"special_seed":0,"relics":["Ring of the Snake","MawBank","Golden Idol","Juzu Bracelet","Dream Catcher"],"potions_floor_usage":[12,16],"damage_taken":[{"damage":6.0,"enemies":"Small Slimes","floor":1.0,"turns":7.0},{"damage":0.0,"enemies":"2 Louse","floor":2.0,"turns":3.0},{"damage":7.0,"enemies":"Jaw Worm","floor":7.0,"turns":4.0},{"damage":22.0,"enemies":"Gremlin Nob","floor":8.0,"turns":4.0},{"damage":13.0,"enemies":"Exordium Wildlife","floor":11.0,"turns":5.0},{"damage":0,"enemies":"3 Louse","floor":12,"turns":2},{"damage":33,"enemies":"Slime Boss","floor":16,"turns":7}],"seed_played":"5581659943272698048","potions_obtained":[{"floor":1.0,"key":"Poison Potion"},{"floor":8.0,"key":"Energy Potion"}],"is_trial":false,"path_per_floor":["M","M","?","?","$","R","M","E","T","R","M","M","$","?","R","B"],"character_chosen":"THE_SILENT","items_purchased":["Well Laid Plans","Backstab"],"campfire_rested":2,"item_purchase_floors":[5,13],"current_hp_per_floor":[53,53,48,48,48,48,41,19,19,37,24,24,24,13,31,0],"gold":125,"neow_bonus":"ONE_RANDOM_RARE_CARD","is_prod":false,"is_daily":false,"chose_seed":false,"campfire_upgraded":1,"win_rate":0,"timestamp":1562289943,"path_taken":["M","M","?","?","?","R","?","E","T","R","M","M","$","?","R","BOSS"],"build_version":"2019-07-01","purchased_purges":1,"victory":false,"max_hp_per_floor":[66,66,66,60,60,60,60,60,60,60,60,60,60,60,60,60],"card_choices":[{"not_picked":["Deflect","Flying Knee"],"picked":"Deadly Poison","floor":1.0},{"not_picked":["Deflect","Flechettes"],"picked":"Sucker Punch","floor":2.0},{"not_picked":["Poisoned Stab","Outmaneuver"],"picked":"Bane","floor":7.0},{"not_picked":["Setup","Quick Slash"],"picked":"Poisoned Stab","floor":8.0},{"not_picked":["Dodge and Roll","Acrobatics"],"picked":"Die Die Die","floor":10.0},{"not_picked":["Outmaneuver","Flying Knee"],"picked":"Poisoned Stab","floor":11.0},{"not_picked":["Outmaneuver","Blade Dance","Tactician"],"picked":"SKIP","floor":12},{"not_picked":["PiercingWail","Cloak And Dagger"],"picked":"Poisoned Stab","floor":15}],"player_experience":2384671,"relics_obtained":[{"floor":8.0,"key":"Juzu Bracelet"},{"floor":9.0,"key":"Dream Catcher"}],"event_choices":[{"damage_healed":0.0,"max_hp_gain":0.0,"max_hp_loss":0.0,"gold_gain":0.0,"event_name":"Scrap Ooze","player_choice":"Success","floor":3.0,"gold_loss":0.0,"damage_taken":5.0,"relics_obtained":["MawBank"]},{"damage_healed":0.0,"max_hp_gain":0.0,"max_hp_loss":6.0,"gold_gain":0.0,"event_name":"Golden Idol","player_choice":"Lose Max HP","floor":4.0,"gold_loss":0.0,"damage_taken":0.0,"relics_obtained":["Golden Idol"]},{"damage_healed":0,"gold_gain":75,"player_choice":"Gather Gold","damage_taken":11,"max_hp_gain":0,"max_hp_loss":0,"event_name":"World of Goop","floor":14,"gold_loss":0}],"is_beta":false,"boss_relics":[],"items_purged_floors":[13],"is_endless":false,"potions_floor_spawned":[1,8,12],"killed_by":"Slime Boss","ascension_level":18}