{"gold_per_floor":[214,232,232,243,243,243,275,275,275,301,64,82,82,113,113,212,212,226,226,245,257,43,43,77,77,77,176,211,221,221,144,144,241,241,258,273,273,88,88,88,120,120,120,220,220,220,236,236,236,236],"floor_reached":51,"playtime":2937,"items_purged":["Strike_B"],"score":1143,"play_id":"2561eda1-d936-4024-8fd3-96fe6b8781c8","local_time":"20190721222511","is_ascension_mode":true,"campfire_choices":[{"data":"Defragment","floor":6,"key":"SMITH"},{"floor":8,"key":"REST"},{"floor":15,"key":"REST"},{"floor":23,"key":"REST"},{"data":"Biased Cognition","floor":25,"key":"SMITH"},{"floor":30,"key":"REST"},{"floor":32,"key":"REST"},{"data":"Echo Form","floor":40,"key":"SMITH"},{"floor":42,"key":"REST"},{"data":"Rainbow","floor":45,"key":"SMITH"},{"data":"Panacea","floor":49,"key":"SMITH"}],"neow_cost":"NONE","seed_source_timestamp":80931490882300,"circlet_count":0,"master_deck":["Strike_B","Defend_B","Defend_B","Defend_B","Defend_B","Zap+1","Dualcast","Defragment+1","BootSequence+1","Go for the Eyes","White Noise","Apotheosis+1","Compile Driver","Coolheaded","Multi-Cast","Echo Form+1","Sunder","Double Energy","Biased Cognition+1","Sweeping Beam","Conserve Battery","Chill","Rainbow+1","Stack+1","FTL+1","Loop","Barrage+1","Aggregate+1","Chaos","Panacea+1","Static Discharge+1","Lockon"],"relics":["Cracked Core","StoneCalendar","Pear","DataDisk","Bottled Tornado","Inserter","Darkstone Periapt","Symbiotic Virus","Art of War","Eternal Feather","Dream Catcher","Orichalcum","Ancient Tea Set","Prayer Wheel"],"potions_floor_usage":[7,10,21,21,35,35,35],"damage_taken":[{"damage":9,"enemies":"2 Louse","floor":1,"turns":3},{"damage":0,"enemies":"Small Slimes","floor":2,"turns":3},{"damage":0,"enemies":"Jaw Worm","floor":4,"turns":4},{"damage":14,"enemies":"Gremlin Nob","floor":7,"turns":4},{"damage":25,"enemies":"3 Sentries","floor":10,"turns":7},{"damage":6,"enemies":"Exordium Thugs","floor":12,"turns":4},{"damage":0,"enemies":"Lagavulin","floor":14,"turns":5},{"damage":11,"enemies":"Slime Boss","floor":16,"turns":7},{"damage":6,"enemies":"Spheric Guardian","floor":18,"turns":3},{"damage":3,"enemies":"2 Thieves","floor":20,"turns":4},{"damage":8,"enemies":"Shelled Parasite and Fungi","floor":21,"turns":4},{"damage":12,"enemies":"Gremlin Leader","floor":24,"turns":8},{"damage":25,"enemies":"Book of Stabbing","floor":28,"turns":4},{"damage":12,"enemies":"Cultist and Chosen","floor":29,"turns":4},{"damage":24,"enemies":"Champ","floor":33,"turns":10},{"damage":19,"enemies":"3 Darklings","floor":35,"turns":6},{"damage":10,"enemies":"3 Shapes","floor":36,"turns":4},{"damage":22,"enemies":"Nemesis","floor":41,"turns":7},{"damage":0,"enemies":"Mind Bloom Boss Battle","floor":44,"turns":3},{"damage":6,"enemies":"Spire Growth","floor":47,"turns":5},{"damage":74,"enemies":"Awakened One","floor":50,"turns":11}],"seed_played":"-4633198815378539737","potions_obtained":[{"floor":1,"key":"Poison Potion"},{"floor":4,"key":"EssenceOfSteel"},{"floor":12,"key":"Fire Potion"},{"floor":14,"key":"Swift Potion"},{"floor":24,"key":"SteroidPotion"},{"floor":29,"key":"SpeedPotion"},{"floor":33,"key":"FocusPotion"},{"floor":47,"key":"SmokeBomb"}],"is_trial":false,"path_per_floor":["M","M","?","M","?","R","E","R","T","E","$","M","?","E","R","B",null,"M","?","M","M","$","R","E","R","T","?","E","M","R","$","R","B",null,"M","M","?","$","?","R","E","R","T","?","R","?","M","?","R","B",null],"character_chosen":"DEFECT","items_purchased":["Apotheosis","Compile Driver","Biased Cognition","Chill","Dream Catcher","Loop"],"campfire_rested":6,"item_purchase_floors":[11,11,22,31,38,38],"current_hp_per_floor":[59,59,52,52,37,37,23,45,55,30,30,24,24,24,49,38,73,67,67,64,56,56,81,69,69,69,69,44,32,57,57,82,58,78,59,49,49,49,49,64,42,82,82,82,85,85,79,79,85,11],"gold":236,"neow_bonus":"HUNDRED_GOLD","is_prod":false,"is_daily":false,"chose_seed":false,"campfire_upgraded":5,"win_rate":0,"timestamp":1563762311,"path_taken":["M","M","?","M","?","R","E","R","T","E","$","M","?","E","R","BOSS","M","?","M","?","$","R","E","R","T","?","E","M","R","$","R","BOSS","M","M","?","$","?","R","E","R","T","?","R","?","M","?","R","BOSS"],"build_version":"2019-07-17","purchased_purges":1,"victory":true,"max_hp_per_floor":[75,75,75,75,75,75,75,75,85,85,85,85,85,85,85,85,85,85,85,85,85,85,85,85,85,85,85,85,85,85,85,85,85,85,85,85,85,85,85,85,85,85,85,85,85,85,85,85,85,85],"card_choices":[{"not_picked":["Recycle","Hologram"],"picked":"Defragment","floor":1},{"not_picked":["Streamline","Sweeping Beam"],"picked":"BootSequence","floor":2},{"not_picked":["Turbo","Aggregate","Hologram"],"picked":"SKIP","floor":4},{"not_picked":["Barrage","Streamline"],"picked":"Go for the Eyes","floor":7},{"not_picked":["BootSequence","Turbo"],"picked":"White Noise","floor":10},{"not_picked":["Streamline","Leap"],"picked":"Coolheaded","floor":12},{"not_picked":["Rebound","Hologram"],"picked":"Multi-Cast","floor":14},{"not_picked":["Thunder Strike","Buffer"],"picked":"Echo Form","floor":16},{"not_picked":["Redo","Beam Cell"],"picked":"Sunder","floor":18},{"not_picked":["Rebound","Beam Cell","Hologram"],"picked":"SKIP","floor":20},{"not_picked":["Go for the Eyes","Rebound"],"picked":"Double Energy","floor":21},{"not_picked":["FTL","Creative AI"],"picked":"Sweeping Beam","floor":24},{"not_picked":["Beam Cell","Amplify","Fission"],"picked":"SKIP","floor":28},{"not_picked":["Steam","Reinforced Body"],"picked":"Conserve Battery","floor":29},{"not_picked":["Meteor Strike","Echo Form"],"picked":"Rainbow","floor":33},{"not_picked":["Streamline","Sunder"],"picked":"Stack+1","floor":35},{"not_picked":["Skim+1","Beam Cell+1"],"picked":"FTL+1","floor":36},{"not_picked":["Amplify","Leap+1"],"picked":"Barrage+1","floor":41},{"not_picked":["Streamline","Beam Cell"],"picked":"Aggregate+1","floor":42},{"not_picked":["Turbo","Gash+1"],"picked":"Chaos","floor":44},{"not_picked":["Panache","Bandage Up"],"picked":"Panacea","floor":46},{"not_picked":["Doom and Gloom+1","Steam"],"picked":"Static Discharge+1","floor":47},{"not_picked":["Compile Driver+1","Loop+1"],"picked":"Lockon","floor":47}],"player_experience":345498,"relics_obtained":[{"floor":7,"key":"StoneCalendar"},{"floor":9,"key":"Pear"},{"floor":10,"key":"DataDisk"},{"floor":14,"key":"Bottled Tornado"},{"floor":24,"key":"Darkstone Periapt"},{"floor":26,"key":"Symbiotic Virus"},{"floor":28,"key":"Art of War"},{"floor":41,"key":"Orichalcum"},{"floor":43,"key":"Ancient Tea Set"},{"floor":44,"key":"Prayer Wheel"}],"event_choices":[{"cards_removed":["Strike_B"],"damage_healed":0,"gold_gain":0,"player_choice":"Card Removal","damage_taken":7,"max_hp_gain":0,"max_hp_loss":0,"event_name":"Golden Wing","floor":3,"gold_loss":0},{"damage_healed":0,"gold_gain":0,"player_choice":"Entered Light","damage_taken":15,"max_hp_gain":0,"max_hp_loss":0,"event_name":"Shining Light","floor":5,"gold_loss":0,"cards_upgraded":["BootSequence","Strike_B"]},{"damage_healed":0,"gold_gain":0,"player_choice":"Grow","damage_taken":0,"max_hp_gain":0,"max_hp_loss":0,"event_name":"Living Wall","floor":13,"gold_loss":0,"cards_upgraded":["Apotheosis"]},{"damage_healed":0,"gold_gain":0,"player_choice":"Forge","damage_taken":0,"max_hp_gain":0,"max_hp_loss":0,"event_name":"Accursed Blacksmith","floor":19,"gold_loss":0,"cards_upgraded":["Zap"]},{"damage_healed":0,"gold_gain":99,"player_choice":"Stole From Cult","damage_taken":0,"max_hp_gain":0,"max_hp_loss":0,"event_name":"Nest","floor":27,"gold_loss":0},{"cards_removed":["Strike_B"],"damage_healed":0,"gold_gain":0,"player_choice":"Removed Attack","damage_taken":0,"max_hp_gain":0,"max_hp_loss":0,"event_name":"Falling","floor":37,"gold_loss":0},{"damage_healed":0,"gold_gain":0,"player_choice":"Ignored","damage_taken":0,"max_hp_gain":0,"max_hp_loss":0,"event_name":"Tomb of Lord Red Mask","floor":39,"gold_loss":0},{"damage_healed":0,"gold_gain":0,"player_choice":"Fight","damage_taken":0,"max_hp_gain":0,"max_hp_loss":0,"event_name":"MindBloom","floor":44,"gold_loss":0},{"damage_healed":0,"gold_gain":0,"player_choice":"Memory 1","damage_taken":0,"max_hp_gain":0,"max_hp_loss":0,"event_name":"SensoryStone","floor":46,"gold_loss":0},{"damage_healed":0,"gold_gain":0,"player_choice":"Ignored","damage_taken":0,"max_hp_gain":0,"max_hp_loss":0,"event_name":"SecretPortal","floor":48,"gold_loss":0}],"is_beta":false,"boss_relics":[{"not_picked":["Calling Bell","Ectoplasm"],"picked":"Inserter"},{"not_picked":["Philosopher\u0027s Stone","Snecko Eye"],"picked":"Eternal Feather"}],"items_purged_floors":[22],"is_endless":false,"potions_floor_spawned":[1,4,12,14,24,29,33,47],"ascension_level":8}