{"gold_per_floor":[119,18,37,37,49,49,84,84,107,134,37,37,37,48,48,150,150,165,180,191,204,215,215,235,268,343,355,383,406,438,102,102,198,198,214,214,225,225,240,340,358,386,386,401,139,169,187,197,197,197],"floor_reached":50,"playtime":3821,"items_purged":["Strike_R","Parasite"],"score":582,"play_id":"3b84652d-9399-4c1e-bcd7-e9b62225b555","local_time":"20190808022433","is_ascension_mode":true,"campfire_choices":[{"floor":6,"key":"RECALL"},{"data":"Body Slam","floor":8,"key":"SMITH"},{"floor":12,"key":"REST"},{"data":"Flash of Steel","floor":15,"key":"SMITH"},{"data":"Bash","floor":23,"key":"SMITH"},{"data":"Shrug It Off","floor":32,"key":"SMITH"},{"data":"Juggernaut","floor":49,"key":"SMITH"}],"neow_cost":"NONE","seed_source_timestamp":175055780219539,"circlet_count":0,"master_deck":["Defend_R","Defend_R","Defend_R","Defend_R","Bash+1","Shrug It Off","Shrug It Off+1","Iron Wave","Body Slam+1","Ghostly Armor","Flash of Steel+1","Offering","Battle Trance","Headbutt","Bite","Bite","Bite","Bite","Bite","Body Slam+1","Exhume","Battle Trance","Juggernaut+1","Entrench+1","Armaments+1","Flex+1","Reaper","Power Through+1","Offering","Flame Barrier"],"relics":["Burning Blood","NeowsBlessing","Anchor","Odd Mushroom","Matryoshka","Coffee Dripper","Question Card","Pear","MawBank","DollysMirror","Happy Flower","Mark of Pain","Dodecahedron","Ancient Tea Set","Pantograph","Ornamental Fan"],"potions_floor_usage":[20,25,29,33,33,39,42,46,48,48],"damage_taken":[{"damage":0,"enemies":"Small Slimes","floor":1,"turns":1},{"damage":0,"enemies":"Jaw Worm","floor":3,"turns":1},{"damage":0,"enemies":"Cultist","floor":5,"turns":1},{"damage":42,"enemies":"Gremlin Nob","floor":7,"turns":6},{"damage":14,"enemies":"The Mushroom Lair","floor":10,"turns":6},{"damage":1,"enemies":"2 Fungi Beasts","floor":14,"turns":3},{"damage":53,"enemies":"Hexaghost","floor":16,"turns":16},{"damage":6,"enemies":"Shell Parasite","floor":18,"turns":4},{"damage":7,"enemies":"Spheric Guardian","floor":19,"turns":4},{"damage":6,"enemies":"Cultist and Chosen","floor":20,"turns":7},{"damage":30,"enemies":"3 Cultists","floor":21,"turns":6},{"damage":7,"enemies":"Shelled Parasite and Fungi","floor":22,"turns":4},{"damage":7,"enemies":"Snake Plant","floor":24,"turns":3},{"damage":25,"enemies":"Gremlin Leader","floor":25,"turns":6},{"damage":6,"enemies":"Centurion and Healer","floor":28,"turns":5},{"damage":28,"enemies":"Sentry and Sphere","floor":29,"turns":6},{"damage":24,"enemies":"Cultist and Chosen","floor":30,"turns":5},{"damage":40,"enemies":"Champ","floor":33,"turns":9},{"damage":30,"enemies":"3 Darklings","floor":35,"turns":5},{"damage":6,"enemies":"Orb Walker","floor":37,"turns":3},{"damage":18,"enemies":"Writhing Mass","floor":39,"turns":4},{"damage":17,"enemies":"Spire Growth","floor":41,"turns":5},{"damage":10,"enemies":"Nemesis","floor":42,"turns":5},{"damage":6,"enemies":"Jaw Worm Horde","floor":44,"turns":4},{"damage":33,"enemies":"Giant Head","floor":46,"turns":8},{"damage":20,"enemies":"Maw","floor":47,"turns":5},{"damage":23,"enemies":"Spire Growth","floor":48,"turns":5},{"damage":63,"enemies":"Time Eater","floor":50,"turns":6}],"seed_played":"5588337694405827766","potions_obtained":[{"floor":1,"key":"Energy Potion"},{"floor":16,"key":"Explosive Potion"},{"floor":18,"key":"SkillPotion"},{"floor":24,"key":"PowerPotion"},{"floor":25,"key":"AttackPotion"},{"floor":29,"key":"Energy Potion"},{"floor":30,"key":"Swift Potion"},{"floor":33,"key":"Fire Potion"},{"floor":37,"key":"EssenceOfSteel"},{"floor":39,"key":"FearPotion"},{"floor":41,"key":"Explosive Potion"},{"floor":44,"key":"Energy Potion"},{"floor":47,"key":"SkillPotion"}],"is_trial":false,"path_per_floor":["M","$","M","?","M","R","E","R","T","?","$","R","?","M","R","B",null,"M","M","M","M","M","R","M","E","T","?","M","M","M","$","R","B",null,"M","$","M","$","M","?","M","E","T","M","$","E","M","M","R","B"],"character_chosen":"IRONCLAD","items_purchased":["Shrug It Off","Flash of Steel","DollysMirror","Happy Flower","Reaper"],"campfire_rested":1,"item_purchase_floors":[2,11,31,31,45],"current_hp_per_floor":[80,80,80,80,80,80,44,44,44,36,36,60,60,65,65,18,80,80,79,79,55,54,54,53,34,44,44,62,52,47,47,47,39,62,48,48,56,56,60,60,56,58,58,62,59,56,50,42,42,0],"gold":197,"neow_bonus":"THREE_ENEMY_KILL","is_prod":false,"is_daily":false,"chose_seed":false,"campfire_upgraded":5,"win_rate":0,"timestamp":1565245473,"path_taken":["M","$","M","?","M","R","E","R","T","?","$","R","?","?","R","BOSS","M","M","M","M","M","R","M","E","T","?","M","M","M","$","R","BOSS","M","$","M","$","M","?","M","E","T","M","$","E","M","M","R","BOSS"],"build_version":"2019-07-17","purchased_purges":2,"victory":false,"max_hp_per_floor":[80,80,80,80,80,80,80,80,80,80,80,80,80,80,80,80,80,80,80,80,80,80,80,80,80,90,62,62,62,62,62,62,62,62,62,62,62,62,62,62,62,62,62,62,59,59,59,59,59,59],"card_choices":[{"not_picked":["Power Through","Cleave"],"picked":"Shrug It Off","floor":1},{"not_picked":["True Grit","Pommel Strike"],"picked":"Iron Wave","floor":3},{"not_picked":["Perfected Strike","Shockwave"],"picked":"Body Slam","floor":5},{"not_picked":["Clothesline","Inflame","Dark Embrace"],"picked":"SKIP","floor":7},{"not_picked":["Anger","Sever Soul"],"picked":"Ghostly Armor","floor":10},{"not_picked":["Thunderclap","True Grit","Iron Wave"],"picked":"SKIP","floor":14},{"not_picked":["Bludgeon","Limit Break"],"picked":"Offering","floor":16},{"not_picked":["Twin Strike","Combust","Feel No Pain"],"picked":"SKIP","floor":18},{"not_picked":["Thunderclap+1","Fire Breathing","Havoc"],"picked":"SKIP","floor":19},{"not_picked":["Heavy Blade","Ghostly Armor"],"picked":"Battle Trance","floor":20},{"not_picked":["Thunderclap","Reckless Charge+1"],"picked":"Headbutt","floor":21},{"not_picked":["Thunderclap","Immolate","Seeing Red"],"picked":"SKIP","floor":22},{"not_picked":["Clothesline","Flex+1","Warcry"],"picked":"SKIP","floor":24},{"not_picked":["Heavy Blade+1","Pommel Strike+1","Clothesline+1"],"picked":"SKIP","floor":25},{"not_picked":["Dropkick+1","Ghostly Armor","Clash","Hemokinesis"],"picked":"SKIP","floor":28},{"not_picked":["Thunderclap","Hemokinesis+1","Feed","Heavy Blade"],"picked":"SKIP","floor":29},{"not_picked":["Flex","Warcry","Shrug It Off","Wild Strike"],"picked":"SKIP","floor":30},{"not_picked":["Feed","Brutality","Fiend Fire"],"picked":"Exhume","floor":33},{"not_picked":["Hemokinesis","Dropkick","Headbutt"],"picked":"Battle Trance","floor":35},{"not_picked":["Twin Strike","Headbutt","Havoc+1","Wild Strike+1"],"picked":"SKIP","floor":37},{"not_picked":["Wild Strike+1","Heavy Blade+1","Cleave+1"],"picked":"Juggernaut","floor":39},{"not_picked":["Blood for Blood","Inflame","Clothesline"],"picked":"Entrench+1","floor":41},{"not_picked":["Evolve+1","Wild Strike","Headbutt+1"],"picked":"Armaments+1","floor":42},{"not_picked":["Iron Wave","Thunderclap","Clothesline"],"picked":"Flex+1","floor":44},{"not_picked":["Disarm+1","Anger","Twin Strike+1"],"picked":"Power Through+1","floor":46},{"not_picked":["Wild Strike","Headbutt","Warcry"],"picked":"Offering","floor":47},{"not_picked":["Cleave+1","Clash+1","Dropkick"],"picked":"Flame Barrier","floor":48}],"player_experience":91637,"relics_obtained":[{"floor":7,"key":"Anchor"},{"floor":10,"key":"Odd Mushroom"},{"floor":25,"key":"Question Card"},{"floor":26,"key":"Pear"},{"floor":26,"key":"MawBank"},{"floor":42,"key":"Dodecahedron"},{"floor":43,"key":"Ancient Tea Set"},{"floor":43,"key":"Pantograph"},{"floor":46,"key":"Ornamental Fan"}],"event_choices":[{"damage_healed":0,"gold_gain":0,"player_choice":"Leave","damage_taken":0,"max_hp_gain":0,"max_hp_loss":0,"event_name":"The Cleric","floor":4,"gold_loss":0},{"damage_healed":0,"gold_gain":0,"player_choice":"Fought Mushrooms","damage_taken":0,"max_hp_gain":0,"max_hp_loss":0,"event_name":"Mushrooms","floor":10,"gold_loss":0},{"damage_healed":0,"gold_gain":0,"player_choice":"Gave Potion","damage_taken":0,"relics_obtained":["Matryoshka"],"max_hp_gain":0,"max_hp_loss":0,"event_name":"WeMeetAgain","floor":13,"gold_loss":0},{"damage_healed":0,"gold_gain":0,"player_choice":"Became a vampire","damage_taken":0,"max_hp_gain":0,"max_hp_loss":28,"event_name":"Vampires","floor":27,"gold_loss":0,"cards_obtained":["Bite","Bite","Bite","Bite","Bite"]},{"damage_healed":0,"gold_gain":100,"player_choice":"Pray","damage_taken":0,"max_hp_gain":0,"max_hp_loss":0,"event_name":"Golden Shrine","floor":40,"gold_loss":0}],"is_beta":false,"boss_relics":[{"not_picked":["Black Blood","Tiny House"],"picked":"Coffee Dripper"},{"not_picked":["Lizard Tail","White Beast Statue"],"picked":"Mark of Pain"}],"items_purged_floors":[2,45],"is_endless":false,"potions_floor_spawned":[1,16,18,24,25,29,30,33,37,39,41,44,47],"killed_by":"Time Eater","ascension_level":1}