{"gold_per_floor":[109,109,109,34,48,75,75,95,173,190,219,219,254,283,295,404,416,448,460,49,49,49,78,78,78,78,88,107,107,141,151,151,247,247,267,277,177,177,188,188,188,200,200,200,200,200,212,227,227,227],"floor_reached":51,"playtime":3599,"items_purged":["Strike_B","Defend_B"],"score":1000,"play_id":"c5175b34-ce28-43c1-9192-0d12d8dc5e4c","local_time":"20190811234123","is_ascension_mode":true,"campfire_choices":[{"floor":7,"key":"REST"},{"data":"Electrodynamics","floor":12,"key":"SMITH"},{"data":"Zap","floor":15,"key":"SMITH"},{"data":"Capacitor","floor":24,"key":"SMITH"},{"floor":32,"key":"REST"},{"data":"Biased Cognition","floor":40,"key":"SMITH"},{"floor":46,"key":"REST"},{"floor":49,"key":"REST"}],"neow_cost":"CURSE","seed_source_timestamp":868814545676000,"circlet_count":0,"master_deck":["Strike_B","Strike_B","Strike_B","Defend_B","Defend_B","Defend_B","Zap+1","Dualcast","Electrodynamics+1","Reinforced Body","Coolheaded","Conserve Battery","Self Repair","Go for the Eyes","Reinforced Body","Tempest","Echo Form","Lockon","Master of Strategy+1","Necronomicurse","Undo+1","Capacitor+1","Streamline","BootSequence+1","Conserve Battery+1","Chaos+1","Biased Cognition+1","Barrage+1","Glacier+1","Reboot+1","Madness+1","Madness+1","Compile Driver+1","Apotheosis+1","Streamline+1","Rip and Tear+1"],"relics":["Cracked Core","Ancient Tea Set","Question Card","Bronze Scales","MawBank","Velvet Choker","Toxic Egg 2","Necronomicon","Omamori","Mummified Hand","Kunai","Runic Pyramid","Molten Egg 2","DataDisk"],"potions_floor_usage":[5,11,16,16,31,50,50,50],"damage_taken":[{"damage":1,"enemies":"Cultist","floor":1,"turns":3},{"damage":2,"enemies":"Jaw Worm","floor":5,"turns":3},{"damage":23,"enemies":"Lagavulin","floor":6,"turns":8},{"damage":0,"enemies":"2 Louse","floor":8,"turns":2},{"damage":0,"enemies":"2 Fungi Beasts","floor":10,"turns":2},{"damage":5,"enemies":"3 Sentries","floor":11,"turns":2},{"damage":4,"enemies":"Lagavulin","floor":13,"turns":8},{"damage":8,"enemies":"Looter","floor":14,"turns":3},{"damage":1,"enemies":"The Guardian","floor":16,"turns":12},{"damage":2,"enemies":"Shell Parasite","floor":18,"turns":6},{"damage":21,"enemies":"Book of Stabbing","floor":23,"turns":6},{"damage":3,"enemies":"Spheric Guardian","floor":27,"turns":4},{"damage":6,"enemies":"Snake Plant","floor":28,"turns":3},{"damage":1,"enemies":"Slavers","floor":30,"turns":4},{"damage":0,"enemies":"3 Cultists","floor":31,"turns":3},{"damage":31,"enemies":"Automaton","floor":33,"turns":8},{"damage":1,"enemies":"3 Darklings","floor":35,"turns":5},{"damage":4,"enemies":"Orb Walker","floor":36,"turns":4},{"damage":12,"enemies":"3 Darklings","floor":39,"turns":4},{"damage":17,"enemies":"Sphere and 2 Shapes","floor":42,"turns":5},{"damage":3,"enemies":"Maw","floor":47,"turns":7},{"damage":0,"enemies":"4 Shapes","floor":48,"turns":3},{"damage":26,"enemies":"Time Eater","floor":50,"turns":9}],"seed_played":"-1409822867085122386","potions_obtained":[{"floor":1,"key":"Swift Potion"},{"floor":8,"key":"FocusPotion"},{"floor":11,"key":"Fire Potion"},{"floor":13,"key":"EssenceOfSteel"},{"floor":14,"key":"SteroidPotion"},{"floor":16,"key":"Poison Potion"},{"floor":27,"key":"Ancient Potion"},{"floor":28,"key":"PowerPotion"},{"floor":31,"key":"SpeedPotion"},{"floor":33,"key":"AttackPotion"},{"floor":35,"key":"Energy Potion"},{"floor":42,"key":"PowerPotion"}],"is_trial":false,"path_per_floor":["M","?","?","$","M","E","R","M","T","M","E","R","E","M","R","B",null,"M","?","$","?","?","E","R","$","T","M","M","?","E","M","R","B",null,"M","M","$","?","M","R","?","M","T","?","T","R","M","M","R","B",null],"character_chosen":"DEFECT","items_purchased":["Toxic Egg 2","Master of Strategy+1"],"campfire_rested":4,"item_purchase_floors":[20,20],"current_hp_per_floor":[67,67,60,60,58,35,57,57,57,57,59,59,55,54,54,60,71,75,75,75,59,59,45,45,45,45,56,50,43,42,42,64,40,66,72,68,68,68,56,56,47,37,37,37,37,59,66,66,75,49],"gold":227,"neow_bonus":"THREE_RARE_CARDS","is_prod":false,"is_daily":false,"chose_seed":false,"campfire_upgraded":4,"win_rate":0,"timestamp":1565581283,"path_taken":["M","?","?","$","M","E","R","M","T","M","E","R","E","M","R","BOSS","M","?","$","?","?","E","R","$","T","?","M","?","E","M","R","BOSS","M","M","$","?","M","R","?","M","T","?","?","R","?","M","R","BOSS"],"build_version":"2019-07-17","purchased_purges":2,"victory":true,"max_hp_per_floor":[75,75,75,75,75,75,75,75,75,75,75,75,75,75,75,75,75,75,75,75,75,75,75,75,75,75,75,75,75,75,75,75,75,75,75,75,75,75,75,75,75,75,75,75,75,75,75,75,75,75],"card_choices":[{"not_picked":["Reboot","Thunder Strike"],"picked":"Electrodynamics","floor":0},{"not_picked":["Chill","Sweeping Beam"],"picked":"Reinforced Body","floor":1},{"not_picked":["Chill","Beam Cell"],"picked":"Coolheaded","floor":5},{"not_picked":["Melter","Undo"],"picked":"Conserve Battery","floor":6},{"not_picked":["Steam Power","Hologram"],"picked":"Self Repair","floor":8},{"not_picked":["Steam","Stack","Rebound","Heatsinks"],"picked":"SKIP","floor":10},{"not_picked":["Compile Driver","Reprogram","Steam"],"picked":"Go for the Eyes","floor":11},{"not_picked":["Conserve Battery","Melter","Rip and Tear"],"picked":"Reinforced Body","floor":13},{"not_picked":["Beam Cell","Buffer","Conserve Battery"],"picked":"Tempest","floor":14},{"not_picked":["Reboot","Amplify","Creative AI"],"picked":"Echo Form","floor":16},{"not_picked":["Reinforced Body+1","Steam+1","Skim"],"picked":"Lockon","floor":18},{"not_picked":["Hologram+1","Gash","Consume+1"],"picked":"Capacitor","floor":23},{"not_picked":["Steam+1","Cold Snap","Aggregate+1"],"picked":"Streamline","floor":27},{"not_picked":["Rebound","Leap+1","Hologram+1"],"picked":"BootSequence+1","floor":28},{"not_picked":["Multi-Cast+1","Skim+1","Beam Cell"],"picked":"Conserve Battery+1","floor":30},{"not_picked":["Ball Lightning","Redo+1","Conserve Battery+1"],"picked":"Chaos+1","floor":31},{"not_picked":["Multi-Cast+1","Echo Form","Rainbow+1"],"picked":"Biased Cognition","floor":33},{"not_picked":["Leap+1","Turbo+1","Gash+1"],"picked":"Barrage+1","floor":35},{"not_picked":["Compile Driver+1","Lockon+1","Conserve Battery+1"],"picked":"Glacier+1","floor":36},{"not_picked":["Compile Driver+1","Loop","Steam+1"],"picked":"Reboot+1","floor":39},{"not_picked":["Redo+1","Sweeping Beam","Stack+1"],"picked":"Compile Driver+1","floor":42},{"not_picked":["Finesse+1","Madness+1","Dramatic Entrance+1"],"picked":"Apotheosis+1","floor":44},{"not_picked":["Leap+1","White Noise+1","Rebound+1"],"picked":"Streamline+1","floor":47},{"not_picked":["Blizzard+1","Fusion+1","Conserve Battery+1"],"picked":"Rip and Tear+1","floor":48}],"player_experience":357673,"relics_obtained":[{"floor":6,"key":"Ancient Tea Set"},{"floor":9,"key":"Question Card"},{"floor":11,"key":"Bronze Scales"},{"floor":13,"key":"MawBank"},{"floor":21,"key":"Necronomicon"},{"floor":23,"key":"Omamori"},{"floor":26,"key":"Mummified Hand"},{"floor":30,"key":"Kunai"},{"floor":43,"key":"Molten Egg 2"},{"floor":45,"key":"DataDisk"}],"event_choices":[{"damage_healed":0,"gold_gain":0,"player_choice":"Ignored","damage_taken":0,"max_hp_gain":0,"max_hp_loss":0,"event_name":"Liars Game","floor":2,"gold_loss":0},{"cards_removed":["Normality"],"damage_healed":0,"gold_gain":0,"player_choice":"Card Removal","damage_taken":7,"max_hp_gain":0,"max_hp_loss":0,"event_name":"Golden Wing","floor":3,"gold_loss":0},{"damage_healed":0,"gold_gain":0,"player_choice":"Ignored","damage_taken":0,"max_hp_gain":0,"max_hp_loss":0,"event_name":"Vampires","floor":19,"gold_loss":0},{"damage_healed":0,"gold_gain":0,"player_choice":"Obtained Book","damage_taken":16,"max_hp_gain":0,"max_hp_loss":0,"event_name":"Cursed Tome","floor":21,"gold_loss":0},{"damage_healed":0,"gold_gain":0,"player_choice":"Read","damage_taken":0,"max_hp_gain":0,"max_hp_loss":0,"event_name":"The Library","floor":22,"gold_loss":0,"cards_obtained":["Undo"]},{"damage_healed":0,"gold_gain":0,"player_choice":"","damage_taken":7,"max_hp_gain":0,"max_hp_loss":0,"event_name":"Knowing Skull","floor":29,"potions_obtained":[],"gold_loss":0,"cards_obtained":[]},{"damage_healed":0,"gold_gain":0,"player_choice":"Ignored","damage_taken":0,"max_hp_gain":0,"max_hp_loss":0,"event_name":"Tomb of Lord Red Mask","floor":38,"gold_loss":0},{"damage_healed":0,"gold_gain":0,"player_choice":"Embrace Madness","damage_taken":9,"max_hp_gain":0,"max_hp_loss":0,"event_name":"Winding Halls","floor":41,"gold_loss":0,"cards_obtained":["Madness","Madness"]},{"damage_healed":0,"gold_gain":0,"player_choice":"Memory 1","damage_taken":0,"max_hp_gain":0,"max_hp_loss":0,"event_name":"SensoryStone","floor":44,"gold_loss":0}],"is_beta":false,"boss_relics":[{"not_picked":["Fusion Hammer","FrozenCore"],"picked":"Velvet Choker"},{"not_picked":["Tiny House","Lizard Tail"],"picked":"Runic Pyramid"}],"items_purged_floors":[4,37],"is_endless":false,"potions_floor_spawned":[1,8,11,13,14,16,27,28,31,33,35,42,47,48],"ascension_level":9}