{"gold_per_floor":[113,113,129,149,129,129,147,182,254,268,288,288,288,33,33,110,110,126,126,126,51,61,61,61],"floor_reached":24,"playtime":1351,"items_purged":["Strike_G"],"score":372,"play_id":"296be5fb-095d-4902-9138-fce61abe0cf1","local_time":"20190704223356","is_ascension_mode":true,"campfire_choices":[{"data":"Deadly Poison","floor":6,"key":"SMITH"},{"data":"Deadly Poison","floor":13,"key":"SMITH"},{"floor":15,"key":"REST"},{"data":"Malaise","floor":23,"key":"SMITH"}],"neow_cost":"NONE","seed_source_timestamp":3860018717175,"circlet_count":0,"master_deck":["AscendersBane","Defend_G","Defend_G","Defend_G","Defend_G","Defend_G","Survivor","Neutralize+1","Deadly Poison+1","Deadly Poison+1","PiercingWail","Calculated Gamble","Footwork","Glass Knife","Caltrops","Noxious Fumes","Malaise+1","Finisher","Calculated Gamble"],"relics":["Ring of the Serpent","The Specimen","Shuriken","Snake Skull"],"potions_floor_usage":[8,16],"damage_taken":[{"damage":0,"enemies":"2 Louse","floor":1,"turns":5},{"damage":0,"enemies":"Cultist","floor":3,"turns":4},{"damage":0,"enemies":"Small Slimes","floor":4,"turns":5},{"damage":5,"enemies":"Gremlin Gang","floor":7,"turns":5},{"damage":32,"enemies":"3 Sentries","floor":8,"turns":9},{"damage":0,"enemies":"2 Fungi Beasts","floor":10,"turns":4},{"damage":6,"enemies":"Large Slime","floor":11,"turns":6},{"damage":25,"enemies":"The Guardian","floor":16,"turns":9},{"damage":13,"enemies":"Shell Parasite","floor":18,"turns":7},{"damage":7,"enemies":"Spheric Guardian","floor":22,"turns":4},{"damage":39,"enemies":"Slavers","floor":24,"turns":3}],"seed_played":"1431364595126929160","potions_obtained":[{"floor":4,"key":"SkillPotion"},{"floor":5,"key":"Weak Potion"},{"floor":7,"key":"AttackPotion"},{"floor":10,"key":"Strength Potion"},{"floor":16,"key":"Ancient Potion"}],"is_trial":false,"path_per_floor":["M","?","M","M","?","R","M","E","T","M","M","?","R","$","R","B",null,"M","?","?","$","M","R","E"],"character_chosen":"THE_SILENT","items_purchased":["Noxious Fumes","Snake Skull"],"campfire_rested":1,"item_purchase_floors":[14,14],"current_hp_per_floor":[59,59,59,59,59,59,54,22,22,22,16,16,16,16,35,10,52,39,39,39,39,32,32,0],"gold":61,"neow_bonus":"UPGRADE_CARD","is_prod":false,"is_daily":false,"chose_seed":false,"campfire_upgraded":3,"win_rate":0,"timestamp":1562294036,"path_taken":["M","?","M","?","?","R","M","E","T","?","M","?","R","$","R","BOSS","M","?","?","$","M","R","E"],"build_version":"2019-07-01","purchased_purges":1,"victory":false,"max_hp_per_floor":[66,66,66,66,66,66,66,66,66,66,66,66,66,66,66,66,66,66,66,66,66,66,66,66],"card_choices":[{"not_picked":["Infinite Blades","Poisoned Stab"],"picked":"Deadly Poison","floor":1},{"not_picked":["Cloak And Dagger","Flying Knee"],"picked":"Deadly Poison","floor":3},{"not_picked":["Setup","Sucker Punch"],"picked":"PiercingWail","floor":4},{"not_picked":["Prepared","Dodge and Roll"],"picked":"Calculated Gamble","floor":7},{"not_picked":["Dash","Deflect"],"picked":"Footwork","floor":8},{"not_picked":["Tactician","Flechettes"],"picked":"Glass Knife","floor":10},{"not_picked":["Dagger Throw","Masterful Stab"],"picked":"Caltrops","floor":11},{"not_picked":["After Image","Adrenaline"],"picked":"Malaise","floor":16},{"not_picked":["Acrobatics+1","Poisoned Stab+1","Distraction"],"picked":"SKIP","floor":18},{"not_picked":["Blade Dance","Deflect","Dagger Throw"],"picked":"SKIP","floor":22}],"player_experience":2385633,"relics_obtained":[{"floor":8,"key":"The Specimen"},{"floor":9,"key":"Shuriken"}],"event_choices":[{"cards_removed":["Strike_G"],"damage_healed":0,"gold_gain":0,"player_choice":"Offered Basic","damage_taken":0,"max_hp_gain":0,"max_hp_loss":0,"event_name":"Bonfire Elementals","floor":2,"gold_loss":0},{"damage_healed":0,"gold_gain":0,"player_choice":"Bought 1 Potion","damage_taken":0,"max_hp_gain":0,"max_hp_loss":0,"event_name":"The Woman in Blue","floor":5,"gold_loss":0},{"cards_removed":["Strike_G"],"damage_healed":0,"gold_gain":0,"player_choice":"Forget","damage_taken":0,"max_hp_gain":0,"max_hp_loss":0,"event_name":"Living Wall","floor":12,"gold_loss":0},{"damage_healed":0,"gold_gain":0,"player_choice":"Ignored","damage_taken":0,"max_hp_gain":0,"max_hp_loss":0,"event_name":"Vampires","floor":19,"gold_loss":0},{"damage_healed":0,"gold_gain":0,"cards_transformed":["Strike_G","Strike_G"],"player_choice":"Became Test Subject","damage_taken":0,"max_hp_gain":0,"max_hp_loss":0,"event_name":"Drug Dealer","floor":20,"gold_loss":0,"cards_obtained":["Finisher","Calculated Gamble"]}],"is_beta":false,"boss_relics":[{"not_picked":["White Beast Statue","Orrery"],"picked":"Ring of the Serpent"}],"items_purged_floors":[21],"is_endless":false,"potions_floor_spawned":[4,7,10,16,22],"killed_by":"Slavers","ascension_level":18}