{"gold_per_floor":[112,122,122,138,203,29,29,49,72,72,96,109,184,220,220,348,348,364,383,133,158,174,213,128,128,155,155,198,221,221,237,237,237],"floor_reached":33,"playtime":3686,"items_purged":["Pain"],"score":289,"play_id":"dd5b1318-6484-4043-a2f9-f92dbd26ebd2","local_time":"20190803233321","is_ascension_mode":false,"campfire_choices":[{"data":"Well Laid Plans","floor":7,"key":"SMITH"},{"data":"Footwork","floor":10,"key":"SMITH"},{"data":"Die Die Die","floor":15,"key":"SMITH"},{"data":"Distraction","floor":25,"key":"SMITH"},{"data":"Adrenaline","floor":27,"key":"SMITH"},{"floor":32,"key":"REST"}],"neow_cost":"CURSE","seed_source_timestamp":1558530912486900,"circlet_count":0,"master_deck":["Strike_G","Strike_G","Strike_G","Strike_G","Defend_G","Defend_G","Defend_G","Defend_G","Survivor","Neutralize","Backstab","Deflect","Injury","Footwork+1","Well Laid Plans+1","Deadly Poison","Endless Agony","Poisoned Stab","Footwork","Die Die Die+1","Adrenaline+1","Escape Plan+1","PiercingWail","Die Die Die","Distraction","Deadly Poison","Die Die Die","Distraction+1","Backflip","Noxious Fumes","Prepared"],"relics":["Ring of the Snake","Torii","Golden Idol","PreservedInsect","Blood Vial","Empty Cage","Snake Skull","Sundial","Anchor","Calipers","Lantern"],"potions_floor_usage":[16,16,16,22,31,31,33],"damage_taken":[{"damage":4,"enemies":"2 Louse","floor":1,"turns":4},{"damage":8,"enemies":"Jaw Worm","floor":2,"turns":3},{"damage":2,"enemies":"Cultist","floor":4,"turns":4},{"damage":6,"enemies":"Large Slime","floor":8,"turns":9},{"damage":0,"enemies":"2 Fungi Beasts","floor":11,"turns":4},{"damage":0,"enemies":"Gremlin Gang","floor":12,"turns":6},{"damage":1,"enemies":"Gremlin Nob","floor":14,"turns":4},{"damage":1,"enemies":"Hexaghost","floor":16,"turns":9},{"damage":11,"enemies":"Spheric Guardian","floor":18,"turns":9},{"damage":11,"enemies":"Shell Parasite","floor":19,"turns":7},{"damage":8,"enemies":"Sentry and Sphere","floor":21,"turns":8},{"damage":10,"enemies":"Centurion and Healer","floor":22,"turns":8},{"damage":3,"enemies":"Slavers","floor":23,"turns":4},{"damage":1,"enemies":"Book of Stabbing","floor":28,"turns":6},{"damage":18,"enemies":"Chosen and Byrds","floor":29,"turns":5},{"damage":2,"enemies":"Shelled Parasite and Fungi","floor":31,"turns":4},{"damage":46,"enemies":"Automaton","floor":33,"turns":6}],"seed_played":"1514909384129701204","potions_obtained":[{"floor":2,"key":"GhostInAJar"},{"floor":4,"key":"PowerPotion"},{"floor":12,"key":"Ancient Potion"},{"floor":16,"key":"Ancient Potion"},{"floor":19,"key":"Fire Potion"},{"floor":21,"key":"SneckoOil"},{"floor":29,"key":"Poison Potion"},{"floor":31,"key":"FearPotion"}],"is_trial":false,"path_per_floor":["M","M","?","M","?","$","R","M","T","R","M","M","?","E","R","B",null,"M","M","$","M","M","E","?","R","T","R","E","M","?","M","R","B"],"character_chosen":"THE_SILENT","items_purchased":["Well Laid Plans","Deadly Poison","Die Die Die","Distraction","Deadly Poison"],"campfire_rested":1,"item_purchase_floors":[6,6,20,20,20],"current_hp_per_floor":[66,58,58,56,56,56,56,50,50,50,50,50,43,42,42,43,70,59,50,50,44,36,35,35,35,35,35,36,20,20,20,41,0],"gold":237,"neow_bonus":"ONE_RARE_RELIC","is_prod":false,"is_daily":false,"chose_seed":false,"campfire_upgraded":5,"win_rate":0.0,"timestamp":1564864401,"path_taken":["M","M","?","M","?","$","R","M","T","R","M","M","?","E","R","BOSS","M","?","$","M","M","E","?","R","T","R","E","M","?","?","R","BOSS"],"build_version":"2019-07-17","purchased_purges":1,"victory":false,"max_hp_per_floor":[70,70,70,70,70,70,70,70,70,70,70,70,70,70,70,70,70,70,70,70,70,70,70,70,70,70,70,70,70,70,70,70,70],"card_choices":[{"not_picked":["Dagger Spray","Infinite Blades"],"picked":"Backstab","floor":1},{"not_picked":["Acrobatics","Deadly Poison"],"picked":"Deflect","floor":2},{"not_picked":["Bane","Backflip"],"picked":"Footwork","floor":4},{"not_picked":["Deadly Poison","Footwork"],"picked":"Endless Agony","floor":8},{"not_picked":["Dagger Spray","Acrobatics"],"picked":"Poisoned Stab","floor":11},{"not_picked":["Acrobatics","Noxious Fumes"],"picked":"Footwork","floor":12},{"not_picked":["Wraith Form v2","Endless Agony"],"picked":"Die Die Die","floor":14},{"not_picked":["Burst","Malaise"],"picked":"Adrenaline","floor":16},{"not_picked":["Dagger Throw","Bouncing Flask+1"],"picked":"Escape Plan+1","floor":18},{"not_picked":["Blade Dance","Dagger Spray"],"picked":"PiercingWail","floor":19},{"not_picked":["Acrobatics","Terror+1"],"picked":"Die Die Die","floor":21},{"not_picked":["Acrobatics","Choke"],"picked":"Distraction","floor":22},{"not_picked":["Leg Sweep","Choke","Underhanded Strike"],"picked":"SKIP","floor":23},{"not_picked":["Dodge and Roll","Sucker Punch"],"picked":"Backflip","floor":28},{"not_picked":["Predator","Bane"],"picked":"Noxious Fumes","floor":29},{"not_picked":["Quick Slash","Masterful Stab"],"picked":"Prepared","floor":31}],"player_experience":33460,"relics_obtained":[{"floor":9,"key":"PreservedInsect"},{"floor":14,"key":"Blood Vial"},{"floor":23,"key":"Snake Skull"},{"floor":26,"key":"Anchor"},{"floor":28,"key":"Calipers"}],"event_choices":[{"damage_healed":0,"gold_gain":0,"player_choice":"Take Wound","damage_taken":0,"relics_obtained":["Golden Idol"],"max_hp_gain":0,"max_hp_loss":0,"event_name":"Golden Idol","floor":3,"gold_loss":0,"cards_obtained":["Injury"]},{"damage_healed":0,"gold_gain":65,"player_choice":"Gained Gold","damage_taken":0,"max_hp_gain":0,"max_hp_loss":0,"event_name":"Golden Wing","floor":5,"gold_loss":0},{"damage_healed":0,"gold_gain":75,"player_choice":"Touch","damage_taken":7,"max_hp_gain":0,"max_hp_loss":0,"event_name":"FaceTrader","floor":13,"gold_loss":0},{"damage_healed":0,"gold_gain":0,"player_choice":"Obtained Relic","damage_taken":0,"relics_obtained":["Sundial"],"max_hp_gain":0,"max_hp_loss":0,"event_name":"Addict","floor":24,"gold_loss":85},{"damage_healed":0,"gold_gain":0,"player_choice":"Gave Potion","damage_taken":0,"relics_obtained":["Lantern"],"max_hp_gain":0,"max_hp_loss":0,"event_name":"WeMeetAgain","floor":30,"gold_loss":0}],"is_beta":false,"boss_relics":[{"not_picked":["Runic Pyramid","Snecko Eye"],"picked":"Empty Cage"}],"items_purged_floors":[6],"is_endless":false,"potions_floor_spawned":[2,4,12,16,19,21,29,31],"killed_by":"Automaton","ascension_level":0}