{"gold_per_floor":[116,130,130,150,169,200,125,155,155,155,155,155,17,17,17,146,146,161,176,176,195,195,195,216,216,216,216,216,230,249,273,273,273],"floor_reached":33,"playtime":2278,"items_purged":["Strike_R"],"score":270,"play_id":"f76cc48e-e99b-4c55-89fc-1bb1200d3c27","local_time":"20190808195516","is_ascension_mode":true,"campfire_choices":[{"data":"Body Slam","floor":10,"key":"SMITH"},{"floor":12,"key":"RECALL"},{"floor":15,"key":"REST"},{"floor":23,"key":"REST"},{"data":"Flame Barrier","floor":25,"key":"SMITH"},{"floor":27,"key":"REST"},{"floor":32,"key":"REST"}],"neow_cost":"PERCENT_DAMAGE","seed_source_timestamp":239647556688793,"circlet_count":0,"master_deck":["Strike_R","Strike_R","Strike_R","Defend_R","Defend_R","Defend_R","Defend_R","Bash","Dark Shackles","Finesse","Body Slam+1","Carnage","Ghostly Armor","Power Through","Bandage Up","Shrug It Off","Barricade","Whirlwind+1","Metallicize","Flame Barrier+1","Impervious","Blood for Blood+1"],"relics":["Burning Blood","Potion Belt","Omamori","Golden Idol","Sozu","Ornamental Fan","Dodecahedron"],"potions_floor_usage":[6,6,16],"damage_taken":[{"damage":3,"enemies":"Small Slimes","floor":1,"turns":3},{"damage":1,"enemies":"Cultist","floor":2,"turns":3},{"damage":0,"enemies":"2 Louse","floor":4,"turns":3},{"damage":7,"enemies":"Exordium Wildlife","floor":5,"turns":5},{"damage":26,"enemies":"3 Sentries","floor":6,"turns":7},{"damage":30,"enemies":"Gremlin Nob","floor":8,"turns":5},{"damage":37,"enemies":"The Guardian","floor":16,"turns":15},{"damage":0,"enemies":"Shell Parasite","floor":18,"turns":6},{"damage":33,"enemies":"Spheric Guardian","floor":19,"turns":6},{"damage":22,"enemies":"Snecko","floor":21,"turns":7},{"damage":14,"enemies":"Snake Plant","floor":24,"turns":5},{"damage":19,"enemies":"Sentry and Sphere","floor":29,"turns":12},{"damage":9,"enemies":"Centurion and Healer","floor":30,"turns":7},{"damage":7,"enemies":"Chosen and Byrds","floor":31,"turns":9},{"damage":78,"enemies":"Automaton","floor":33,"turns":12}],"seed_played":"-2876665087497402414","potions_obtained":[{"floor":1,"key":"SkillPotion"},{"floor":4,"key":"AttackPotion"},{"floor":8,"key":"SteroidPotion"}],"is_trial":false,"path_per_floor":["M","M","?","M","M","E","$","E","T","R","?","R","$","?","R","B",null,"M","M","$","M","?","R","M","R","T","R","?","M","M","M","R","B"],"character_chosen":"IRONCLAD","items_purchased":["Bandage Up","Shrug It Off"],"campfire_rested":4,"item_purchase_floors":[13,13],"current_hp_per_floor":[59,64,64,70,69,49,49,25,25,25,25,25,25,25,47,20,74,74,51,51,39,39,61,57,57,57,74,74,65,66,69,74,0],"gold":273,"neow_bonus":"RANDOM_COLORLESS_2","is_prod":false,"is_daily":false,"chose_seed":false,"campfire_upgraded":2,"win_rate":0,"timestamp":1565308516,"path_taken":["M","M","?","M","?","E","$","E","T","R","?","R","?","?","R","BOSS","M","M","$","M","?","R","M","R","T","R","?","?","M","M","R","BOSS"],"build_version":"2019-07-17","purchased_purges":1,"victory":false,"max_hp_per_floor":[80,80,80,80,80,80,80,80,80,80,80,80,80,74,74,74,74,74,74,74,74,74,74,74,74,74,74,74,74,74,74,74,74],"card_choices":[{"not_picked":["Perfected Strike","Pommel Strike","Heavy Blade"],"picked":"SKIP","floor":1},{"not_picked":["True Grit","Flex","Perfected Strike"],"picked":"SKIP","floor":2},{"not_picked":["Intimidate","Pommel Strike"],"picked":"Body Slam","floor":4},{"not_picked":["Dark Embrace","True Grit"],"picked":"Carnage","floor":5},{"not_picked":["Armaments","Headbutt"],"picked":"Ghostly Armor","floor":6},{"not_picked":["Iron Wave","Pommel Strike"],"picked":"Power Through","floor":8},{"not_picked":["Berserk","Feed"],"picked":"Barricade","floor":16},{"not_picked":["Pommel Strike","True Grit+1","Clothesline"],"picked":"SKIP","floor":18},{"not_picked":["Perfected Strike","Battle Trance"],"picked":"Whirlwind+1","floor":19},{"not_picked":["Perfected Strike","Thunderclap"],"picked":"Metallicize","floor":21},{"not_picked":["Warcry+1","Blood for Blood"],"picked":"Flame Barrier","floor":24},{"not_picked":["Pommel Strike+1","Havoc+1","True Grit"],"picked":"SKIP","floor":29},{"not_picked":["Pommel Strike","Warcry"],"picked":"Impervious","floor":30},{"not_picked":["Rage+1","Thunderclap"],"picked":"Blood for Blood+1","floor":31}],"player_experience":106327,"relics_obtained":[{"floor":6,"key":"Potion Belt"},{"floor":8,"key":"Omamori"},{"floor":26,"key":"Dodecahedron"}],"event_choices":[{"cards_removed":["Strike_R"],"damage_healed":0,"gold_gain":0,"player_choice":"Offered Basic","damage_taken":0,"max_hp_gain":0,"max_hp_loss":0,"event_name":"Bonfire Elementals","floor":3,"gold_loss":0},{"damage_healed":0,"gold_gain":0,"player_choice":"Ignored","damage_taken":0,"max_hp_gain":0,"max_hp_loss":0,"event_name":"Liars Game","floor":11,"gold_loss":0},{"damage_healed":0,"gold_gain":0,"player_choice":"Lose Max HP","damage_taken":0,"relics_obtained":["Golden Idol"],"max_hp_gain":0,"max_hp_loss":6,"event_name":"Golden Idol","floor":14,"gold_loss":0},{"damage_healed":0,"gold_gain":0,"player_choice":"Opened","damage_taken":0,"relics_obtained":["Ornamental Fan"],"max_hp_gain":0,"max_hp_loss":0,"event_name":"The Mausoleum","floor":22,"gold_loss":0,"cards_obtained":["Writhe"]},{"damage_healed":0,"gold_gain":0,"player_choice":"Got Potions","damage_taken":0,"max_hp_gain":0,"max_hp_loss":0,"event_name":"Lab","floor":28,"gold_loss":0}],"is_beta":false,"boss_relics":[{"not_picked":["Mark of Pain","Busted Crown"],"picked":"Sozu"}],"items_purged_floors":[7],"is_endless":false,"potions_floor_spawned":[1,4,8,19,24,29],"killed_by":"Automaton","ascension_level":1}