{"gold_per_floor":[218,234,184,259,20,51,51,71,95,123,145,157],"floor_reached":12,"playtime":2279,"items_purged":[],"score":114,"play_id":"382845d2-a21e-4e49-a626-6685ec725245","local_time":"20190718175750","is_ascension_mode":true,"campfire_choices":[{"data":"Zap","floor":7,"key":"SMITH"}],"neow_cost":"NONE","seed_source_timestamp":100712691882000,"circlet_count":0,"master_deck":["Strike_B","Strike_B","Strike_B","Defend_B","Defend_B","Defend_B","Defend_B","Zap+1","Dualcast","Genetic Algorithm","BootSequence","Sweeping Beam","Conserve Battery","Undo","Biased Cognition"],"relics":["Cracked Core","Symbiotic Virus","Strawberry","PreservedInsect","MawBank"],"potions_floor_usage":[6,8],"damage_taken":[{"damage":0,"enemies":"2 Louse","floor":1,"turns":1},{"damage":2,"enemies":"Jaw Worm","floor":2,"turns":3},{"damage":23,"enemies":"Gremlin Nob","floor":6,"turns":4},{"damage":0,"enemies":"Cultist","floor":8,"turns":3},{"damage":25,"enemies":"3 Sentries","floor":10,"turns":5},{"damage":13,"enemies":"Lots of Slimes","floor":11,"turns":4},{"damage":4,"enemies":"Exordium Thugs","floor":12,"turns":2}],"seed_played":"8151935425613338784","potions_obtained":[{"floor":1,"key":"Swift Potion"},{"floor":2,"key":"Weak Potion"},{"floor":11,"key":"Poison Potion"}],"is_trial":false,"path_per_floor":["M","M","?","?","$","E","R","M","T","E","M","M"],"character_chosen":"DEFECT","items_purchased":["Symbiotic Virus"],"campfire_rested":0,"item_purchase_floors":[5],"current_hp_per_floor":[68,66,66,55,55,39,39,39,39,14,1,0],"gold":157,"neow_bonus":"HUNDRED_GOLD","is_prod":false,"is_daily":false,"chose_seed":false,"campfire_upgraded":1,"win_rate":0,"timestamp":1563487070,"path_taken":["M","M","?","?","$","E","R","M","T","E","M","M"],"build_version":"2019-07-17","purchased_purges":0,"victory":false,"max_hp_per_floor":[75,75,75,75,75,82,82,82,82,82,82,82],"card_choices":[{"not_picked":["White Noise","Reprogram"],"picked":"Genetic Algorithm","floor":1},{"not_picked":["Chill","Rebound"],"picked":"BootSequence","floor":2},{"not_picked":["Scrape","Rip and Tear"],"picked":"Sweeping Beam","floor":6},{"not_picked":["Turbo","Ball Lightning"],"picked":"Conserve Battery","floor":8},{"not_picked":["Genetic Algorithm","Loop"],"picked":"Undo","floor":10},{"not_picked":["Go for the Eyes","Leap"],"picked":"Biased Cognition","floor":11}],"player_experience":285523,"relics_obtained":[{"floor":6,"key":"Strawberry"},{"floor":9,"key":"PreservedInsect"},{"floor":10,"key":"MawBank"}],"event_choices":[{"cards_removed":["Strike_B"],"damage_healed":0,"gold_gain":0,"player_choice":"Card Removal","damage_taken":0,"max_hp_gain":0,"max_hp_loss":0,"event_name":"The Cleric","floor":3,"gold_loss":50},{"damage_healed":0,"gold_gain":75,"player_choice":"Gather Gold","damage_taken":11,"max_hp_gain":0,"max_hp_loss":0,"event_name":"World of Goop","floor":4,"gold_loss":0}],"is_beta":false,"boss_relics":[],"items_purged_floors":[],"is_endless":false,"potions_floor_spawned":[1,2,11],"killed_by":"Exordium Thugs","ascension_level":6}