{"gold_per_floor":[110,129,149,99,118,145,145,171,171,171,171,182,197,231,231,336,336,347,360,370,370,370,402,402,402,426,426,31,49,79,104,116,225,237,265,290,77,77,9,28,61,61],"floor_reached":42,"playtime":2522,"items_purged":["Defend_B"],"score":693,"play_id":"f3943ec3-246e-49f4-994f-302a7156597e","local_time":"20190721022116","is_ascension_mode":true,"campfire_choices":[{"data":"Dualcast","floor":7,"key":"SMITH"},{"floor":10,"key":"REST"},{"data":"Reinforced Body","floor":15,"key":"SMITH"},{"floor":24,"key":"REST"},{"data":"Go for the Eyes","floor":25,"key":"SMITH"},{"data":"Hyperbeam","floor":27,"key":"SMITH"},{"floor":32,"key":"REST"}],"neow_cost":"NONE","seed_source_timestamp":9136775653800,"circlet_count":0,"master_deck":["Strike_B","Strike_B","Defend_B","Defend_B","Defend_B","Zap+1","Dualcast+1","Ball Lightning","Leap","Coolheaded","FTL","Conserve Battery","Reinforced Body+1","Doom and Gloom","Go for the Eyes+1","Double Energy","Hyperbeam+1","Loop+1","Go for the Eyes+1","Capacitor","Capacitor","Consume","Doom and Gloom+1","White Noise+1","Ball Lightning","Rainbow","Chill","Defragment","Core Surge","Capacitor+1","Self Repair+1"],"relics":["Cracked Core","Turnip","Pen Nib","Bag of Marbles","Letter Opener","Nuclear Battery","WingedGreaves","Blood Vial","Ornamental Fan","MawBank","White Beast Statue","Potion Belt","Question Card"],"potions_floor_usage":[8,8,13,19,19,31,33,33,41,41],"damage_taken":[{"damage":0,"enemies":"Cultist","floor":1,"turns":3},{"damage":0,"enemies":"Small Slimes","floor":2,"turns":2},{"damage":0,"enemies":"Jaw Worm","floor":3,"turns":3},{"damage":1,"enemies":"Looter","floor":5,"turns":4},{"damage":37,"enemies":"Gremlin Nob","floor":6,"turns":5},{"damage":4,"enemies":"3 Sentries","floor":8,"turns":5},{"damage":1,"enemies":"Blue Slaver","floor":12,"turns":3},{"damage":0,"enemies":"Large Slime","floor":13,"turns":4},{"damage":13,"enemies":"Gremlin Nob","floor":14,"turns":4},{"damage":12,"enemies":"The Guardian","floor":16,"turns":9},{"damage":0,"enemies":"Shell Parasite","floor":18,"turns":2},{"damage":4,"enemies":"3 Byrds","floor":19,"turns":4},{"damage":10,"enemies":"Sentry and Sphere","floor":20,"turns":4},{"damage":26,"enemies":"Book of Stabbing","floor":23,"turns":7},{"damage":9,"enemies":"Snecko","floor":29,"turns":4},{"damage":18,"enemies":"Slavers","floor":30,"turns":3},{"damage":0,"enemies":"Centurion and Healer","floor":31,"turns":5},{"damage":20,"enemies":"Collector","floor":33,"turns":6},{"damage":22,"enemies":"3 Shapes","floor":35,"turns":4},{"damage":13,"enemies":"3 Darklings","floor":36,"turns":2},{"damage":4,"enemies":"Sphere and 2 Shapes","floor":40,"turns":1},{"damage":27,"enemies":"Nemesis","floor":41,"turns":7},{"damage":25,"enemies":"Transient","floor":42,"turns":3}],"seed_played":"-4673364148342283507","potions_obtained":[{"floor":3,"key":"Strength Potion"},{"floor":6,"key":"FocusPotion"},{"floor":8,"key":"Ancient Potion"},{"floor":12,"key":"Dexterity Potion"},{"floor":13,"key":"GamblersBrew"},{"floor":18,"key":"Energy Potion"},{"floor":20,"key":"Strength Potion"},{"floor":30,"key":"SkillPotion"},{"floor":35,"key":"Ancient Potion"},{"floor":36,"key":"Block Potion"},{"floor":40,"key":"AttackPotion"},{"floor":41,"key":"FearPotion"}],"is_trial":false,"path_per_floor":["M","M","M","?","M","E","R","E","T","R","?","M","M","E","R","B",null,"M","M","M","?","?","E","R","R","T","R","$","M","E","M","R","B",null,"M","M","$","?","$","M","E","M"],"character_chosen":"DEFECT","items_purchased":["Consume","Ornamental Fan","Potion Belt","Defragment","Core Surge"],"campfire_rested":3,"item_purchase_floors":[28,28,37,37,39],"current_hp_per_floor":[68,68,68,68,67,30,30,26,26,48,48,47,47,34,34,22,62,62,58,48,48,48,22,44,44,44,44,44,37,21,23,45,27,63,43,32,32,32,32,30,5,0],"gold":61,"neow_bonus":"UPGRADE_CARD","is_prod":false,"is_daily":false,"chose_seed":false,"campfire_upgraded":4,"win_rate":0,"timestamp":1563690076,"path_taken":["M","?","M","?","M","E","R","E","T","R","?","M","M","E","R","BOSS","M","M","?","?","?","E","R","R","T","R","$","M","E","M","R","BOSS","M","M","$","?","$","M","E","M"],"build_version":"2019-07-17","purchased_purges":1,"victory":false,"max_hp_per_floor":[75,75,75,75,75,75,75,75,75,75,75,75,75,75,75,75,75,75,75,75,75,75,75,75,75,75,75,75,75,75,75,75,75,75,75,75,75,75,75,75,75,75],"card_choices":[{"not_picked":["Turbo","Streamline"],"picked":"Ball Lightning","floor":1},{"not_picked":["Force Field","Beam Cell"],"picked":"Leap","floor":2},{"not_picked":["Storm","Genetic Algorithm"],"picked":"Coolheaded","floor":3},{"not_picked":["Fusion","Barrage"],"picked":"FTL","floor":5},{"not_picked":["Loop","Ball Lightning"],"picked":"Conserve Battery","floor":6},{"not_picked":["Hyperbeam","Gash"],"picked":"Reinforced Body","floor":8},{"not_picked":["Coolheaded","Hologram"],"picked":"Go for the Eyes","floor":12},{"not_picked":["Coolheaded","Fission"],"picked":"Double Energy","floor":13},{"not_picked":["Tempest","Redo"],"picked":"Compile Driver","floor":14},{"not_picked":["Buffer","Machine Learning"],"picked":"Hyperbeam","floor":16},{"not_picked":["Steam+1","Leap"],"picked":"Loop+1","floor":18},{"not_picked":["Scrape","Heatsinks"],"picked":"Go for the Eyes+1","floor":19},{"not_picked":["Recycle+1","Go for the Eyes"],"picked":"Capacitor","floor":20},{"not_picked":["Sweeping Beam","Skim"],"picked":"Capacitor","floor":23},{"not_picked":["Static Discharge","Melter"],"picked":"Doom and Gloom+1","floor":29},{"not_picked":["Undo+1","Self Repair"],"picked":"White Noise+1","floor":30},{"not_picked":["Beam Cell","Sunder"],"picked":"Ball Lightning","floor":31},{"not_picked":["Thunder Strike","Amplify"],"picked":"Rainbow","floor":33},{"not_picked":["Redo","Reprogram+1"],"picked":"Chill","floor":35},{"not_picked":["Auto Shields","Blizzard+1","Gash"],"picked":"SKIP","floor":36},{"not_picked":["Beam Cell","Auto Shields"],"picked":"Capacitor+1","floor":40},{"not_picked":["Stack+1","Compile Driver+1"],"picked":"Self Repair+1","floor":41}],"player_experience":339546,"relics_obtained":[{"floor":6,"key":"Turnip"},{"floor":8,"key":"Pen Nib"},{"floor":9,"key":"Bag of Marbles"},{"floor":14,"key":"Letter Opener"},{"floor":23,"key":"WingedGreaves"},{"floor":26,"key":"Blood Vial"},{"floor":30,"key":"MawBank"},{"floor":41,"key":"Question Card"}],"event_choices":[{"cards_removed":["Strike_B"],"damage_healed":0,"gold_gain":0,"player_choice":"Card Removal","damage_taken":0,"max_hp_gain":0,"max_hp_loss":0,"event_name":"The Cleric","floor":4,"gold_loss":50},{"damage_healed":0,"gold_gain":0,"cards_transformed":["Strike_B"],"player_choice":"Transformed","damage_taken":0,"max_hp_gain":0,"max_hp_loss":0,"event_name":"Transmorgrifier","floor":11,"gold_loss":0,"cards_obtained":["Doom and Gloom"]},{"damage_healed":0,"gold_gain":0,"player_choice":"Ignored","damage_taken":0,"max_hp_gain":0,"max_hp_loss":0,"event_name":"Vampires","floor":21,"gold_loss":0},{"damage_healed":0,"gold_gain":0,"player_choice":"Ignored","damage_taken":0,"max_hp_gain":0,"max_hp_loss":0,"event_name":"Ghosts","floor":22,"gold_loss":0},{"cards_removed":["Compile Driver"],"damage_healed":0,"gold_gain":0,"player_choice":"Removed Attack","damage_taken":0,"max_hp_gain":0,"max_hp_loss":0,"event_name":"Falling","floor":38,"gold_loss":0}],"is_beta":false,"boss_relics":[{"not_picked":["Fusion Hammer","Pandora\u0027s Box"],"picked":"Nuclear Battery"},{"not_picked":["Lizard Tail","Calling Bell"],"picked":"White Beast Statue"}],"items_purged_floors":[28],"is_endless":false,"potions_floor_spawned":[3,6,8,12,13,18,20,30,35,36,40,41],"killed_by":"Transient","ascension_level":7}