{"gold_per_floor":[112,112,62,10,85,113,113,123,148,148,161,193,193,18,18,119,119,135,26,37,50,50,50,50,50,50,64,64,64,64,93,93,189,189,208,208,228,246,266,266,282,282,308,308,318,318,166,179,179,179],"floor_reached":50,"playtime":3592,"items_purged":["Defend_B","Steam Power"],"score":493,"play_id":"7e8508b3-6a39-4791-8921-97b815bc8102","local_time":"20190810002425","is_ascension_mode":false,"campfire_choices":[{"data":"Capacitor","floor":7,"key":"SMITH"},{"floor":10,"key":"REST"},{"data":"Defend_B","floor":15,"key":"PURGE"},{"floor":23,"key":"RECALL"},{"data":"Defend_B","floor":25,"key":"PURGE"},{"floor":29,"key":"REST"},{"floor":32,"key":"REST"},{"data":"Defragment","floor":40,"key":"SMITH"},{"floor":42,"key":"REST"},{"data":"Creative AI","floor":44,"key":"SMITH"},{"data":"Biased Cognition","floor":46,"key":"SMITH"},{"data":"Coolheaded","floor":49,"key":"SMITH"}],"neow_cost":"NONE","seed_source_timestamp":686830284848631,"circlet_count":0,"master_deck":["Strike_B+1","Strike_B+1","Zap+1","Dualcast","Electrodynamics","Cold Snap","Capacitor+1","Beam Cell","Go for the Eyes","All For One","Steam","Biased Cognition+1","Coolheaded+1","Capacitor","Cold Snap+1","Beam Cell","RitualDagger","Genetic Algorithm+1","Ghostly","Ghostly","Ghostly","Ghostly","Ghostly","Creative AI+1","Leap","Leap+1","Reinforced Body+1","Defragment+1","Cold Snap+1","Redo+1","Gash","Static Discharge+1"],"relics":["Cracked Core","Blood Vial","Bronze Scales","Peace Pipe","Regal Pillow","Inserter","Bottled Flame","Nuclear Battery","Strawberry"],"potions_floor_usage":[45],"damage_taken":[{"damage":1,"enemies":"2 Louse","floor":1,"turns":3},{"damage":16,"enemies":"3 Sentries","floor":6,"turns":4},{"damage":10,"enemies":"Small Slimes","floor":8,"turns":3},{"damage":6,"enemies":"Jaw Worm","floor":11,"turns":2},{"damage":29,"enemies":"Lagavulin","floor":12,"turns":5},{"damage":7,"enemies":"Hexaghost","floor":16,"turns":8},{"damage":4,"enemies":"Spheric Guardian","floor":18,"turns":3},{"damage":12,"enemies":"Shell Parasite","floor":20,"turns":4},{"damage":20,"enemies":"3 Cultists","floor":21,"turns":4},{"damage":33,"enemies":"Sentry and Sphere","floor":27,"turns":4},{"damage":23,"enemies":"Slavers","floor":31,"turns":4},{"damage":15,"enemies":"Collector","floor":33,"turns":12},{"damage":19,"enemies":"Orb Walker","floor":35,"turns":4},{"damage":6,"enemies":"3 Darklings","floor":37,"turns":6},{"damage":0,"enemies":"Maw","floor":38,"turns":9},{"damage":0,"enemies":"4 Shapes","floor":39,"turns":5},{"damage":16,"enemies":"Sphere and 2 Shapes","floor":41,"turns":8},{"damage":0,"enemies":"Writhing Mass","floor":45,"turns":9},{"damage":9,"enemies":"4 Shapes","floor":48,"turns":7},{"damage":42,"enemies":"Time Eater","floor":50,"turns":7}],"seed_played":"4770297692779443798","potions_obtained":[{"floor":1,"key":"Block Potion"},{"floor":11,"key":"SteroidPotion"},{"floor":12,"key":"GamblersBrew"},{"floor":21,"key":"Poison Potion"},{"floor":38,"key":"FocusPotion"}],"is_trial":false,"path_per_floor":["M","?","?","$","?","E","R","M","T","R","M","E","?","$","R","B",null,"M","$","M","M","?","R","$","R","T","M","?","R","?","E","R","B",null,"M","?","M","M","M","R","M","R","T","R","M","R","$","M","R","B"],"character_chosen":"DEFECT","items_purchased":["Cold Snap","Regal Pillow","Steam","Capacitor","Gash"],"campfire_rested":4,"item_purchase_floors":[4,14,14,19,47],"current_hp_per_floor":[74,59,59,59,48,32,32,24,24,46,42,15,15,15,15,10,75,71,71,61,43,37,37,37,37,37,6,6,32,28,7,34,21,42,23,23,19,21,23,23,9,36,43,43,45,45,45,38,38,0],"gold":179,"neow_bonus":"TRANSFORM_CARD","is_prod":false,"is_daily":false,"chose_seed":false,"campfire_upgraded":5,"win_rate":0,"timestamp":1565389465,"path_taken":["M","?","?","$","?","E","R","M","T","R","M","E","?","?","R","BOSS","M","$","M","M","?","R","$","R","T","M","?","R","?","E","R","BOSS","M","?","M","?","M","R","M","R","T","R","M","R","$","M","R","BOSS"],"build_version":"2019-07-17","purchased_purges":2,"victory":false,"max_hp_per_floor":[75,75,75,75,75,75,75,75,75,75,75,75,75,75,75,75,75,75,75,75,75,75,75,75,75,75,75,37,37,42,42,42,42,42,42,42,42,42,42,42,42,42,49,49,49,49,49,49,49,49],"card_choices":[{"not_picked":["Blizzard","Barrage"],"picked":"Steam Power","floor":1},{"not_picked":["Double Energy","Beam Cell"],"picked":"Capacitor","floor":6},{"not_picked":["Barrage","Cold Snap"],"picked":"Beam Cell","floor":8},{"not_picked":["Cold Snap","Streamline"],"picked":"Go for the Eyes","floor":11},{"not_picked":["Auto Shields","Coolheaded"],"picked":"All For One","floor":12},{"not_picked":["Meteor Strike","Fission"],"picked":"Biased Cognition","floor":16},{"not_picked":["Chaos","Conserve Battery+1"],"picked":"Coolheaded","floor":18},{"not_picked":["Turbo+1","Redo"],"picked":"Cold Snap+1","floor":20},{"not_picked":["Stack+1","Conserve Battery"],"picked":"Beam Cell","floor":21},{"not_picked":["Melter","Leap"],"picked":"Genetic Algorithm+1","floor":27},{"not_picked":["Sweeping Beam","Leap","Stack+1"],"picked":"SKIP","floor":31},{"not_picked":["Core Surge","Reboot"],"picked":"Creative AI","floor":33},{"not_picked":["Blizzard+1","Fusion"],"picked":"Leap","floor":35},{"not_picked":["Turbo","Genetic Algorithm+1"],"picked":"Leap+1","floor":37},{"not_picked":["Tempest+1","Coolheaded+1"],"picked":"Reinforced Body+1","floor":38},{"not_picked":["Leap","Sweeping Beam"],"picked":"Defragment","floor":39},{"not_picked":["Rebound","Sweeping Beam"],"picked":"Cold Snap+1","floor":41},{"not_picked":["Barrage+1","Conserve Battery+1"],"picked":"Redo+1","floor":45},{"not_picked":["Skim","Blizzard"],"picked":"Static Discharge+1","floor":48}],"player_experience":220061,"relics_obtained":[{"floor":6,"key":"Blood Vial"},{"floor":9,"key":"Bronze Scales"},{"floor":12,"key":"Peace Pipe"},{"floor":31,"key":"Bottled Flame"},{"floor":43,"key":"Strawberry"}],"event_choices":[{"damage_healed":0,"gold_gain":0,"player_choice":"Entered Light","damage_taken":15,"max_hp_gain":0,"max_hp_loss":0,"event_name":"Shining Light","floor":2,"gold_loss":0,"cards_upgraded":["Strike_B","Strike_B"]},{"cards_removed":["Strike_B"],"damage_healed":0,"gold_gain":0,"player_choice":"Card Removal","damage_taken":0,"max_hp_gain":0,"max_hp_loss":0,"event_name":"The Cleric","floor":3,"gold_loss":50},{"damage_healed":0,"gold_gain":75,"player_choice":"Gather Gold","damage_taken":11,"max_hp_gain":0,"max_hp_loss":0,"event_name":"World of Goop","floor":5,"gold_loss":0},{"cards_removed":["Defend_B"],"damage_healed":0,"gold_gain":0,"player_choice":"Forget","damage_taken":0,"max_hp_gain":0,"max_hp_loss":0,"event_name":"Living Wall","floor":13,"gold_loss":0},{"damage_healed":0,"gold_gain":0,"player_choice":"Joined the Cult","damage_taken":6,"max_hp_gain":0,"max_hp_loss":0,"event_name":"Nest","floor":22,"gold_loss":0,"cards_obtained":["RitualDagger"]},{"damage_healed":0,"gold_gain":0,"player_choice":"Became a Ghost","damage_taken":0,"max_hp_gain":0,"max_hp_loss":38,"event_name":"Ghosts","floor":28,"gold_loss":0,"cards_obtained":["Ghostly","Ghostly","Ghostly","Ghostly","Ghostly"]},{"damage_healed":0,"gold_gain":0,"player_choice":"Shed Blood","damage_taken":9,"max_hp_gain":5,"max_hp_loss":0,"event_name":"Forgotten Altar","floor":30,"gold_loss":0},{"damage_healed":0,"gold_gain":0,"player_choice":"Upgraded","damage_taken":0,"max_hp_gain":0,"max_hp_loss":0,"event_name":"Upgrade Shrine","floor":36,"gold_loss":0,"cards_upgraded":["Zap"]}],"is_beta":false,"boss_relics":[{"not_picked":["Eternal Feather","Sozu"],"picked":"Inserter"},{"not_picked":["Pandora\u0027s Box","Cursed Key"],"picked":"Nuclear Battery"}],"items_purged_floors":[19,47],"is_endless":false,"potions_floor_spawned":[1,11,12,21,31,38,39],"killed_by":"Time Eater","ascension_level":0}