{"gold_per_floor":[359,194,207,207,63,96,96,107,107,170,195,195,209,224,224,328,328,339,354,354,381,392,392,417,417,417,0,59,71,81,93,93,196,196,213,226,326,326,336,336,350,104,104,104,134,59,59,59,59,59,59,59,6,34,34],"floor_reached":55,"playtime":5725,"items_purged":["Shame","Strike_B"],"score":928,"play_id":"c1af775f-e991-4958-8553-98d9320feaf1","local_time":"20190718124415","is_ascension_mode":true,"campfire_choices":[{"floor":7,"key":"REST"},{"data":"Zap","floor":12,"key":"SMITH"},{"floor":15,"key":"REST"},{"data":"Beam Cell","floor":23,"key":"SMITH"},{"floor":25,"key":"REST"},{"data":"Sweeping Beam","floor":32,"key":"SMITH"},{"data":"Buffer","floor":40,"key":"SMITH"},{"floor":44,"key":"RECALL"},{"data":"Creative AI","floor":49,"key":"SMITH"},{"data":"Capacitor","floor":52,"key":"SMITH"}],"neow_cost":"CURSE","seed_source_timestamp":78449216584100,"circlet_count":0,"master_deck":["Zap+1","Dualcast+1","Beam Cell+1","Auto Shields","Sweeping Beam+1","White Noise","Coolheaded+1","Redo+1","White Noise+1","Hologram+1","Seek+1","Self Repair","Coolheaded+1","Redo+1","Hologram+1","Cold Snap+1","Conserve Battery+1","Static Discharge","Darkness+1","Steam+1","Force Field+1","Tempest+1","Reboot+1","Echo Form","Biased Cognition","Force Field+1","Glacier+1","Fusion+1","Force Field+1","Buffer+1","Redo+1","Conserve Battery+1","Doom and Gloom","Parasite","Loop","Aggregate+1","Creative AI+1","Beam Cell","Capacitor+1","Capacitor+1","Madness+1","Madness+1","Chrysalis+1","Redo+1","Streamline+1"],"relics":["Cracked Core","War Paint","Toxic Egg 2","Letter Opener","Blood Vial","Turnip","Runic Pyramid","Blue Candle","Pear","Lantern","Tiny Chest","Pandora\u0027s Box","StoneCalendar","DataDisk","Boot","Pen Nib"],"potions_floor_usage":[10,13,22,30,35,50,50,50],"damage_taken":[{"damage":2,"enemies":"Small Slimes","floor":1,"turns":3},{"damage":0,"enemies":"2 Louse","floor":3,"turns":3},{"damage":46,"enemies":"3 Sentries","floor":6,"turns":10},{"damage":1,"enemies":"Jaw Worm","floor":8,"turns":3},{"damage":13,"enemies":"Gremlin Nob","floor":10,"turns":8},{"damage":7,"enemies":"Lagavulin","floor":11,"turns":5},{"damage":0,"enemies":"Red Slaver","floor":13,"turns":3},{"damage":0,"enemies":"2 Fungi Beasts","floor":14,"turns":3},{"damage":13,"enemies":"The Guardian","floor":16,"turns":9},{"damage":5,"enemies":"3 Byrds","floor":18,"turns":3},{"damage":0,"enemies":"Shell Parasite","floor":19,"turns":4},{"damage":4,"enemies":"Centurion and Healer","floor":22,"turns":4},{"damage":74,"enemies":"Gremlin Leader","floor":24,"turns":7},{"damage":16,"enemies":"Book of Stabbing","floor":28,"turns":6},{"damage":2,"enemies":"Sentry and Sphere","floor":29,"turns":4},{"damage":0,"enemies":"Snake Plant","floor":30,"turns":4},{"damage":1,"enemies":"Centurion and Healer","floor":31,"turns":10},{"damage":38,"enemies":"Automaton","floor":33,"turns":13},{"damage":13,"enemies":"3 Darklings","floor":35,"turns":3},{"damage":0,"enemies":"3 Shapes","floor":36,"turns":3},{"damage":0,"enemies":"Mind Bloom Boss Battle","floor":37,"turns":6},{"damage":8,"enemies":"Writhing Mass","floor":39,"turns":7},{"damage":6,"enemies":"Sphere and 2 Shapes","floor":41,"turns":4},{"damage":0,"enemies":"Nemesis","floor":45,"turns":5},{"damage":34,"enemies":"Time Eater","floor":50,"turns":8},{"damage":59,"enemies":"Shield and Spear","floor":54,"turns":7},{"damage":58,"enemies":"The Heart","floor":55,"turns":2}],"seed_played":"719844435728902823","potions_obtained":[{"floor":1,"key":"Weak Potion"},{"floor":6,"key":"SpeedPotion"},{"floor":10,"key":"Block Potion"},{"floor":13,"key":"SteroidPotion"},{"floor":16,"key":"PowerPotion"},{"floor":18,"key":"Strength Potion"},{"floor":28,"key":"SkillPotion"},{"floor":30,"key":"GamblersBrew"},{"floor":31,"key":"AttackPotion"},{"floor":35,"key":"Strength Potion"},{"floor":39,"key":"Fire Potion"}],"is_trial":false,"path_per_floor":["M","$","M","?","$","E","R","M","T","?","E","R","M","M","R","B",null,"M","M","?","T","M","R","E","R","T","$","E","M","M","M","R","B",null,"M","M","?","?","M","R","M","$","T","R","E","$","?","?","R","B",null,"R","$","E","B"],"character_chosen":"DEFECT","items_purchased":["Auto Shields","Sweeping Beam","War Paint","Lantern","Conserve Battery+1","Static Discharge","Darkness+1","Creative AI","Beam Cell","PowerPotion","Capacitor","Redo+1"],"campfire_rested":3,"item_purchase_floors":[2,2,5,27,27,27,27,42,42,42,46,53],"current_hp_per_floor":[73,73,73,78,78,32,56,55,55,42,37,37,39,41,65,54,80,75,80,80,80,80,80,13,37,47,47,40,47,56,64,64,28,90,77,86,90,90,90,90,90,90,90,90,90,90,79,79,79,47,90,90,90,31,0],"gold":34,"neow_bonus":"TWO_FIFTY_GOLD","is_prod":false,"is_daily":false,"chose_seed":false,"campfire_upgraded":6,"win_rate":0,"timestamp":1563468255,"path_taken":["M","$","M","?","$","E","R","M","T","?","E","R","M","M","R","BOSS","M","M","?","?","M","R","E","R","T","$","E","M","?","M","R","BOSS","M","M","?","?","M","R","M","$","T","R","E","$","?","?","R","BOSS","R","$","E","BOSS"],"build_version":"2019-07-17","purchased_purges":2,"victory":false,"max_hp_per_floor":[75,75,75,80,80,80,80,80,80,80,80,80,80,80,80,80,80,80,80,80,80,80,80,80,80,90,90,90,90,90,90,90,90,90,90,90,90,90,90,90,90,90,90,90,90,90,90,90,90,90,90,90,90,90,90],"card_choices":[{"not_picked":["Tempest","Blizzard"],"picked":"Beam Cell","floor":1},{"not_picked":["Chill","Glacier"],"picked":"White Noise","floor":3},{"not_picked":["Reinforced Body","Barrage","Aggregate"],"picked":"SKIP","floor":6},{"not_picked":["Beam Cell","Ball Lightning"],"picked":"Coolheaded+1","floor":8},{"not_picked":["Stack+1","Self Repair"],"picked":"Redo+1","floor":10},{"not_picked":["Streamline","Darkness+1"],"picked":"White Noise+1","floor":11},{"not_picked":["Streamline","Hello World","Barrage"],"picked":"SKIP","floor":13},{"not_picked":["Compile Driver","Steam+1"],"picked":"Hologram+1","floor":14},{"not_picked":["All For One","Electrodynamics"],"picked":"Seek+1","floor":16},{"not_picked":["Gash","Capacitor"],"picked":"Self Repair","floor":18},{"not_picked":["Undo+1","Darkness+1"],"picked":"Coolheaded+1","floor":19},{"not_picked":["Cold Snap+1","Stack+1"],"picked":"Hologram+1","floor":22},{"not_picked":["Turbo+1","Hologram+1"],"picked":"Cold Snap+1","floor":24},{"not_picked":["Streamline","Hologram+1","Sweeping Beam+1"],"picked":"SKIP","floor":28},{"not_picked":["Ball Lightning","Sweeping Beam"],"picked":"Steam+1","floor":29},{"not_picked":["Turbo+1","Static Discharge"],"picked":"Force Field+1","floor":30},{"not_picked":["FTL","Skim+1"],"picked":"Tempest+1","floor":31},{"not_picked":["Machine Learning","Fission+1"],"picked":"Reboot+1","floor":33},{"not_picked":["Barrage+1","Stack+1"],"picked":"Redo+1","floor":35},{"not_picked":["Aggregate+1","Leap+1"],"picked":"Conserve Battery+1","floor":36},{"not_picked":["Barrage","Coolheaded+1"],"picked":"Doom and Gloom","floor":37},{"not_picked":["Cold Snap+1","Self Repair+1"],"picked":"Loop","floor":39},{"not_picked":["Glacier+1","Barrage"],"picked":"Aggregate+1","floor":41},{"not_picked":["Ball Lightning+1","Barrage"],"picked":"Capacitor+1","floor":45},{"not_picked":["Madness+1","Good Instincts+1"],"picked":"Chrysalis+1","floor":48},{"not_picked":["Hologram+1","All For One"],"picked":"Streamline+1","floor":54}],"player_experience":269627,"relics_obtained":[{"floor":6,"key":"Toxic Egg 2"},{"floor":9,"key":"Letter Opener"},{"floor":10,"key":"Blood Vial"},{"floor":11,"key":"Turnip"},{"floor":24,"key":"Blue Candle"},{"floor":26,"key":"Pear"},{"floor":28,"key":"Tiny Chest"},{"floor":37,"key":"StoneCalendar"},{"floor":43,"key":"DataDisk"},{"floor":45,"key":"Boot"},{"floor":54,"key":"Pen Nib"}],"event_choices":[{"damage_healed":0,"gold_gain":0,"player_choice":"Donut","damage_taken":0,"max_hp_gain":5,"max_hp_loss":0,"event_name":"Big Fish","floor":4,"gold_loss":0},{"damage_healed":0,"gold_gain":30,"player_choice":"Searched \u00272\u0027 times","damage_taken":0,"max_hp_gain":0,"max_hp_loss":0,"event_name":"Dead Adventurer","floor":10,"gold_loss":0},{"damage_healed":0,"gold_gain":0,"player_choice":"Read","damage_taken":0,"max_hp_gain":0,"max_hp_loss":0,"event_name":"The Library","floor":20,"gold_loss":0,"cards_obtained":["Redo"]},{"damage_healed":0,"gold_gain":0,"player_choice":"Fight","damage_taken":0,"max_hp_gain":0,"max_hp_loss":0,"event_name":"MindBloom","floor":37,"gold_loss":0},{"damage_healed":0,"gold_gain":0,"player_choice":"Ignored","damage_taken":0,"max_hp_gain":0,"max_hp_loss":0,"event_name":"Tomb of Lord Red Mask","floor":38,"gold_loss":0},{"damage_healed":0,"gold_gain":0,"player_choice":"Embrace Madness","damage_taken":11,"max_hp_gain":0,"max_hp_loss":0,"event_name":"Winding Halls","floor":47,"gold_loss":0,"cards_obtained":["Madness","Madness"]},{"damage_healed":0,"gold_gain":0,"player_choice":"Memory 1","damage_taken":0,"max_hp_gain":0,"max_hp_loss":0,"event_name":"SensoryStone","floor":48,"gold_loss":0}],"is_beta":false,"boss_relics":[{"not_picked":["White Beast Statue","Astrolabe"],"picked":"Runic Pyramid"},{"not_picked":["Tiny House","Coffee Dripper"],"picked":"Pandora\u0027s Box"}],"items_purged_floors":[2,27],"is_endless":false,"potions_floor_spawned":[1,6,10,13,16,18,28,30,31,35,39,41],"killed_by":"The Heart","ascension_level":3}