{"gold_per_floor":[117,136,236,255,267,293,293,25,25,43,71,71,96,109,109,211,211,226,246,263,282,1,1,28,28,51,51,51,81,81,111,111,212,212,232,55,55,55,330,330,350,370,370,389,389,399,429,448,448,448],"floor_reached":51,"playtime":8699,"items_purged":[],"score":867,"play_id":"106bdc55-691e-4235-8a11-ac62be688244","local_time":"20181116195306","is_ascension_mode":true,"campfire_choices":[{"data":"Bash","floor":7,"key":"SMITH"},{"data":"Infernal Blade","floor":15,"key":"SMITH"},{"data":"Seeing Red","floor":23,"key":"SMITH"},{"data":"Armaments","floor":27,"key":"SMITH"},{"floor":30,"key":"REST"},{"data":"Offering","floor":32,"key":"SMITH"},{"floor":40,"key":"REST"},{"floor":45,"key":"REST"},{"floor":49,"key":"REST"}],"neow_cost":"NONE","seed_source_timestamp":2875922088352,"circlet_count":0,"master_deck":["Strike_R+1","Strike_R+1","Strike_R+1","Strike_R+1","Defend_R+1","Defend_R+1","Defend_R+1","Defend_R+1","Bash+1","Iron Wave+1","Clothesline+1","Anger+1","Thunderclap+1","Shrug It Off+1","Shrug It Off+1","Rage+1","Infernal Blade+1","Dark Embrace+1","Anger+1","Seeing Red+1","Fiend Fire+1","Blood for Blood+1","Twin Strike+1","Anger+1","Pommel Strike+1","Seeing Red+1","Infernal Blade+1","Cleave+1","Armaments+1","Twin Strike+1","Offering+1","Impervious+1","Shrug It Off+1","Chrysalis+1","Dark Shackles+1","Mind Blast+1","Dark Shackles+1","Regret","Metallicize+1","Parasite","Twin Strike+1","Injury","Shrug It Off+1","Anger+1","Metallicize+1","Uppercut+1"],"relics":["Burning Blood","Anchor","Strawberry","Pantograph","Meat on the Bone","Charon\u0027s Ashes","Molten Egg 2","Runic Pyramid","DollysMirror","Red Skull","MutagenicStrength","Happy Flower","Paper Frog","Gremlin Horn","Cursed Key","Mark of the Bloom","Boot","Mango"],"potions_floor_usage":[6,16,16,20,50,50,50],"damage_taken":[{"damage":5,"enemies":"Small Slimes","floor":1,"turns":5},{"damage":1,"enemies":"Cultist","floor":2,"turns":3},{"damage":0,"enemies":"2 Louse","floor":4,"turns":3},{"damage":6,"enemies":"2 Fungi Beasts","floor":5,"turns":4},{"damage":26,"enemies":"Lagavulin","floor":6,"turns":6},{"damage":0,"enemies":"Red Slaver","floor":10,"turns":3},{"damage":29,"enemies":"3 Sentries","floor":11,"turns":9},{"damage":35,"enemies":"Gremlin Nob","floor":13,"turns":6},{"damage":4,"enemies":"Large Slime","floor":14,"turns":5},{"damage":51,"enemies":"Hexaghost","floor":16,"turns":9},{"damage":0,"enemies":"Shell Parasite","floor":18,"turns":2},{"damage":7,"enemies":"3 Byrds","floor":19,"turns":3},{"damage":0,"enemies":"Cultist and Chosen","floor":20,"turns":3},{"damage":9,"enemies":"Chosen and Byrds","floor":21,"turns":4},{"damage":28,"enemies":"Slavers","floor":24,"turns":5},{"damage":6,"enemies":"Gremlin Leader","floor":29,"turns":5},{"damage":21,"enemies":"Book of Stabbing","floor":31,"turns":4},{"damage":9,"enemies":"Collector","floor":33,"turns":4},{"damage":6,"enemies":"Orb Walker","floor":35,"turns":2},{"damage":7,"enemies":"3 Shapes","floor":41,"turns":4},{"damage":1,"enemies":"Writhing Mass","floor":42,"turns":3},{"damage":0,"enemies":"Jaw Worm Horde","floor":44,"turns":3},{"damage":0,"enemies":"3 Darklings","floor":46,"turns":2},{"damage":37,"enemies":"Reptomancer","floor":47,"turns":4},{"damage":1,"enemies":"4 Shapes","floor":48,"turns":3},{"damage":19,"enemies":"Time Eater","floor":50,"turns":6}],"seed_played":"-6498295257446818132","potions_obtained":[{"floor":4,"key":"Fire Potion"},{"floor":11,"key":"GamblersBrew"},{"floor":13,"key":"Dexterity Potion"},{"floor":14,"key":"LiquidBronze"},{"floor":16,"key":"GamblersBrew"},{"floor":20,"key":"GamblersBrew"},{"floor":33,"key":"SpeedPotion"},{"floor":41,"key":"SteroidPotion"},{"floor":47,"key":"PowerPotion"}],"is_trial":false,"path_per_floor":["M","M","?","M","M","E","R","$","T","M","E","?","E","M","R","B",null,"M","M","M","M","$","R","E","?","T","R","?","E","R","E","R","B",null,"M","$","?","?","?","R","M","M","T","M","R","M","E","M","R","B",null],"character_chosen":"IRONCLAD","items_purchased":["Pantograph","Shrug It Off","Seeing Red","DollysMirror","Cleave+1","Chrysalis"],"campfire_rested":4,"item_purchase_floors":[8,8,22,22,22,36],"current_hp_per_floor":[80,80,80,80,80,67,67,67,67,73,50,50,33,47,47,39,87,87,86,87,84,84,84,62,62,62,62,62,62,87,72,72,84,87,87,87,77,77,77,77,70,69,69,69,69,69,32,31,31,12],"gold":448,"neow_bonus":"RANDOM_COMMON_RELIC","is_prod":false,"is_daily":false,"chose_seed":false,"campfire_upgraded":5,"win_rate":0,"timestamp":1542415986,"path_taken":["M","M","?","?","M","E","R","$","T","M","E","?","E","M","R","BOSS","M","?","M","M","$","R","E","?","T","R","?","E","R","E","R","BOSS","M","$","?","?","?","R","M","M","T","M","R","M","E","M","R","BOSS"],"build_version":"2018-11-15","purchased_purges":0,"victory":true,"max_hp_per_floor":[80,80,80,80,80,87,87,87,87,87,87,87,87,87,87,87,87,87,87,87,87,87,87,87,87,87,87,87,87,87,87,87,87,87,87,87,87,87,87,87,87,87,87,87,87,87,101,101,101,101],"card_choices":[{"not_picked":["Flex","Corruption"],"picked":"Iron Wave","floor":1},{"not_picked":["Body Slam","True Grit"],"picked":"Clothesline","floor":2},{"not_picked":["Rupture","True Grit"],"picked":"Anger","floor":4},{"not_picked":["Body Slam","Warcry"],"picked":"Thunderclap","floor":5},{"not_picked":["Body Slam","Brutality"],"picked":"Shrug It Off","floor":6},{"not_picked":["Headbutt","Burning Pact"],"picked":"Rage","floor":10},{"not_picked":["Reckless Charge","Reaper"],"picked":"Infernal Blade","floor":11},{"not_picked":["Thunderclap","Blood for Blood"],"picked":"Anger","floor":13},{"not_picked":["Feel No Pain","Sword Boomerang+1"],"picked":"Seeing Red","floor":14},{"not_picked":["Berserk","Brutality"],"picked":"Fiend Fire+1","floor":16},{"not_picked":["Entrench","Reckless Charge+1"],"picked":"Blood for Blood+1","floor":18},{"not_picked":["Warcry","True Grit"],"picked":"Twin Strike+1","floor":19},{"not_picked":["Warcry+1","Thunderclap+1"],"picked":"Anger+1","floor":20},{"not_picked":["Entrench","Anger+1"],"picked":"Pommel Strike+1","floor":21},{"not_picked":["Reckless Charge+1","Dropkick+1"],"picked":"Armaments","floor":24},{"not_picked":["Second Wind","Body Slam+1"],"picked":"Twin Strike+1","floor":29},{"not_picked":["Sword Boomerang+1","Cleave+1"],"picked":"Offering","floor":31},{"not_picked":["Brutality","Reaper+1"],"picked":"Impervious","floor":33},{"not_picked":["Body Slam+1","Thunderclap+1"],"picked":"Shrug It Off+1","floor":35},{"not_picked":["Secret Weapon","Madness"],"picked":"Dark Shackles","floor":37},{"not_picked":["Jack Of All Trades","Discovery"],"picked":"Mind Blast+1","floor":37},{"not_picked":["Jack Of All Trades","Blind"],"picked":"Dark Shackles","floor":37},{"not_picked":["Anger+1","Seeing Red"],"picked":"Metallicize+1","floor":41},{"not_picked":["Blood for Blood+1","Pummel+1"],"picked":"Twin Strike+1","floor":42},{"not_picked":["Ghostly Armor","Flex+1"],"picked":"Shrug It Off+1","floor":44},{"not_picked":["Headbutt+1","Second Wind"],"picked":"Anger+1","floor":46},{"not_picked":["True Grit","Intimidate"],"picked":"Metallicize+1","floor":47},{"not_picked":["Heavy Blade+1","Warcry"],"picked":"Uppercut+1","floor":48}],"player_experience":22014,"relics_obtained":[{"floor":6,"key":"Strawberry"},{"floor":9,"key":"Meat on the Bone"},{"floor":11,"key":"Charon\u0027s Ashes"},{"floor":13,"key":"Molten Egg 2"},{"floor":24,"key":"Red Skull"},{"floor":26,"key":"Happy Flower"},{"floor":29,"key":"Paper Frog"},{"floor":31,"key":"Gremlin Horn"},{"floor":43,"key":"Boot"},{"floor":47,"key":"Mango"}],"event_choices":[{"damage_healed":0,"gold_gain":100,"player_choice":"Pray","damage_taken":0,"max_hp_gain":0,"max_hp_loss":0,"event_name":"Golden Shrine","floor":3,"gold_loss":0},{"damage_healed":0,"gold_gain":0,"cards_transformed":["Strike_R"],"player_choice":"Transformed","damage_taken":0,"max_hp_gain":0,"max_hp_loss":0,"event_name":"Transmorgrifier","floor":12,"gold_loss":0,"cards_obtained":["Dark Embrace"]},{"damage_healed":0,"gold_gain":0,"player_choice":"Inject Mutagens","damage_taken":0,"relics_obtained":["MutagenicStrength"],"max_hp_gain":0,"max_hp_loss":0,"event_name":"Drug Dealer","floor":25,"gold_loss":0},{"damage_healed":0,"gold_gain":0,"player_choice":"Ignored","damage_taken":0,"max_hp_gain":0,"max_hp_loss":0,"event_name":"Beggar","floor":28,"gold_loss":0},{"damage_healed":0,"gold_gain":0,"player_choice":"Memory 3","damage_taken":10,"max_hp_gain":0,"max_hp_loss":0,"event_name":"SensoryStone","floor":37,"gold_loss":0},{"damage_healed":0,"gold_gain":0,"player_choice":"Upgrade","damage_taken":0,"relics_obtained":["Mark of the Bloom"],"max_hp_gain":0,"max_hp_loss":0,"event_name":"MindBloom","floor":38,"gold_loss":0,"cards_upgraded":["Strike_R","Strike_R","Strike_R","Strike_R","Defend_R","Defend_R","Defend_R","Defend_R","Iron Wave","Clothesline","Anger","Thunderclap","Shrug It Off","Shrug It Off","Rage","Dark Embrace","Seeing Red","Impervious","Chrysalis","Dark Shackles","Dark Shackles"]},{"damage_healed":0,"gold_gain":275,"player_choice":"Desecrate","damage_taken":0,"max_hp_gain":0,"max_hp_loss":0,"event_name":"Golden Shrine","floor":39,"gold_loss":0,"cards_obtained":["Regret"]}],"is_beta":false,"boss_relics":[{"not_picked":["Ectoplasm","Runic Dome"],"picked":"Runic Pyramid"},{"not_picked":["Busted Crown","Lizard Tail"],"picked":"Cursed Key"}],"items_purged_floors":[],"is_endless":false,"potions_floor_spawned":[4,11,13,14,16,20,33,41,47,48],"ascension_level":1}