{"gold_per_floor":[109,129,205,223,223,223,242,272,298,298,94,105,280,294,294,390,390,402,44,55,0,0,0,26,26,73,73,108,128,139,152,152,254,254,273,25,25,40,51,82,82,117,165,177,53,79,79,110,110,110],"floor_reached":51,"playtime":3129,"items_purged":["Strike_B","Strike_B","Doubt"],"score":855,"play_id":"6180e3b5-6c07-4d05-873f-5d8fd71659ce","local_time":"20190428175550","is_ascension_mode":false,"campfire_choices":[{"data":"Zap","floor":6.0,"key":"SMITH"},{"data":"Dualcast","floor":10.0,"key":"SMITH"},{"data":"Discovery","floor":15.0,"key":"SMITH"},{"data":"Storm","floor":23.0,"key":"SMITH"},{"data":"Amplify","floor":25,"key":"SMITH"},{"data":"Loop","floor":27,"key":"SMITH"},{"data":"Hologram","floor":32,"key":"SMITH"},{"data":"Consume","floor":41,"key":"SMITH"},{"data":"Loop","floor":47,"key":"SMITH"},{"data":"Impatience","floor":49,"key":"SMITH"}],"neow_cost":"NONE","seed_source_timestamp":196338690033,"circlet_count":0,"master_deck":["Defend_B","Defend_B+1","Defend_B","Zap+1","Dualcast+1","Cold Snap","Self Repair","Glacier","White Noise+1","Discovery+1","Loop+1","Ball Lightning+1","Machine Learning","Stack","Storm+1","Doom and Gloom+1","Go for the Eyes+1","Chill","Loop+1","Amplify+1","Hologram+1","Impatience+1","Consume+1","Aggregate","Consume+1","Turbo","Skim"],"special_seed":0,"relics":["Eternal Feather","Shuriken","Strawberry","Ornamental Fan","Centennial Puzzle","Busted Crown","DataDisk","War Paint","Dream Catcher","Whetstone","Philosopher\u0027s Stone","Blood Vial","Blue Candle","Bag of Preparation","Bronze Scales","Pantograph"],"potions_floor_usage":[33,38,40,50,50,50],"damage_taken":[{"damage":5.0,"enemies":"Cultist","floor":1.0,"turns":4.0},{"damage":0.0,"enemies":"Small Slimes","floor":2.0,"turns":4.0},{"damage":1.0,"enemies":"Jaw Worm","floor":4.0,"turns":4.0},{"damage":9.0,"enemies":"3 Louse","floor":7.0,"turns":3.0},{"damage":8.0,"enemies":"3 Sentries","floor":8.0,"turns":3.0},{"damage":2.0,"enemies":"Looter","floor":12.0,"turns":4.0},{"damage":9.0,"enemies":"Lots of Slimes","floor":14.0,"turns":6.0},{"damage":27.0,"enemies":"Hexaghost","floor":16.0,"turns":8.0},{"damage":10.0,"enemies":"Chosen","floor":18.0,"turns":4.0},{"damage":15.0,"enemies":"2 Thieves","floor":20.0,"turns":4.0},{"damage":27.0,"enemies":"Slavers","floor":24.0,"turns":4.0},{"damage":18,"enemies":"Gremlin Leader","floor":28,"turns":5},{"damage":8,"enemies":"Snecko","floor":29,"turns":4},{"damage":7,"enemies":"Sentry and Sphere","floor":30,"turns":3},{"damage":1,"enemies":"3 Cultists","floor":31,"turns":3},{"damage":28,"enemies":"Automaton","floor":33,"turns":8},{"damage":14,"enemies":"3 Darklings","floor":35,"turns":4},{"damage":1,"enemies":"3 Shapes","floor":38,"turns":3},{"damage":11,"enemies":"3 Darklings","floor":39,"turns":2},{"damage":12,"enemies":"Reptomancer","floor":40,"turns":5},{"damage":16,"enemies":"Giant Head","floor":42,"turns":7},{"damage":12,"enemies":"Writhing Mass","floor":44,"turns":4},{"damage":15,"enemies":"Reptomancer","floor":46,"turns":7},{"damage":0,"enemies":"Nemesis","floor":48,"turns":5},{"damage":63,"enemies":"Awakened One","floor":50,"turns":7}],"seed_played":"4411188217674019083","potions_obtained":[{"floor":2.0,"key":"Fruit Juice"},{"floor":7.0,"key":"PowerPotion"},{"floor":8.0,"key":"EssenceOfSteel"},{"floor":14.0,"key":"EntropicBrew"},{"floor":18.0,"key":"Explosive Potion"},{"floor":20.0,"key":"Energy Potion"},{"floor":30,"key":"SkillPotion"},{"floor":35,"key":"Block Potion"},{"floor":42,"key":"Swift Potion"}],"is_trial":false,"path_per_floor":["M","M","T","M","?","R","M","E","T","R","$","M","?","M","R","B",null,"M","$","M","?","?","R","E","R","T","R","E","M","M","M","R","B",null,"M","$","?","M","M","E","R","E","T","M","$","E","R","E","R","B",null],"character_chosen":"DEFECT","items_purchased":["White Noise","Discovery","DataDisk","Storm","Doom and Gloom","Impatience","Consume","Turbo","LiquidBronze"],"campfire_rested":0,"item_purchase_floors":[11,11,19,19,19,36,36,45,45],"current_hp_per_floor":[70,75,75,74,69,75,66,65,65,71,71,69,69,67,76,56,87,84,84,76,76,76,87,60,72,72,84,73,65,65,71,83,55,87,87,87,87,87,83,78,87,78,78,82,82,76,87,87,87,31],"gold":110,"neow_bonus":"BOSS_RELIC","is_prod":false,"is_daily":false,"chose_seed":false,"campfire_upgraded":10,"win_rate":0,"timestamp":1556495750,"path_taken":["M","M","?","M","?","R","M","E","T","R","$","M","?","M","R","BOSS","M","$","M","?","?","R","E","R","T","R","E","M","M","M","R","BOSS","M","$","?","M","M","E","R","E","T","M","$","E","R","E","R","BOSS"],"build_version":"2019-01-23","purchased_purges":3,"victory":true,"max_hp_per_floor":[75,80,80,80,87,87,87,87,87,87,87,87,87,87,87,87,87,87,87,87,87,87,87,87,87,87,87,87,87,87,87,87,87,87,87,87,87,87,87,87,87,87,87,87,87,87,87,87,87,87],"card_choices":[{"not_picked":["Sweeping Beam","Leap"],"picked":"Cold Snap","floor":1.0},{"not_picked":["Sweeping Beam","Rip and Tear","Beam Cell"],"picked":"SKIP","floor":2.0},{"not_picked":["Steam","Reprogram","Streamline"],"picked":"SKIP","floor":4.0},{"not_picked":["Rebound","Go for the Eyes"],"picked":"Self Repair","floor":7.0},{"not_picked":["Steam Power","Consume"],"picked":"Glacier","floor":8.0},{"not_picked":["Redo","Ball Lightning"],"picked":"Loop","floor":12.0},{"not_picked":["Sweeping Beam","Compile Driver"],"picked":"Ball Lightning","floor":14.0},{"not_picked":["Rainbow","Biased Cognition"],"picked":"Machine Learning","floor":16.0},{"not_picked":[],"picked":"Stack","floor":18.0},{"not_picked":[],"picked":"Go for the Eyes+1","floor":20.0},{"not_picked":[],"picked":"Amplify","floor":24},{"not_picked":["Hologram"],"picked":"SKIP","floor":28},{"not_picked":[],"picked":"Hologram","floor":28},{"not_picked":["Gash"],"picked":"SKIP","floor":29},{"not_picked":["Barrage"],"picked":"SKIP","floor":30},{"not_picked":["Gash"],"picked":"SKIP","floor":31},{"not_picked":["Barrage"],"picked":"SKIP","floor":35},{"not_picked":["Gash"],"picked":"SKIP","floor":38},{"not_picked":["Sweeping Beam"],"picked":"SKIP","floor":39},{"not_picked":[],"picked":"Aggregate","floor":40},{"not_picked":[],"picked":"Consume+1","floor":42},{"not_picked":["Reprogram"],"picked":"SKIP","floor":44},{"not_picked":["Stack"],"picked":"SKIP","floor":46},{"not_picked":[],"picked":"Skim","floor":48}],"player_experience":1322084,"relics_obtained":[{"floor":3.0,"key":"Shuriken"},{"floor":8.0,"key":"Ornamental Fan"},{"floor":9.0,"key":"Centennial Puzzle"},{"floor":24,"key":"War Paint"},{"floor":26,"key":"Dream Catcher"},{"floor":28,"key":"Whetstone"},{"floor":40,"key":"Blood Vial"},{"floor":42,"key":"Blue Candle"},{"floor":43,"key":"Bag of Preparation"},{"floor":46,"key":"Bronze Scales"},{"floor":48,"key":"Pantograph"}],"event_choices":[{"damage_healed":0.0,"max_hp_gain":0.0,"max_hp_loss":0.0,"gold_gain":0.0,"event_name":"Scrap Ooze","player_choice":"Success","floor":5.0,"gold_loss":0.0,"damage_taken":12.0,"relics_obtained":["Strawberry"]},{"damage_healed":0.0,"max_hp_gain":0.0,"max_hp_loss":0.0,"gold_gain":175.0,"event_name":"Liars Game","player_choice":"AGREE","floor":13.0,"gold_loss":0.0,"damage_taken":0.0,"cards_obtained":["Doubt"]},{"damage_healed":0.0,"max_hp_gain":0.0,"max_hp_loss":0.0,"gold_gain":0.0,"event_name":"Masked Bandits","player_choice":"Paid Fearfully","floor":21.0,"gold_loss":55.0,"damage_taken":0.0},{"damage_healed":0.0,"max_hp_gain":0.0,"max_hp_loss":0.0,"gold_gain":0.0,"cards_transformed":["Strike_B","Strike_B"],"event_name":"Drug Dealer","player_choice":"Became Test Subject","floor":22.0,"gold_loss":0.0,"damage_taken":0.0,"cards_obtained":["Chill","Loop"]},{"cards_removed":["Defend_B"],"damage_healed":0,"gold_gain":0,"player_choice":"Removed Skill","damage_taken":0,"max_hp_gain":0,"max_hp_loss":0,"event_name":"Falling","floor":37,"gold_loss":0}],"is_beta":false,"boss_relics":[{"not_picked":["Pandora\u0027s Box","Astrolabe"],"picked":"Busted Crown"},{"not_picked":["Tiny House","Orrery"],"picked":"Philosopher\u0027s Stone"}],"items_purged_floors":[11,19,36],"is_endless":false,"potions_floor_spawned":[2,7,8,14,18,20,30,35,42,46,48],"ascension_level":0}