{"gold_per_floor":[114,80,255,255,180,180,206,206,206,236,236,252,275,275,275,371,371,389,439,452,377,394,394,427,427,451,451,476,493,191,106,106,208,208,220,220,220,320,542,542,562,290,290,565,598,610,971,171,171,171],"floor_reached":51,"playtime":1798,"items_purged":["Strike_B","Strike_B","Defend_B","Parasite"],"score":790,"play_id":"c9d904d7-159b-44e8-9fcb-f16febd63132","local_time":"20190503101926","is_ascension_mode":false,"campfire_choices":[{"data":"Zap","floor":6.0,"key":"SMITH"},{"data":"Tempest","floor":8.0,"key":"SMITH"},{"data":"Hologram","floor":11.0,"key":"SMITH"},{"data":"Dualcast","floor":15.0,"key":"SMITH"},{"data":"White Noise","floor":23.0,"key":"SMITH"},{"data":"Coolheaded","floor":25.0,"key":"SMITH"},{"data":"Conserve Battery","floor":32.0,"key":"SMITH"},{"data":"Master of Strategy","floor":40.0,"key":"SMITH"},{"data":"Master of Strategy","floor":46.0,"key":"SMITH"},{"data":"Hello World","floor":49,"key":"SMITH"}],"neow_cost":"NONE","seed_source_timestamp":58201561993205,"circlet_count":0,"master_deck":["Strike_B","Defend_B","Defend_B","Zap+1","Dualcast+1","Tempest+1","White Noise+1","Hologram+1","Coolheaded+1","Cold Snap","All For One","Conserve Battery+1","Capacitor+1","Defragment+1","Defragment+1","All For One","Master of Strategy+1","Flash of Steel","Master of Strategy+1","Ball Lightning","Hologram+1","Defragment+1","Hello World+1","White Noise","Dark Shackles","Stack"],"special_seed":0,"relics":["Cracked Core","NeowsBlessing","Spirit Poop","Art of War","Gambling Chip","Mango","Odd Mushroom","Meat on the Bone","Runic Dome","Red Mask","Lantern","Ornamental Fan","Bird Faced Urn","DollysMirror","Juzu Bracelet","Cursed Key","StoneCalendar","Bag of Preparation","Omamori","MawBank","Old Coin","ClockworkSouvenir","Orichalcum"],"potions_floor_usage":[50,50,50],"damage_taken":[{"damage":0.0,"enemies":"Cultist","floor":1.0,"turns":1.0},{"damage":0.0,"enemies":"Lagavulin","floor":7.0,"turns":1.0},{"damage":0.0,"enemies":"3 Sentries","floor":10.0,"turns":1.0},{"damage":5.0,"enemies":"Small Slimes","floor":12.0,"turns":2.0},{"damage":4.0,"enemies":"The Mushroom Lair","floor":13.0,"turns":4.0},{"damage":54.0,"enemies":"Hexaghost","floor":16.0,"turns":12.0},{"damage":8.0,"enemies":"3 Byrds","floor":18.0,"turns":5.0},{"damage":0.0,"enemies":"Spheric Guardian","floor":20.0,"turns":2.0},{"damage":5.0,"enemies":"Snecko","floor":22.0,"turns":4.0},{"damage":43.0,"enemies":"Masked Bandits","floor":24.0,"turns":4.0},{"damage":11.0,"enemies":"Book of Stabbing","floor":28.0,"turns":5.0},{"damage":0.0,"enemies":"Sentry and Sphere","floor":29.0,"turns":5.0},{"damage":26.0,"enemies":"Automaton","floor":33.0,"turns":8.0},{"damage":0.0,"enemies":"3 Darklings","floor":35.0,"turns":3.0},{"damage":1.0,"enemies":"Mind Bloom Boss Battle","floor":38.0,"turns":4.0},{"damage":0.0,"enemies":"3 Shapes","floor":41.0,"turns":2.0},{"damage":1.0,"enemies":"Reptomancer","floor":45.0,"turns":5.0},{"damage":36.0,"enemies":"2 Orb Walkers","floor":47.0,"turns":4.0},{"damage":15,"enemies":"Time Eater","floor":50,"turns":8}],"seed_played":"-200067793042507630","potions_obtained":[{"floor":10.0,"key":"Dexterity Potion"},{"floor":12.0,"key":"Regen Potion"},{"floor":24.0,"key":"FearPotion"},{"floor":35.0,"key":"Regen Potion"}],"is_trial":false,"path_per_floor":["M","$","?","?","$","R","E","R","T","E","R","M","?","?","R","B",null,"M","?","M","?","M","R","?","R","T","T","E","M","$","?","R","B",null,"M","?","?","?","?","R","M","$","T","?","E","R","?","$","R","B",null],"character_chosen":"DEFECT","items_purchased":["Tempest","DollysMirror","Bag of Preparation","ClockworkSouvenir","Hello World","White Noise","Orichalcum","SpeedPotion","Dark Shackles","Stack"],"campfire_rested":0,"item_purchase_floors":[2,30,42,48,48,48,48,48,48,48],"current_hp_per_floor":[75,75,75,75,75,75,75,75,75,89,89,84,80,73,73,31,89,81,81,81,81,76,76,45,45,45,45,46,52,52,52,52,46,89,89,89,79,86,86,86,89,89,89,89,88,88,53,53,53,86],"gold":171,"neow_bonus":"THREE_ENEMY_KILL","is_prod":false,"is_daily":false,"chose_seed":false,"campfire_upgraded":10,"win_rate":0,"timestamp":1556900366,"path_taken":["M","?","?","?","$","R","E","R","T","E","R","?","?","?","R","BOSS","M","?","?","?","M","R","?","R","T","?","E","?","$","?","R","BOSS","M","?","?","?","?","R","M","$","T","?","E","R","?","?","R","BOSS"],"build_version":"2019-01-23","purchased_purges":4,"victory":true,"max_hp_per_floor":[75,75,75,75,75,75,75,75,75,89,89,89,89,89,89,89,89,89,89,89,89,89,89,89,89,89,89,89,89,89,89,89,89,89,89,89,89,89,89,89,89,89,89,89,89,89,89,86,86,86],"card_choices":[{"not_picked":["Stack","Barrage","Streamline"],"picked":"SKIP","floor":1.0},{"not_picked":["Hologram","Cold Snap"],"picked":"White Noise","floor":7.0},{"not_picked":["Chill","Beam Cell"],"picked":"Hologram","floor":10.0},{"not_picked":["Gash","Loop"],"picked":"Coolheaded","floor":12.0},{"not_picked":["Scrape","Turbo"],"picked":"Cold Snap","floor":13.0},{"not_picked":["Rainbow","Buffer"],"picked":"All For One","floor":16.0},{"not_picked":["Redo","Rip and Tear"],"picked":"Conserve Battery","floor":18.0},{"not_picked":["Compile Driver","Conserve Battery","Barrage"],"picked":"SKIP","floor":20.0},{"not_picked":["Steam","Gash"],"picked":"Capacitor+1","floor":22.0},{"not_picked":["Coolheaded+1","Blizzard+1"],"picked":"Defragment+1","floor":28.0},{"not_picked":["Leap","Scrape","Fusion"],"picked":"SKIP","floor":29.0},{"not_picked":["Reboot","Seek"],"picked":"All For One","floor":33.0},{"not_picked":["Coolheaded","Beam Cell","Double Energy"],"picked":"SKIP","floor":35.0},{"not_picked":["Dark Shackles","Thinking Ahead"],"picked":"Master of Strategy","floor":37.0},{"not_picked":["Bandage Up","Jack Of All Trades"],"picked":"Flash of Steel","floor":37.0},{"not_picked":["Mind Blast","Panache"],"picked":"Master of Strategy","floor":37.0},{"not_picked":["Conserve Battery+1","Streamline+1"],"picked":"Ball Lightning","floor":38.0},{"not_picked":["Capacitor","Lockon"],"picked":"Hologram+1","floor":41.0},{"not_picked":["Aggregate","Beam Cell","Go for the Eyes+1"],"picked":"SKIP","floor":45.0},{"not_picked":["Barrage","Go for the Eyes+1"],"picked":"Defragment+1","floor":47.0}],"player_experience":1364849,"relics_obtained":[{"floor":7.0,"key":"Art of War"},{"floor":9.0,"key":"Gambling Chip"},{"floor":10.0,"key":"Mango"},{"floor":13.0,"key":"Odd Mushroom"},{"floor":24.0,"key":"Red Mask"},{"floor":26.0,"key":"Lantern"},{"floor":27.0,"key":"Ornamental Fan"},{"floor":28.0,"key":"Bird Faced Urn"},{"floor":38.0,"key":"StoneCalendar"},{"floor":43.0,"key":"Omamori"},{"floor":45.0,"key":"MawBank"},{"floor":47.0,"key":"Old Coin"}],"event_choices":[{"damage_healed":0.0,"max_hp_gain":0.0,"max_hp_loss":0.0,"gold_gain":175.0,"event_name":"Liars Game","player_choice":"AGREE","floor":3.0,"gold_loss":0.0,"damage_taken":0.0,"cards_obtained":["Doubt"]},{"cards_removed":["Doubt"],"damage_healed":0.0,"max_hp_gain":0.0,"max_hp_loss":0.0,"gold_gain":0.0,"event_name":"Bonfire Elementals","player_choice":"Offered Curse","floor":4.0,"gold_loss":0.0,"damage_taken":0.0,"relics_obtained":["Spirit Poop"]},{"damage_healed":0.0,"max_hp_gain":0.0,"max_hp_loss":0.0,"gold_gain":0.0,"event_name":"Mushrooms","player_choice":"Fought Mushrooms","floor":13.0,"gold_loss":0.0,"damage_taken":0.0},{"damage_healed":0.0,"max_hp_gain":0.0,"max_hp_loss":0.0,"gold_gain":0.0,"event_name":"Scrap Ooze","player_choice":"Success","floor":14.0,"gold_loss":0.0,"damage_taken":7.0,"relics_obtained":["Meat on the Bone"]},{"damage_healed":0.0,"max_hp_gain":0.0,"max_hp_loss":0.0,"gold_gain":100.0,"event_name":"The Joust","player_choice":"Bet on Murderer","floor":19.0,"gold_loss":50.0,"damage_taken":0.0},{"cards_removed":["Strike_B"],"damage_healed":0.0,"max_hp_gain":0.0,"max_hp_loss":0.0,"gold_gain":0.0,"event_name":"Beggar","player_choice":"Gave Gold","floor":21.0,"gold_loss":75.0,"damage_taken":0.0},{"damage_healed":0.0,"max_hp_gain":0.0,"max_hp_loss":0.0,"gold_gain":0.0,"event_name":"Masked Bandits","player_choice":"Fought Bandits","floor":24.0,"gold_loss":0.0,"damage_taken":0.0},{"damage_healed":0.0,"max_hp_gain":0.0,"max_hp_loss":0.0,"gold_gain":0.0,"event_name":"Addict","player_choice":"Obtained Relic","floor":31.0,"gold_loss":85.0,"damage_taken":0.0,"relics_obtained":["Juzu Bracelet"]},{"cards_removed":["Defend_B"],"damage_healed":0.0,"max_hp_gain":0.0,"max_hp_loss":0.0,"gold_gain":0.0,"event_name":"Falling","player_choice":"Removed Skill","floor":36.0,"gold_loss":0.0,"damage_taken":0.0},{"damage_healed":0.0,"max_hp_gain":0.0,"max_hp_loss":0.0,"gold_gain":0.0,"event_name":"SensoryStone","player_choice":"Memory 3","floor":37.0,"gold_loss":0.0,"damage_taken":10.0},{"damage_healed":0.0,"max_hp_gain":0.0,"max_hp_loss":0.0,"gold_gain":0.0,"event_name":"MindBloom","player_choice":"Fight","floor":38.0,"gold_loss":0.0,"damage_taken":0.0},{"damage_healed":0.0,"max_hp_gain":0.0,"max_hp_loss":0.0,"gold_gain":222.0,"event_name":"Tomb of Lord Red Mask","player_choice":"Wore Mask","floor":39.0,"gold_loss":0.0,"damage_taken":0.0},{"damage_healed":0.0,"max_hp_gain":0.0,"max_hp_loss":0.0,"gold_gain":275.0,"event_name":"Golden Shrine","player_choice":"Desecrate","floor":44.0,"gold_loss":0.0,"damage_taken":0.0,"cards_obtained":["Regret"]},{"damage_healed":0.0,"max_hp_gain":0.0,"max_hp_loss":0.0,"gold_gain":0.0,"event_name":"Mysterious Sphere","player_choice":"Fight","floor":47.0,"gold_loss":0.0,"damage_taken":0.0}],"is_beta":false,"boss_relics":[{"not_picked":["Lizard Tail","Tiny House"],"picked":"Runic Dome"},{"not_picked":["Philosopher\u0027s Stone","Busted Crown"],"picked":"Cursed Key"}],"items_purged_floors":[5,30,42,48],"is_endless":false,"potions_floor_spawned":[10,12,24,28,35,38,47],"ascension_level":0}