{"gold_per_floor":[109,127,142,142,142,177,177,211,235,185,185,185,198,23,23,154,154,175,194,45,45,45,45,88,108,108,108,122,122,162,182,182,301,301,317,317,72,93,114,153,177,215,261,284,44,79,79,104,104,104],"floor_reached":51,"playtime":5977,"items_purged":["Zap+1"],"score":1019,"play_id":"7d2fcb72-7317-4003-8bc8-3f1a7e939d33","local_time":"20190504025224","is_ascension_mode":true,"campfire_choices":[{"floor":7.0,"key":"REST"},{"floor":12.0,"key":"REST"},{"floor":15.0,"key":"REST"},{"data":"All For One","floor":23.0,"key":"SMITH"},{"data":"Ghostly","floor":27.0,"key":"SMITH"},{"data":"Ghostly","floor":29.0,"key":"SMITH"},{"data":"Ghostly","floor":32.0,"key":"SMITH"},{"data":"Steam Power","floor":49,"key":"SMITH"}],"neow_cost":"NONE","seed_source_timestamp":37116508781154,"circlet_count":0,"master_deck":["Defend_B+1","Defend_B+1","Defend_B+1","Sweeping Beam+1","Gash+1","Core Surge+1","Conserve Battery+1","Sweeping Beam+1","Hologram+1","Rebound+1","All For One+1","Conserve Battery+1","Melter+1","Gash+1","Sweeping Beam+1","Ghostly+1","Ghostly+1","Ghostly+1","Ghostly+1","Ghostly+1","Skim+1","Undo+1","Beam Cell+1","Buffer+1","Gash+1","Hologram","Steam Power+1","Gash+1","Go for the Eyes+1","Chill+1","Steam+1","Hologram","Hologram+1","Gash","Hologram","Loop+1","Beam Cell+1"],"special_seed":0,"relics":["Empty Cage","Golden Idol","Oddly Smooth Stone","Centennial Puzzle","PreservedInsect","Cables","Dream Catcher","Astrolabe","Lantern","Letter Opener","Unceasing Top","Du-Vu Doll","Bottled Flame","Sozu","Mark of the Bloom","Frozen Egg 2","Gambling Chip","Potion Belt","Strange Spoon","Ancient Tea Set"],"potions_floor_usage":[],"damage_taken":[{"damage":1.0,"enemies":"Cultist","floor":1.0,"turns":4.0},{"damage":0.0,"enemies":"2 Louse","floor":2.0,"turns":5.0},{"damage":5.0,"enemies":"Small Slimes","floor":3.0,"turns":4.0},{"damage":40.0,"enemies":"3 Sentries","floor":6.0,"turns":7.0},{"damage":20.0,"enemies":"Lagavulin","floor":8.0,"turns":8.0},{"damage":0.0,"enemies":"2 Fungi Beasts","floor":13.0,"turns":3.0},{"damage":6.0,"enemies":"Hexaghost","floor":16.0,"turns":9.0},{"damage":0.0,"enemies":"Spheric Guardian","floor":18.0,"turns":1.0},{"damage":24.0,"enemies":"Shell Parasite","floor":19.0,"turns":4.0},{"damage":1.0,"enemies":"Slavers","floor":24.0,"turns":5.0},{"damage":2.0,"enemies":"Centurion and Healer","floor":25.0,"turns":6.0},{"damage":0.0,"enemies":"Sentry and Sphere","floor":28.0,"turns":2.0},{"damage":16.0,"enemies":"Book of Stabbing","floor":30.0,"turns":6.0},{"damage":1.0,"enemies":"Snecko","floor":31.0,"turns":4.0},{"damage":14.0,"enemies":"Champ","floor":33.0,"turns":11.0},{"damage":0.0,"enemies":"Orb Walker","floor":35.0,"turns":5.0},{"damage":1.0,"enemies":"3 Shapes","floor":38.0,"turns":3.0},{"damage":0.0,"enemies":"Spire Growth","floor":39.0,"turns":5.0},{"damage":14.0,"enemies":"Nemesis","floor":40.0,"turns":3.0},{"damage":0.0,"enemies":"Jaw Worm Horde","floor":41.0,"turns":5.0},{"damage":0,"enemies":"Giant Head","floor":42,"turns":5},{"damage":0,"enemies":"Maw","floor":44,"turns":7},{"damage":0,"enemies":"Reptomancer","floor":46,"turns":4},{"damage":0,"enemies":"Writhing Mass","floor":48,"turns":4},{"damage":0,"enemies":"Donu and Deca","floor":50,"turns":9}],"seed_played":"539618155134683522","potions_obtained":[{"floor":1.0,"key":"PowerPotion"},{"floor":2.0,"key":"FearPotion"},{"floor":3.0,"key":"Strength Potion"},{"floor":13.0,"key":"SkillPotion"},{"floor":19.0,"key":"EssenceOfSteel"},{"floor":25.0,"key":"SteroidPotion"},{"floor":30.0,"key":"LiquidBronze"}],"is_trial":false,"path_per_floor":["M","M","M","?","?","E","R","E","T","?","T","R","M","$","R","B",null,"M","M","$","?","?","R","E","M","T","R","M","R","E","M","R","B",null,"M","?","$","M","M","E","M","E","T","M","$","E","?","M","R","B",null],"character_chosen":"DEFECT","items_purchased":["Hologram","Dream Catcher","Lantern","Hologram","Steam Power","Streamline","Gash","Strange Spoon"],"campfire_rested":3,"item_purchase_floors":[14,14,20,37,37,37,45,45],"current_hp_per_floor":[74,74,69,51,51,11,33,13,13,13,13,35,35,35,57,51,75,75,51,51,37,37,37,36,34,34,34,34,34,18,17,17,3,37,37,37,37,36,36,22,22,22,22,22,22,22,22,22,22,22],"gold":104,"neow_bonus":"BOSS_RELIC","is_prod":false,"is_daily":false,"chose_seed":false,"campfire_upgraded":5,"win_rate":0,"timestamp":1556952744,"path_taken":["M","?","M","?","?","E","R","E","T","?","?","R","M","$","R","BOSS","M","M","$","?","?","R","E","M","T","R","M","R","E","?","R","BOSS","M","?","$","M","M","E","M","E","T","M","$","E","?","?","R","BOSS"],"build_version":"2019-01-23","purchased_purges":1,"victory":true,"max_hp_per_floor":[75,75,75,75,75,75,75,75,75,75,75,75,75,75,75,75,75,75,75,75,37,37,37,37,37,37,37,37,37,37,37,37,37,37,37,37,37,37,37,37,37,37,37,37,37,37,37,37,37,37],"card_choices":[{"not_picked":["Sweeping Beam","Turbo"],"picked":"Hello World","floor":1.0},{"not_picked":["Redo","Steam"],"picked":"Sweeping Beam","floor":2.0},{"not_picked":["Hologram","Coolheaded"],"picked":"Gash","floor":3.0},{"not_picked":["Steam Power","Consume"],"picked":"Core Surge","floor":6.0},{"not_picked":["Coolheaded","Ball Lightning"],"picked":"Conserve Battery","floor":8.0},{"not_picked":["Skim","Turbo"],"picked":"Sweeping Beam","floor":13.0},{"not_picked":["Compile Driver","Barrage"],"picked":"Rebound","floor":15.0},{"not_picked":["Buffer","Reboot"],"picked":"All For One","floor":16.0},{"not_picked":["Rebound","Aggregate"],"picked":"Gash","floor":18.0},{"not_picked":["Capacitor+1","Rip and Tear"],"picked":"Sweeping Beam","floor":19.0},{"not_picked":["Recycle","Compile Driver","Force Field"],"picked":"SKIP","floor":24.0},{"not_picked":["Hologram","Leap"],"picked":"Skim+1","floor":25.0},{"not_picked":["Tempest","Rip and Tear+1","Stack"],"picked":"SKIP","floor":28.0},{"not_picked":["Multi-Cast","Barrage"],"picked":"Undo","floor":30.0},{"not_picked":["Rip and Tear","Go for the Eyes"],"picked":"Beam Cell+1","floor":31.0},{"not_picked":["Meteor Strike","Thunder Strike"],"picked":"Buffer","floor":33.0},{"not_picked":["BootSequence+1","Chaos+1"],"picked":"Gash+1","floor":35.0},{"not_picked":["Ball Lightning+1","Sweeping Beam"],"picked":"Gash+1","floor":38.0},{"not_picked":["Compile Driver+1","Rebound"],"picked":"Go for the Eyes+1","floor":39.0},{"not_picked":["Barrage+1","White Noise"],"picked":"Chill+1","floor":40.0},{"not_picked":["Beam Cell","Reprogram"],"picked":"Steam+1","floor":41.0},{"not_picked":["Static Discharge+1","Sunder+1"],"picked":"Hologram","floor":42},{"not_picked":["Loop+1","Rebound+1"],"picked":"Hologram+1","floor":44},{"not_picked":["Doom and Gloom","Streamline+1"],"picked":"Hologram","floor":46},{"not_picked":["Hologram+1","Lockon+1"],"picked":"Beam Cell+1","floor":48}],"player_experience":201158,"relics_obtained":[{"floor":6.0,"key":"Oddly Smooth Stone"},{"floor":8.0,"key":"Centennial Puzzle"},{"floor":9.0,"key":"PreservedInsect"},{"floor":11.0,"key":"Cables"},{"floor":24.0,"key":"Unceasing Top"},{"floor":26.0,"key":"Du-Vu Doll"},{"floor":30.0,"key":"Bottled Flame"},{"floor":40.0,"key":"Frozen Egg 2"},{"floor":42,"key":"Gambling Chip"},{"floor":43,"key":"Potion Belt"},{"floor":46,"key":"Ancient Tea Set"}],"event_choices":[{"damage_healed":0.0,"max_hp_gain":0.0,"max_hp_loss":0.0,"gold_gain":0.0,"event_name":"Golden Idol","player_choice":"Take Damage","floor":4.0,"gold_loss":0.0,"damage_taken":18.0,"relics_obtained":["Golden Idol"]},{"cards_removed":["Strike_B"],"damage_healed":0.0,"max_hp_gain":0.0,"max_hp_loss":0.0,"gold_gain":0.0,"event_name":"Living Wall","player_choice":"Forget","floor":5.0,"gold_loss":0.0,"damage_taken":0.0},{"cards_removed":["Hello World"],"damage_healed":0.0,"max_hp_gain":0.0,"max_hp_loss":0.0,"gold_gain":0.0,"event_name":"The Cleric","player_choice":"Card Removal","floor":10.0,"gold_loss":50.0,"damage_taken":0.0},{"damage_healed":0.0,"max_hp_gain":0.0,"max_hp_loss":38.0,"gold_gain":0.0,"event_name":"Ghosts","player_choice":"Became a Ghost","floor":21.0,"gold_loss":0.0,"damage_taken":0.0,"cards_obtained":["Ghostly","Ghostly","Ghostly","Ghostly","Ghostly"]},{"cards_removed":["Consume"],"damage_healed":0.0,"max_hp_gain":0.0,"max_hp_loss":0.0,"gold_gain":0.0,"event_name":"WeMeetAgain","player_choice":"Gave Card","floor":22.0,"gold_loss":0.0,"damage_taken":0.0,"relics_obtained":["Letter Opener"]},{"damage_healed":0.0,"max_hp_gain":0.0,"max_hp_loss":0.0,"gold_gain":0.0,"event_name":"MindBloom","player_choice":"Upgrade","floor":36.0,"gold_loss":0.0,"damage_taken":0.0,"cards_upgraded":["Defend_B","Defend_B","Defend_B","Zap","Sweeping Beam","Gash","Core Surge","Conserve Battery","Sweeping Beam","Hologram","Rebound","Gash","Sweeping Beam","Ghostly","Ghostly","Undo","Buffer"],"relics_obtained":["Mark of the Bloom"]},{"damage_healed":0,"gold_gain":0,"cards_transformed":["Streamline"],"player_choice":"Transformed","damage_taken":0,"max_hp_gain":0,"max_hp_loss":0,"event_name":"Transmorgrifier","floor":47,"gold_loss":0,"cards_obtained":["Loop"]}],"is_beta":false,"boss_relics":[{"not_picked":["Snecko Eye","Black Star"],"picked":"Astrolabe"},{"not_picked":["Fusion Hammer","White Beast Statue"],"picked":"Sozu"}],"items_purged_floors":[37],"is_endless":false,"potions_floor_spawned":[1,2,3,13,19,25,30,35,39,41,46,48],"ascension_level":2}