{"gold_per_floor":[118,293,368,213,213,241,241,261,261,286,298,298,298,312,312,411,411,411,58,58,58,28,28,28,28,28,28,28,28,28,28,28,28,28,28,28,28,0,0,0,0,0,0,0,0,0,0,0,0,0],"floor_reached":51,"playtime":4690,"items_purged":["Doubt"],"score":910,"play_id":"89ee6947-c355-472d-98fd-3d8a36519ec9","local_time":"20180825235518","is_ascension_mode":false,"campfire_choices":[{"data":"Neutralize","floor":7,"key":"SMITH"},{"data":"Cloak And Dagger","floor":13,"key":"SMITH"},{"data":"Caltrops","floor":15,"key":"SMITH"},{"data":"Footwork","floor":24,"key":"SMITH"},{"data":"A Thousand Cuts","floor":27,"key":"SMITH"},{"data":"Noxious Fumes","floor":32,"key":"SMITH"},{"floor":41,"key":"REST"},{"floor":49,"key":"REST"}],"neow_cost":"NONE","seed_source_timestamp":125102948114439,"circlet_count":0,"master_deck":["Defend_G","Defend_G","Defend_G","Defend_G","Defend_G","Survivor","Neutralize+1","Slice+1","Caltrops+1","PiercingWail+1","Infinite Blades","Backstab","Cloak And Dagger+1","PiercingWail","A Thousand Cuts+1","Leg Sweep","Footwork+1","Slice","Finisher+1","Bite","Bite","Bite","Bite+1","Bite","Caltrops","Noxious Fumes+1","Prepared","Prepared","Concentrate+1","Prepared+1","Outmaneuver+1","Accuracy","Blur+1","Concentrate+1"],"relics":["Ring of the Snake","NeowsBlessing","Potion Belt","Ninja Scroll","Unceasing Top","Ectoplasm","Ornamental Fan","Ancient Tea Set","Snake Skull","Vajra","Fusion Hammer","Red Mask","Shuriken","Question Card","Paper Crane","Ice Cream","Whetstone"],"potions_floor_usage":[16,25,33,45,50,50],"damage_taken":[{"damage":0,"enemies":"Jaw Worm","floor":1,"turns":1},{"damage":0,"enemies":"3 Sentries","floor":6,"turns":1},{"damage":0,"enemies":"Small Slimes","floor":8,"turns":1},{"damage":13,"enemies":"Gremlin Nob","floor":10,"turns":4},{"damage":0,"enemies":"Cultist","floor":11,"turns":2},{"damage":0,"enemies":"Large Slime","floor":14,"turns":4},{"damage":22,"enemies":"The Guardian","floor":16,"turns":11},{"damage":6,"enemies":"3 Byrds","floor":18,"turns":4},{"damage":0,"enemies":"Chosen","floor":20,"turns":4},{"damage":17,"enemies":"Gremlin Leader","floor":23,"turns":5},{"damage":10,"enemies":"Book of Stabbing","floor":25,"turns":5},{"damage":0,"enemies":"Centurion and Healer","floor":29,"turns":5},{"damage":0,"enemies":"Snake Plant","floor":30,"turns":5},{"damage":24,"enemies":"Collector","floor":33,"turns":7},{"damage":0,"enemies":"Orb Walker","floor":35,"turns":2},{"damage":3,"enemies":"3 Shapes","floor":36,"turns":4},{"damage":18,"enemies":"Spire Growth","floor":37,"turns":5},{"damage":0,"enemies":"Flame Bruiser 2 Orb","floor":39,"turns":4},{"damage":0,"enemies":"2 Orb Walkers","floor":40,"turns":4},{"damage":0,"enemies":"Maw","floor":42,"turns":5},{"damage":14,"enemies":"Nemesis","floor":44,"turns":5},{"damage":0,"enemies":"Transient","floor":45,"turns":1},{"damage":0,"enemies":"Mind Bloom Boss Battle","floor":46,"turns":1},{"damage":0,"enemies":"Giant Head","floor":47,"turns":5},{"damage":6,"enemies":"Sphere and 2 Shapes","floor":48,"turns":3},{"damage":0,"enemies":"Donu and Deca","floor":50,"turns":5}],"seed_played":"940913083259777342","potions_obtained":[{"floor":11,"key":"Fire Potion"},{"floor":14,"key":"LiquidBronze"},{"floor":16,"key":"EssenceOfSteel"},{"floor":18,"key":"LiquidBronze"},{"floor":22,"key":"Poison Potion"},{"floor":22,"key":"SmokeBomb"},{"floor":35,"key":"Weak Potion"},{"floor":39,"key":"SpeedPotion"},{"floor":40,"key":"Explosive Potion"},{"floor":47,"key":"SpeedPotion"}],"is_trial":false,"path_per_floor":["M","?","?","$","?","E","R","M","T","E","M","?","R","M","R","B",null,"M","$","M","?","?","E","R","E","T","R","?","M","M","?","R","B",null,"M","M","M","?","M","E","R","M","T","E","M","?","E","M","R","B"],"character_chosen":"THE_SILENT","items_purchased":["Caltrops","PiercingWail","Footwork","Ornamental Fan","Slice"],"campfire_rested":2,"item_purchase_floors":[4,4,19,19,19],"current_hp_per_floor":[70,70,63,63,49,49,49,49,49,36,36,59,59,59,59,37,70,64,64,64,49,49,36,36,36,36,36,36,48,49,42,42,28,54,54,54,44,44,54,54,54,54,54,44,44,46,54,50,54,54],"gold":0,"neow_bonus":"THREE_ENEMY_KILL","is_prod":false,"is_daily":false,"chose_seed":false,"campfire_upgraded":6,"win_rate":0,"timestamp":1535255718,"path_taken":["M","?","?","$","?","E","R","M","T","E","M","?","R","M","R","BOSS","M","$","M","?","?","E","R","E","T","R","?","M","M","?","R","BOSS","M","M","M","?","M","E","R","M","T","E","M","?","E","M","R","BOSS"],"build_version":"2018-08-23v2","purchased_purges":1,"victory":true,"max_hp_per_floor":[70,70,70,70,70,70,70,70,70,70,70,70,70,70,70,70,70,70,70,70,49,49,49,49,49,49,49,49,49,49,54,54,54,54,54,54,54,54,54,54,54,54,54,54,54,54,54,54,54,54],"card_choices":[{"not_picked":["Blade Dance","Outmaneuver"],"picked":"Slice","floor":1},{"not_picked":["All Out Attack","Poisoned Stab"],"picked":"Infinite Blades","floor":6},{"not_picked":["Underhanded Strike","Flying Knee"],"picked":"Backstab","floor":8},{"not_picked":["Tactician","Flechettes"],"picked":"Cloak And Dagger","floor":10},{"not_picked":["Skewer","Dagger Spray","Concentrate"],"picked":"SKIP","floor":11},{"not_picked":["Dagger Spray","Glass Knife"],"picked":"PiercingWail","floor":14},{"not_picked":["Night Terror","Storm of Steel"],"picked":"A Thousand Cuts","floor":16},{"not_picked":["Eviscerate+1","PiercingWail"],"picked":"Leg Sweep","floor":18},{"not_picked":["Dodge and Roll","Distraction+1"],"picked":"Finisher+1","floor":20},{"not_picked":["Terror","Expertise+1"],"picked":"Caltrops","floor":23},{"not_picked":["Blade Dance","Choke"],"picked":"Noxious Fumes","floor":25},{"not_picked":["Quick Slash+1","Sucker Punch+1"],"picked":"Prepared","floor":29},{"not_picked":["Blade Dance","Crippling Poison"],"picked":"Prepared","floor":30},{"not_picked":["Footwork+1","Choke+1"],"picked":"Concentrate+1","floor":35},{"not_picked":["Tactician+1","Sucker Punch+1"],"picked":"Prepared+1","floor":36},{"not_picked":["Riddle With Holes+1","Leg Sweep+1"],"picked":"Outmaneuver+1","floor":37},{"not_picked":["Quick Slash","Finisher","Poisoned Stab+1"],"picked":"SKIP","floor":39},{"not_picked":["Finisher+1","Cloak And Dagger"],"picked":"Accuracy","floor":40},{"not_picked":["Quick Slash+1","Riddle With Holes+1","Acrobatics"],"picked":"SKIP","floor":42},{"not_picked":["Outmaneuver","Deadly Poison","Bane+1"],"picked":"Blur+1","floor":44},{"not_picked":["All Out Attack","PiercingWail+1","Bouncing Flask+1","Dash"],"picked":"SKIP","floor":47},{"not_picked":["Bouncing Flask+1","PiercingWail+1","Bane"],"picked":"Concentrate+1","floor":48}],"player_experience":785315,"relics_obtained":[{"floor":6,"key":"Potion Belt"},{"floor":9,"key":"Ninja Scroll"},{"floor":10,"key":"Unceasing Top"},{"floor":23,"key":"Ancient Tea Set"},{"floor":25,"key":"Snake Skull"},{"floor":26,"key":"Vajra"},{"floor":40,"key":"Shuriken"},{"floor":43,"key":"Question Card"},{"floor":44,"key":"Paper Crane"},{"floor":46,"key":"Ice Cream"},{"floor":47,"key":"Whetstone"}],"event_choices":[{"event_name":"Liars Game","player_choice":"agreed","floor":2,"damage_taken":0},{"event_name":"FaceTrader","player_choice":"Touch","floor":3,"damage_taken":0},{"event_name":"Shining Light","player_choice":"Entered Light","floor":5,"damage_taken":0},{"event_name":"Big Fish","player_choice":"Banana","floor":12,"damage_taken":0},{"event_name":"Vampires","player_choice":"Became a vampire","floor":21,"damage_taken":0},{"event_name":"The Woman in Blue","player_choice":"Bought 2 Potions","floor":22,"damage_taken":0},{"event_name":"The Mausoleum","player_choice":"No","floor":28,"damage_taken":0},{"event_name":"Forgotten Altar","player_choice":"Shed Blood","floor":31,"damage_taken":0},{"event_name":"Tomb of Lord Red Mask","player_choice":"Paid","floor":38,"damage_taken":0},{"event_name":"MindBloom","player_choice":"Fight","floor":46,"damage_taken":0}],"is_beta":false,"boss_relics":[{"not_picked":["Snecko Eye","Calling Bell"],"picked":"Ectoplasm"},{"not_picked":["Philosopher\u0027s Stone","Ring of the Serpent"],"picked":"Fusion Hammer"}],"items_purged_floors":[4],"is_endless":false,"potions_floor_spawned":[11,14,16,18,35,39,40,47],"ascension_level":0}