{"gold_per_floor":[10,10,29,29,47,85,7,20,20,41,41,77,252,277,277,398,398,418,12,12,26,41,41],"floor_reached":23,"playtime":2937,"items_purged":[],"score":333,"play_id":"6654da58-b21d-45ba-87c7-37dfdfb843e0","local_time":"20190505165711","is_ascension_mode":true,"campfire_choices":[{"floor":11,"key":"REST"},{"floor":15,"key":"REST"}],"neow_cost":"NO_GOLD","seed_source_timestamp":0,"circlet_count":0,"master_deck":["Defend_G","Defend_G","Defend_G","Defend_G","Defend_G","Strike_G","Survivor","Neutralize","Blur","Tactician+1","Reflex","Underhanded Strike","Backstab","Backstab","Noxious Fumes","Riddle With Holes","Heel Hook","Unload","Noxious Fumes","Malaise","Injury","Cloak And Dagger+1","Escape Plan+1","Backflip","Master of Strategy","Unload","Well Laid Plans","Backstab+1"],"special_seed":0,"relics":["Ring of the Snake","Golden Idol","Incense Burner","Thread and Needle","Astrolabe","DollysMirror"],"potions_floor_usage":[12,12,16,22],"damage_taken":[{"damage":8,"enemies":"Cultist","floor":1,"turns":7},{"damage":1,"enemies":"2 Louse","floor":3,"turns":3},{"damage":7,"enemies":"Small Slimes","floor":5,"turns":5},{"damage":12,"enemies":"3 Sentries","floor":6,"turns":15},{"damage":0,"enemies":"Red Slaver","floor":8,"turns":2},{"damage":9,"enemies":"2 Fungi Beasts","floor":10,"turns":3},{"damage":13,"enemies":"Gremlin Nob","floor":12,"turns":4},{"damage":7,"enemies":"Looter","floor":14,"turns":2},{"damage":31,"enemies":"Slime Boss","floor":16,"turns":11},{"damage":2,"enemies":"Shell Parasite","floor":18,"turns":7},{"damage":28,"enemies":"Chosen","floor":21,"turns":6},{"damage":21,"enemies":"Snecko","floor":22,"turns":7},{"damage":22,"enemies":"Book of Stabbing","floor":23,"turns":5}],"seed_played":"5039078078577223994","potions_obtained":[{"floor":1,"key":"SkillPotion"},{"floor":5,"key":"GhostInAJar"},{"floor":8,"key":"Energy Potion"},{"floor":16,"key":"SpeedPotion"},{"floor":18,"key":"Ancient Potion"}],"is_trial":false,"path_per_floor":["M","?","M","?","M","E","$","M","T","M","R","E","?","M","R","B",null,"M","$","?","M","M","E"],"character_chosen":"THE_SILENT","items_purchased":["Noxious Fumes","Master of Strategy","DollysMirror","Well Laid Plans"],"campfire_rested":2,"item_purchase_floors":[7,19,19,19],"current_hp_per_floor":[62,62,61,44,37,25,25,25,25,16,37,24,24,17,38,7,70,68,68,68,40,19,0],"gold":41,"neow_bonus":"TRANSFORM_TWO_CARDS","is_prod":false,"is_daily":false,"chose_seed":false,"campfire_upgraded":0,"win_rate":0,"timestamp":1557089831,"path_taken":["M","?","?","?","M","E","$","M","T","M","R","E","?","M","R","BOSS","M","$","?","M","M","E"],"build_version":"2019-01-23","purchased_purges":0,"victory":false,"max_hp_per_floor":[70,70,70,70,70,70,70,70,70,70,70,70,70,70,70,70,70,70,70,70,70,70,70],"card_choices":[{"not_picked":["Terror","Crippling Poison"],"picked":"Reflex","floor":1},{"not_picked":["Outmaneuver","Deadly Poison"],"picked":"Underhanded Strike","floor":3},{"not_picked":["PiercingWail","Masterful Stab"],"picked":"Backstab","floor":5},{"not_picked":["Deadly Poison","Dagger Spray"],"picked":"Backstab","floor":6},{"not_picked":["Underhanded Strike","Deadly Poison"],"picked":"Riddle With Holes","floor":8},{"not_picked":["Poisoned Stab","Dagger Spray"],"picked":"Heel Hook","floor":10},{"not_picked":["Deadly Poison","Cloak And Dagger"],"picked":"Unload","floor":12},{"not_picked":["Blade Dance","Poisoned Stab"],"picked":"Noxious Fumes","floor":14},{"not_picked":["Phantasmal Killer","A Thousand Cuts"],"picked":"Malaise","floor":16},{"not_picked":["Outmaneuver","Poisoned Stab"],"picked":"Backflip","floor":18},{"not_picked":["Terror","Outmaneuver"],"picked":"Backstab+1","floor":21},{"not_picked":["Dagger Spray+1","Dodge and Roll","Masterful Stab"],"picked":"SKIP","floor":22}],"player_experience":226143,"relics_obtained":[{"floor":6,"key":"Incense Burner"},{"floor":12,"key":"Thread and Needle"}],"event_choices":[{"damage_healed":0,"gold_gain":0,"player_choice":"Upgraded","damage_taken":0,"max_hp_gain":0,"max_hp_loss":0,"event_name":"Upgrade Shrine","floor":2,"gold_loss":0,"cards_upgraded":["Tactician"]},{"damage_healed":0,"gold_gain":0,"player_choice":"Take Damage","damage_taken":17,"relics_obtained":["Golden Idol"],"max_hp_gain":0,"max_hp_loss":0,"event_name":"Golden Idol","floor":4,"gold_loss":0},{"damage_healed":0,"gold_gain":175,"player_choice":"AGREE","damage_taken":0,"max_hp_gain":0,"max_hp_loss":0,"event_name":"Liars Game","floor":13,"gold_loss":0,"cards_obtained":["Doubt"]},{"damage_healed":0,"gold_gain":0,"player_choice":"Ignored","damage_taken":0,"max_hp_gain":0,"max_hp_loss":0,"event_name":"Vampires","floor":20,"gold_loss":0}],"is_beta":false,"boss_relics":[{"not_picked":["Lizard Tail","Coffee Dripper"],"picked":"Astrolabe"}],"items_purged_floors":[],"is_endless":false,"potions_floor_spawned":[1,5,8,16,18],"killed_by":"Book of Stabbing","ascension_level":2}