{"gold_per_floor":[215,109,124,124,124,124,153,165,165,165,182,5,5,16,16,121,121,138,53,65,30,30,30,30,41,41,75,75,92,92,111,111,206,256,276,276,376,58,58,58,90,90,142,77,104,132,155,167,179,191],"floor_reached":51,"playtime":2848,"items_purged":["Defend_R","Defend_R"],"score":855,"play_id":"4f72c145-0228-48a0-a9dc-ac7bda387051","local_time":"20190625144241","is_ascension_mode":true,"campfire_choices":[{"data":"Whirlwind","floor":6,"key":"SMITH"},{"data":"Metallicize","floor":10,"key":"SMITH"},{"data":"Body Slam","floor":13,"key":"SMITH"},{"floor":15,"key":"REST"},{"data":"Limit Break","floor":23,"key":"SMITH"},{"floor":28,"key":"REST"},{"data":"Shrug It Off","floor":30,"key":"SMITH"},{"data":"Shrug It Off","floor":32,"key":"SMITH"},{"data":"Inflame","floor":40,"key":"SMITH"},{"floor":42,"key":"REST"},{"floor":49,"key":"REST"}],"neow_cost":"NONE","seed_source_timestamp":1778760187700,"circlet_count":0,"master_deck":["Strike_R+1","Strike_R","Strike_R+1","Defend_R","Defend_R+1","Bash","Shrug It Off+1","Metallicize+1","Whirlwind+1","Thunderclap","Body Slam+1","Anger","Shrug It Off+1","Dropkick","Limit Break+1","Twin Strike+1","Inflame+1","Pommel Strike+1","Cleave","Dropkick","Reaper","Inflame","Shrug It Off+1"],"relics":["Burning Blood","Regal Pillow","Mummified Hand","Busted Crown","Omamori","Centennial Puzzle","The Courier","Strawberry","Tiny House","Ice Cream","Vajra","Bag of Preparation","Potion Belt","MawBank"],"potions_floor_usage":[7,16,25,33,37,37,39,41,47,50,50,50,50],"damage_taken":[{"damage":4,"enemies":"2 Louse","floor":1,"turns":3},{"damage":4,"enemies":"Jaw Worm","floor":3,"turns":5},{"damage":17,"enemies":"3 Sentries","floor":7,"turns":5},{"damage":0,"enemies":"Cultist","floor":8,"turns":3},{"damage":3,"enemies":"Gremlin Gang","floor":11,"turns":3},{"damage":8,"enemies":"Lots of Slimes","floor":14,"turns":3},{"damage":48,"enemies":"The Guardian","floor":16,"turns":11},{"damage":17,"enemies":"2 Thieves","floor":18,"turns":3},{"damage":10,"enemies":"Shell Parasite","floor":20,"turns":3},{"damage":14,"enemies":"Shelled Parasite and Fungi","floor":25,"turns":4},{"damage":29,"enemies":"Slavers","floor":27,"turns":3},{"damage":14,"enemies":"Snake Plant","floor":29,"turns":3},{"damage":0,"enemies":"3 Cultists","floor":31,"turns":4},{"damage":52,"enemies":"Champ","floor":33,"turns":8},{"damage":5,"enemies":"Orb Walker","floor":35,"turns":4},{"damage":24,"enemies":"Mind Bloom Boss Battle","floor":37,"turns":7},{"damage":19,"enemies":"Nemesis","floor":41,"turns":5},{"damage":30,"enemies":"Reptomancer","floor":45,"turns":3},{"damage":48,"enemies":"3 Shapes","floor":46,"turns":3},{"damage":0,"enemies":"Spire Growth","floor":47,"turns":3},{"damage":99,"enemies":"Time Eater","floor":50,"turns":8}],"seed_played":"-8424736586267953122","potions_obtained":[{"floor":3,"key":"Fire Potion"},{"floor":14,"key":"AttackPotion"},{"floor":18,"key":"Energy Potion"},{"floor":20,"key":"BloodPotion"},{"floor":29,"key":"Poison Potion"},{"floor":33,"key":"Energy Potion"},{"floor":34,"key":"EntropicBrew"},{"floor":39,"key":"Fruit Juice"},{"floor":39,"key":"EssenceOfSteel"},{"floor":39,"key":"Regen Potion"},{"floor":45,"key":"BloodPotion"},{"floor":46,"key":"Energy Potion"},{"floor":47,"key":"Dexterity Potion"}],"is_trial":false,"path_per_floor":["M","$","M","?","?","R","E","M","T","R","M","$","R","M","R","B",null,"M","?","M","$","?","R","$","M","T","E","R","M","R","M","R","B",null,"M","?","?","$","?","R","E","R","T","$","E","M","M","?","R","B",null],"character_chosen":"IRONCLAD","items_purchased":["Metallicize","Whirlwind","Shrug It Off","Dropkick","Inflame","Vajra","Bag of Preparation","Inflame"],"campfire_rested":4,"item_purchase_floors":[2,2,12,12,21,38,38,44],"current_hp_per_floor":[80,80,80,64,64,64,53,59,59,59,62,62,62,60,80,38,80,69,69,65,65,65,65,65,65,65,49,87,79,79,85,85,39,92,92,92,74,74,79,79,66,97,97,97,73,51,57,57,97,67],"gold":203,"neow_bonus":"HUNDRED_GOLD","is_prod":false,"is_daily":false,"chose_seed":false,"campfire_upgraded":7,"win_rate":0,"timestamp":1561491761,"path_taken":["M","$","M","?","?","R","E","?","T","R","?","?","R","M","R","BOSS","M","?","M","$","?","R","$","?","T","E","R","M","R","M","R","BOSS","M","?","?","$","?","R","E","R","T","$","E","?","M","?","R","BOSS"],"build_version":"2019-01-23","purchased_purges":2,"victory":true,"max_hp_per_floor":[80,80,80,80,80,80,80,80,80,80,80,80,80,80,80,80,80,80,80,80,80,80,80,80,80,80,87,87,87,87,87,87,87,92,92,92,92,92,97,97,97,97,97,97,97,97,97,97,97,97],"card_choices":[{"not_picked":["Sword Boomerang","Thunderclap"],"picked":"Shrug It Off","floor":1},{"not_picked":["Twin Strike","Pommel Strike"],"picked":"Thunderclap","floor":3},{"not_picked":["Pummel","Intimidate"],"picked":"Body Slam","floor":7},{"not_picked":["Corruption","Intimidate","Shockwave"],"picked":"SKIP","floor":8},{"not_picked":["Clothesline","Uppercut"],"picked":"Anger","floor":11},{"not_picked":["Heavy Blade","Warcry","Evolve"],"picked":"SKIP","floor":14},{"not_picked":["Brutality","Impervious"],"picked":"Limit Break","floor":16},{"not_picked":[],"picked":"Twin Strike+1","floor":18},{"not_picked":["Intimidate"],"picked":"SKIP","floor":20},{"not_picked":[],"picked":"Pommel Strike+1","floor":25},{"not_picked":[],"picked":"Cleave","floor":27},{"not_picked":[],"picked":"Dropkick","floor":29},{"not_picked":["Flame Barrier+1"],"picked":"SKIP","floor":31},{"not_picked":[],"picked":"Reaper","floor":33},{"not_picked":["Pummel"],"picked":"SKIP","floor":35},{"not_picked":["Havoc"],"picked":"SKIP","floor":41},{"not_picked":["Wild Strike"],"picked":"SKIP","floor":45},{"not_picked":[],"picked":"Shrug It Off+1","floor":46},{"not_picked":["Wild Strike"],"picked":"SKIP","floor":47}],"player_experience":492455,"relics_obtained":[{"floor":7,"key":"Regal Pillow"},{"floor":9,"key":"Mummified Hand"},{"floor":26,"key":"The Courier"},{"floor":27,"key":"Strawberry"},{"floor":37,"key":"Ice Cream"},{"floor":41,"key":"Potion Belt"},{"floor":45,"key":"MawBank"}],"event_choices":[{"damage_healed":0,"gold_gain":0,"player_choice":"Entered Light","damage_taken":16,"max_hp_gain":0,"max_hp_loss":0,"event_name":"Shining Light","floor":4,"gold_loss":0,"cards_upgraded":["Strike_R","Defend_R"]},{"cards_removed":["Strike_R"],"damage_healed":0,"gold_gain":0,"player_choice":"Purged","damage_taken":0,"max_hp_gain":0,"max_hp_loss":0,"event_name":"Purifier","floor":5,"gold_loss":0},{"damage_healed":0,"gold_gain":0,"player_choice":"Obtained Relic","damage_taken":0,"relics_obtained":["Omamori"],"max_hp_gain":0,"max_hp_loss":0,"event_name":"Addict","floor":19,"gold_loss":85},{"damage_healed":0,"gold_gain":0,"player_choice":"Gave Potion","damage_taken":0,"relics_obtained":["Centennial Puzzle"],"max_hp_gain":0,"max_hp_loss":0,"event_name":"WeMeetAgain","floor":22,"gold_loss":0},{"damage_healed":0,"gold_gain":0,"player_choice":"Ignored","damage_taken":0,"max_hp_gain":0,"max_hp_loss":0,"event_name":"Tomb of Lord Red Mask","floor":36,"gold_loss":0},{"damage_healed":0,"gold_gain":0,"player_choice":"Fight","damage_taken":0,"max_hp_gain":0,"max_hp_loss":0,"event_name":"MindBloom","floor":37,"gold_loss":0},{"damage_healed":0,"gold_gain":0,"player_choice":"Got Potions","damage_taken":0,"max_hp_gain":0,"max_hp_loss":0,"event_name":"Lab","floor":39,"gold_loss":0},{"cards_removed":["Strike_R"],"damage_healed":0,"gold_gain":0,"player_choice":"Offered Basic","damage_taken":0,"max_hp_gain":0,"max_hp_loss":0,"event_name":"Bonfire Elementals","floor":48,"gold_loss":0}],"is_beta":false,"boss_relics":[{"not_picked":["Astrolabe","White Beast Statue"],"picked":"Busted Crown"},{"not_picked":["Mark of Pain","Runic Dome"],"picked":"Tiny House"}],"items_purged_floors":[12,38],"is_endless":false,"potions_floor_spawned":[3,14,18,20,29,33,45,46,47],"ascension_level":4}