{"gold_per_floor":[117,192,192,207,218,246,246,261,285,285,210,227,237,156,156,156],"floor_reached":16,"playtime":1037,"items_purged":["Strike_R"],"score":117,"play_id":"47842830-0263-4630-9e01-f18fe25fe340","local_time":"20190616181327","is_ascension_mode":true,"campfire_choices":[{"data":"Spot Weakness","floor":7,"key":"SMITH"},{"data":"Iron Wave","floor":10,"key":"SMITH"},{"data":"Limit Break","floor":15,"key":"SMITH"}],"neow_cost":"PERCENT_DAMAGE","seed_source_timestamp":5334839990023350,"circlet_count":0,"master_deck":["Strike_R","Strike_R","Strike_R","Strike_R","Defend_R","Defend_R","Defend_R","Defend_R","Bash","Spot Weakness+1","Iron Wave+1","Twin Strike","Battle Trance","True Grit","Limit Break+1"],"relics":["Burning Blood","Champion Belt","Anchor","Blood Vial","Boot"],"potions_floor_usage":[8,16,16],"damage_taken":[{"damage":0,"enemies":"Small Slimes","floor":1,"turns":3},{"damage":0,"enemies":"2 Louse","floor":4,"turns":3},{"damage":0,"enemies":"Cultist","floor":5,"turns":3},{"damage":25,"enemies":"Gremlin Nob","floor":6,"turns":4},{"damage":10,"enemies":"Gremlin Gang","floor":8,"turns":5},{"damage":9,"enemies":"Exordium Thugs","floor":12,"turns":4},{"damage":5,"enemies":"2 Fungi Beasts","floor":13,"turns":3},{"damage":53,"enemies":"Slime Boss","floor":16,"turns":8}],"seed_played":"-4896080539531642196","potions_obtained":[{"floor":1,"key":"Fire Potion"},{"floor":4,"key":"Explosive Potion"},{"floor":5,"key":"GamblersBrew"},{"floor":12,"key":"Dexterity Potion"}],"is_trial":false,"path_per_floor":["M","?","?","M","M","E","R","M","T","R","$","M","M","$","R","B"],"character_chosen":"IRONCLAD","items_purchased":["Limit Break"],"campfire_rested":0,"item_purchase_floors":[14],"current_hp_per_floor":[62,51,51,57,63,44,44,42,42,42,42,41,44,44,44,0],"gold":156,"neow_bonus":"ONE_RARE_RELIC","is_prod":false,"is_daily":false,"chose_seed":false,"campfire_upgraded":3,"win_rate":0,"timestamp":1560726807,"path_taken":["M","?","?","M","?","E","R","M","T","R","$","?","M","$","R","BOSS"],"build_version":"2019-01-23","purchased_purges":1,"victory":false,"max_hp_per_floor":[80,80,80,80,80,80,80,80,80,80,80,80,80,80,80,80],"card_choices":[{"not_picked":["Cleave","Thunderclap"],"picked":"Spot Weakness","floor":1},{"not_picked":["Wild Strike","Flex"],"picked":"Iron Wave","floor":4},{"not_picked":["Uppercut","Body Slam"],"picked":"Twin Strike","floor":5},{"not_picked":["Flex","Power Through","Clash"],"picked":"SKIP","floor":6},{"not_picked":["Thunderclap","Rage","Blood for Blood"],"picked":"SKIP","floor":8},{"not_picked":["Blood for Blood","Wild Strike"],"picked":"Battle Trance","floor":12},{"not_picked":["Wild Strike","Perfected Strike"],"picked":"True Grit","floor":13}],"player_experience":116231,"relics_obtained":[{"floor":3,"key":"Anchor"},{"floor":6,"key":"Blood Vial"},{"floor":9,"key":"Boot"}],"event_choices":[{"damage_healed":0,"gold_gain":75,"player_choice":"Gather Gold","damage_taken":11,"max_hp_gain":0,"max_hp_loss":0,"event_name":"World of Goop","floor":2,"gold_loss":0},{"damage_healed":0,"gold_gain":0,"player_choice":"Relic","damage_taken":0,"max_hp_gain":0,"max_hp_loss":0,"event_name":"Wheel of Change","floor":3,"gold_loss":0}],"is_beta":false,"boss_relics":[],"items_purged_floors":[11],"is_endless":false,"potions_floor_spawned":[1,4,5,12,13],"killed_by":"Slime Boss","ascension_level":3}