{"gold_per_floor":[365,376,395,293,307,307,321,340,340,351,104,134,134,134,134,238,238,253,283,123,123,123,123,151,151,151,151,171,21,21,54,54,54],"floor_reached":33,"playtime":1053,"items_purged":["Strike_B","Strike_B","Strike_B","Defend_B"],"score":283,"play_id":"0f861dfc-4ad5-4135-8418-6028261afe64","local_time":"20190604005353","is_ascension_mode":false,"campfire_choices":[{"data":"Defragment","floor":6,"key":"SMITH"},{"floor":13,"key":"REST"},{"data":"Defend_B","floor":15,"key":"PURGE"},{"floor":23,"key":"REST"},{"data":"Writhe","floor":25,"key":"PURGE"},{"data":"Zap","floor":32,"key":"SMITH"}],"neow_cost":"PERCENT_DAMAGE","seed_source_timestamp":7972219401444,"circlet_count":0,"master_deck":["Defend_B","Defend_B","Zap+1","Dualcast","Tempest","Defragment+1","Darkness+1","Ball Lightning","Hello World","Cold Snap","Capacitor","Biased Cognition","Chaos+1","Chaos","Chaos","Cold Snap","Reinforced Body","Reboot"],"relics":["Cracked Core","PreservedInsect","Vajra","Peace Pipe","Ancient Tea Set","Philosopher\u0027s Stone","Red Mask","Mercury Hourglass","War Paint","Gremlin Horn","Smiling Mask"],"potions_floor_usage":[16,19,33],"damage_taken":[{"damage":1,"enemies":"Jaw Worm","floor":1,"turns":4},{"damage":2,"enemies":"Small Slimes","floor":2,"turns":3},{"damage":0,"enemies":"2 Louse","floor":3,"turns":3},{"damage":9,"enemies":"Large Slime","floor":5,"turns":5},{"damage":5,"enemies":"Looter","floor":7,"turns":3},{"damage":8,"enemies":"Red Slaver","floor":8,"turns":3},{"damage":2,"enemies":"2 Fungi Beasts","floor":10,"turns":3},{"damage":21,"enemies":"Lagavulin","floor":12,"turns":4},{"damage":8,"enemies":"Slime Boss","floor":16,"turns":5},{"damage":2,"enemies":"Spheric Guardian","floor":18,"turns":3},{"damage":27,"enemies":"Masked Bandits","floor":19,"turns":4},{"damage":20,"enemies":"Slavers","floor":24,"turns":2},{"damage":4,"enemies":"Shell Parasite","floor":28,"turns":3},{"damage":1,"enemies":"Book of Stabbing","floor":31,"turns":3},{"damage":34,"enemies":"Automaton","floor":33,"turns":8}],"seed_played":"-8492297276138563548","potions_obtained":[{"floor":1,"key":"GamblersBrew"},{"floor":2,"key":"SpeedPotion"},{"floor":7,"key":"LiquidBronze"},{"floor":12,"key":"Dexterity Potion"},{"floor":18,"key":"EssenceOfSteel"},{"floor":31,"key":"LiquidBronze"}],"is_trial":false,"path_per_floor":["M","M","M","$","M","R","M","M","T","M","$","E","R","?","R","B",null,"M","?","$","?","?","R","E","R","T","?","M","$","$","E","R","B"],"character_chosen":"DEFECT","items_purchased":["Ball Lightning","Vajra","Chaos"],"campfire_rested":2,"item_purchase_floors":[4,11,20],"current_hp_per_floor":[53,51,51,51,42,42,37,29,29,27,27,6,28,25,25,17,75,73,46,46,32,32,56,36,36,36,36,32,32,32,31,31,0],"gold":54,"neow_bonus":"TWO_FIFTY_GOLD","is_prod":false,"is_daily":false,"chose_seed":false,"campfire_upgraded":2,"win_rate":0,"timestamp":1559631233,"path_taken":["M","M","M","$","M","R","M","M","T","M","$","E","R","?","R","BOSS","M","?","$","?","?","R","E","R","T","?","M","?","$","E","R","BOSS"],"build_version":"2019-01-23","purchased_purges":4,"victory":false,"max_hp_per_floor":[75,75,75,75,75,75,75,75,75,75,75,75,75,75,75,75,75,75,75,75,80,80,80,80,80,80,80,80,80,80,80,80,80],"card_choices":[{"not_picked":["Steam Power","Auto Shields"],"picked":"Tempest","floor":1},{"not_picked":["Steam","Cold Snap"],"picked":"Defragment","floor":2},{"not_picked":["Genetic Algorithm","Stack"],"picked":"Darkness","floor":3},{"not_picked":["Chill","Streamline","Barrage"],"picked":"SKIP","floor":5},{"not_picked":["Gash","Double Energy","Beam Cell"],"picked":"SKIP","floor":7},{"not_picked":["Steam Power","Core Surge"],"picked":"Hello World","floor":8},{"not_picked":["Force Field","Compile Driver"],"picked":"Cold Snap","floor":10},{"not_picked":["Fission","Lockon"],"picked":"Capacitor","floor":12},{"not_picked":["Core Surge","Buffer"],"picked":"Biased Cognition","floor":16},{"not_picked":["FTL","Cold Snap"],"picked":"Chaos","floor":18},{"not_picked":["Heatsinks","Rebound"],"picked":"Chaos","floor":19},{"not_picked":["Compile Driver","Stack"],"picked":"Cold Snap","floor":24},{"not_picked":["Stack","Leap"],"picked":"Reinforced Body","floor":28},{"not_picked":["Compile Driver","Gash"],"picked":"Reboot","floor":31}],"player_experience":1481169,"relics_obtained":[{"floor":9,"key":"PreservedInsect"},{"floor":12,"key":"Peace Pipe"},{"floor":19,"key":"Red Mask"},{"floor":24,"key":"War Paint"},{"floor":26,"key":"Gremlin Horn"},{"floor":31,"key":"Smiling Mask"}],"event_choices":[{"damage_healed":0,"gold_gain":0,"player_choice":"Success","damage_taken":3,"relics_obtained":["Ancient Tea Set"],"max_hp_gain":0,"max_hp_loss":0,"event_name":"Scrap Ooze","floor":14,"gold_loss":0},{"damage_healed":0,"gold_gain":0,"player_choice":"Fought Bandits","damage_taken":0,"max_hp_gain":0,"max_hp_loss":0,"event_name":"Masked Bandits","floor":19,"gold_loss":0},{"damage_healed":0,"gold_gain":0,"player_choice":"Shed Blood","damage_taken":19,"max_hp_gain":5,"max_hp_loss":0,"event_name":"Forgotten Altar","floor":21,"gold_loss":0},{"damage_healed":0,"gold_gain":0,"player_choice":"Opened","damage_taken":0,"relics_obtained":["Mercury Hourglass"],"max_hp_gain":0,"max_hp_loss":0,"event_name":"The Mausoleum","floor":22,"gold_loss":0,"cards_obtained":["Writhe"]},{"cards_removed":["Strike_B"],"damage_healed":0,"gold_gain":0,"player_choice":"Elegance","damage_taken":0,"max_hp_gain":0,"max_hp_loss":0,"event_name":"Back to Basics","floor":27,"gold_loss":0}],"is_beta":false,"boss_relics":[{"not_picked":["Pandora\u0027s Box","Calling Bell"],"picked":"Philosopher\u0027s Stone"}],"items_purged_floors":[4,11,20,29],"is_endless":false,"potions_floor_spawned":[1,2,7,10,12,18,31],"killed_by":"Automaton","ascension_level":0}