{"gold_per_floor":[12,12,12,28,38,38,68,68,150,164,189,189,32,32,32,134,134,145,145,145,157,172,172,87,100,100,100,120,120,133,133,133,231,281,298,573,121,140,156,156,168,168,168,14,32,32,32,32,32,32],"floor_reached":51,"playtime":3339,"items_purged":["Regret","Decay"],"score":680,"play_id":"7bdf2e97-a01a-4dcd-9689-082198d7bc0f","local_time":"20181115212603","is_ascension_mode":false,"campfire_choices":[{"data":"Neutralize","floor":6,"key":"SMITH"},{"data":"Blade Dance","floor":8,"key":"SMITH"},{"data":"Crippling Poison","floor":12,"key":"SMITH"},{"data":"Noxious Fumes","floor":15,"key":"SMITH"},{"data":"Wraith Form v2","floor":23,"key":"SMITH"},{"data":"Poisoned Stab","floor":29,"key":"SMITH"},{"floor":32,"key":"REST"},{"data":"Envenom","floor":40,"key":"SMITH"},{"floor":42,"key":"REST"},{"data":"Noxious Fumes","floor":46,"key":"SMITH"},{"floor":49,"key":"REST"}],"neow_cost":"NO_GOLD","seed_source_timestamp":69310171637104,"circlet_count":0,"master_deck":["Defend_G+1","Defend_G+1","Defend_G+1","Defend_G+1","Defend_G+1","Strike_G+1","Strike_G+1","Strike_G+1","Strike_G+1","Strike_G+1","Survivor","Neutralize+1","Dagger Throw","Backstab","Flying Knee","Blade Dance+1","Crippling Poison+1","Venomology","Noxious Fumes+1","Cloak And Dagger","Dash","Wraith Form v2+1","Leg Sweep","Flying Knee","Dagger Spray+1","Poisoned Stab+1","Predator","Caltrops+1","Poisoned Stab","Envenom+1","Cloak And Dagger","Noxious Fumes+1","Well Laid Plans","Deadly Poison","Mind Blast","Adrenaline","Skewer","Parasite","Footwork+1","Poisoned Stab","Leg Sweep","Decay"],"relics":["Ring of the Snake","Snake Skull","Mercury Hourglass","Lantern","Cursed Key","Art of War","Tiny House","ClockworkSouvenir"],"potions_floor_usage":[7,7,11,16,22,33,33,35,38,38,50,50,50,50],"damage_taken":[{"damage":6,"enemies":"Jaw Worm","floor":1,"turns":5},{"damage":2,"enemies":"Cultist","floor":4,"turns":5},{"damage":0,"enemies":"2 Louse","floor":5,"turns":3},{"damage":9,"enemies":"3 Sentries","floor":7,"turns":6},{"damage":1,"enemies":"2 Fungi Beasts","floor":10,"turns":2},{"damage":3,"enemies":"Lagavulin","floor":11,"turns":6},{"damage":11,"enemies":"Hexaghost","floor":16,"turns":9},{"damage":1,"enemies":"Shell Parasite","floor":18,"turns":5},{"damage":0,"enemies":"Chosen","floor":21,"turns":4},{"damage":1,"enemies":"Shelled Parasite and Fungi","floor":22,"turns":5},{"damage":1,"enemies":"Chosen and Byrds","floor":25,"turns":5},{"damage":6,"enemies":"Cultist and Chosen","floor":28,"turns":3},{"damage":2,"enemies":"3 Cultists","floor":30,"turns":3},{"damage":53,"enemies":"Automaton","floor":33,"turns":9},{"damage":0,"enemies":"3 Shapes","floor":35,"turns":3},{"damage":0,"enemies":"Orb Walker","floor":38,"turns":2},{"damage":11,"enemies":"Spire Growth","floor":39,"turns":5},{"damage":49,"enemies":"Writhing Mass","floor":41,"turns":6},{"damage":6,"enemies":"Sphere and 2 Shapes","floor":45,"turns":5},{"damage":62,"enemies":"Time Eater","floor":50,"turns":9}],"seed_played":"7626458784693167820","potions_obtained":[{"floor":2,"key":"PowerPotion"},{"floor":2,"key":"FairyPotion"},{"floor":2,"key":"SkillPotion"},{"floor":5,"key":"Block Potion"},{"floor":7,"key":"Block Potion"},{"floor":22,"key":"Strength Potion"},{"floor":34,"key":"Fire Potion"},{"floor":39,"key":"Strength Potion"},{"floor":45,"key":"LiquidBronze"}],"is_trial":false,"path_per_floor":["M","?","$","M","M","R","E","R","T","M","E","R","$","?","R","B",null,"M","?","?","M","M","R","?","M","T","?","M","R","M","?","R","B",null,"M","?","$","M","M","R","M","R","T","$","M","R","$","?","R","B",null],"character_chosen":"THE_SILENT","items_purchased":["Noxious Fumes","Cloak And Dagger","Dash","ClockworkSouvenir","Well Laid Plans","Deadly Poison","Mind Blast","Poisoned Stab"],"campfire_rested":3,"item_purchase_floors":[13,13,13,37,37,37,37,44],"current_hp_per_floor":[78,78,78,76,76,76,67,67,67,66,63,63,63,63,63,52,84,83,67,67,67,66,66,66,65,65,65,59,59,57,57,83,30,94,94,94,94,94,83,83,34,62,62,62,56,56,56,56,84,22],"gold":32,"neow_bonus":"TWENTY_PERCENT_HP_BONUS","is_prod":false,"is_daily":false,"chose_seed":false,"campfire_upgraded":8,"win_rate":0,"timestamp":1542335163,"path_taken":["M","?","?","M","M","R","E","R","T","M","E","R","?","?","R","BOSS","M","?","?","M","M","R","?","M","T","?","?","R","M","?","R","BOSS","M","?","$","M","?","R","M","R","T","$","M","R","$","?","R","BOSS"],"build_version":"2018-11-15","purchased_purges":2,"victory":true,"max_hp_per_floor":[84,84,84,84,84,84,84,84,84,84,84,84,84,84,84,84,84,84,89,89,89,89,89,89,89,89,89,89,89,89,89,89,89,94,94,94,94,94,94,94,94,94,94,94,94,94,94,94,94,94],"card_choices":[{"not_picked":["Bane","Calculated Gamble"],"picked":"Dagger Throw","floor":1},{"not_picked":["Flying Knee","Quick Slash"],"picked":"Backstab","floor":4},{"not_picked":["Dodge and Roll","Tactician"],"picked":"Flying Knee","floor":5},{"not_picked":["Acrobatics","Sucker Punch"],"picked":"Blade Dance","floor":7},{"not_picked":["Quick Slash","Concentrate"],"picked":"Crippling Poison","floor":10},{"not_picked":["Calculated Gamble","Distraction"],"picked":"Venomology","floor":11},{"not_picked":["Unload","Grand Finale"],"picked":"Wraith Form v2","floor":16},{"not_picked":["Underhanded Strike","Concentrate+1"],"picked":"Leg Sweep","floor":18},{"not_picked":["Flechettes","Deadly Poison"],"picked":"Flying Knee","floor":21},{"not_picked":["Quick Slash","Poisoned Stab"],"picked":"Dagger Spray+1","floor":22},{"not_picked":["Terror","Prepared"],"picked":"Poisoned Stab","floor":25},{"not_picked":["Calculated Gamble","Bullet Time"],"picked":"Predator","floor":28},{"not_picked":["Reflex","Sucker Punch"],"picked":"Caltrops","floor":30},{"not_picked":["Unload","Glass Knife"],"picked":"Envenom","floor":33},{"not_picked":["Blur","Quick Slash"],"picked":"Cloak And Dagger","floor":34},{"not_picked":["Slice","Outmaneuver+1"],"picked":"Noxious Fumes","floor":35},{"not_picked":["Dagger Spray+1","Slice"],"picked":"Adrenaline","floor":38},{"not_picked":["Calculated Gamble+1","Concentrate+1"],"picked":"Skewer","floor":39},{"not_picked":["Quick Slash+1","Deflect"],"picked":"Footwork+1","floor":41},{"not_picked":["Cloak And Dagger","Flying Knee"],"picked":"Leg Sweep","floor":45}],"player_experience":1125954,"relics_obtained":[{"floor":7,"key":"Snake Skull"},{"floor":9,"key":"Mercury Hourglass"},{"floor":11,"key":"Lantern"}],"event_choices":[{"damage_healed":0,"gold_gain":0,"player_choice":"Got Potions","damage_taken":0,"max_hp_gain":0,"max_hp_loss":0,"event_name":"Lab","floor":2,"gold_loss":0},{"damage_healed":0,"gold_gain":0,"player_choice":"Fled","damage_taken":0,"max_hp_gain":0,"max_hp_loss":0,"event_name":"Scrap Ooze","floor":14,"gold_loss":0},{"damage_healed":0,"gold_gain":0,"player_choice":"Shed Blood","damage_taken":21,"max_hp_gain":5,"max_hp_loss":0,"event_name":"Forgotten Altar","floor":19,"gold_loss":0},{"damage_healed":0,"gold_gain":0,"player_choice":"Simplicity","damage_taken":0,"max_hp_gain":0,"max_hp_loss":0,"event_name":"Back to Basics","floor":20,"gold_loss":0,"cards_upgraded":["Defend_G","Defend_G","Defend_G","Defend_G","Defend_G","Strike_G","Strike_G","Strike_G","Strike_G","Strike_G"]},{"damage_healed":0,"gold_gain":0,"player_choice":"Obtained Relic","damage_taken":0,"relics_obtained":["Art of War"],"max_hp_gain":0,"max_hp_loss":0,"event_name":"Addict","floor":24,"gold_loss":85},{"damage_healed":0,"gold_gain":0,"player_choice":"Cursed","damage_taken":0,"max_hp_gain":0,"max_hp_loss":0,"event_name":"Wheel of Change","floor":27,"gold_loss":0,"cards_obtained":["Decay"]},{"damage_healed":0,"gold_gain":0,"player_choice":"Read","damage_taken":0,"max_hp_gain":0,"max_hp_loss":0,"event_name":"The Library","floor":31,"gold_loss":0,"cards_obtained":["Poisoned Stab"]},{"damage_healed":0,"gold_gain":275,"player_choice":"Desecrate","damage_taken":0,"max_hp_gain":0,"max_hp_loss":0,"event_name":"Golden Shrine","floor":36,"gold_loss":0,"cards_obtained":["Regret"]},{"damage_healed":0,"gold_gain":0,"player_choice":"Cursed","damage_taken":0,"max_hp_gain":0,"max_hp_loss":0,"event_name":"Wheel of Change","floor":48,"gold_loss":0,"cards_obtained":["Decay"]}],"is_beta":false,"boss_relics":[{"not_picked":["Coffee Dripper","Eternal Feather"],"picked":"Cursed Key"},{"not_picked":["Runic Dome","Empty Cage"],"picked":"Tiny House"}],"items_purged_floors":[37,44],"is_endless":false,"potions_floor_spawned":[5,7,22,39,45],"ascension_level":0}