{"gold_per_floor":[109,259,259,274,274,274,309,378,378,394,418,92,136,156,156,246,246,262,262,262,50,50,90,110,110],"floor_reached":25,"playtime":1353,"items_purged":["Doubt"],"score":658,"play_id":"102bde3f-5681-46b3-a544-07481dd5cda5","local_time":"20190625093404","is_ascension_mode":true,"campfire_choices":[{"data":"Zap","floor":6.0,"key":"SMITH"},{"floor":15.0,"key":"REST"}],"neow_cost":"NONE","seed_source_timestamp":506809743117539,"circlet_count":0,"master_deck":["AscendersBane","Strike_B","Strike_B","Defend_B","Defend_B","Defend_B","Defend_B","Zap+1","Dualcast","Ball Lightning","Darkness","Leap","Reinforced Body","Hologram","Coolheaded","Defragment","Conserve Battery","Lockon","Doom and Gloom","Conserve Battery","Electrodynamics","Go for the Eyes+1","Chill","Creative AI","Hologram","Self Repair","Defragment","Sunder+1"],"special_seed":0,"relics":["Cracked Core","NeowsBlessing","Golden Idol","Blue Candle","Vajra","Sundial","Centennial Puzzle","Symbiotic Virus","Sozu","Juzu Bracelet","Blood Vial"],"potions_floor_usage":[],"damage_taken":[{"damage":0.0,"enemies":"2 Louse","floor":1.0,"turns":1.0},{"damage":0.0,"enemies":"Jaw Worm","floor":4.0,"turns":1.0},{"damage":0.0,"enemies":"Lagavulin","floor":7.0,"turns":1.0},{"damage":16.0,"enemies":"3 Sentries","floor":8.0,"turns":7.0},{"damage":13.0,"enemies":"Small Slimes","floor":10.0,"turns":3.0},{"damage":2.0,"enemies":"Looter","floor":11.0,"turns":2.0},{"damage":0.0,"enemies":"Gremlin Nob","floor":13.0,"turns":3.0},{"damage":0.0,"enemies":"2 Fungi Beasts","floor":14.0,"turns":3.0},{"damage":0.0,"enemies":"Hexaghost","floor":16.0,"turns":9.0},{"damage":0.0,"enemies":"3 Byrds","floor":18.0,"turns":1.0},{"damage":19.0,"enemies":"Book of Stabbing","floor":23.0,"turns":6.0},{"damage":3.0,"enemies":"Spheric Guardian","floor":24.0,"turns":3.0},{"damage":62,"enemies":"Gremlin Leader","floor":25,"turns":6}],"seed_played":"459250560341901353","potions_obtained":[{"floor":4.0,"key":"EssenceOfSteel"},{"floor":10.0,"key":"EntropicBrew"},{"floor":13.0,"key":"EssenceOfSteel"},{"floor":14.0,"key":"Swift Potion"}],"is_trial":false,"path_per_floor":["M","?","?","M","?","R","E","?","T","M","M","$","E","M","R","B",null,"M","?","?","$","?","E","M","E"],"character_chosen":"DEFECT","items_purchased":["Defragment","Conserve Battery","Lockon","Dexterity Potion","Self Repair","Juzu Bracelet"],"campfire_rested":1,"item_purchase_floors":[12,12,12,12,21,21],"current_hp_per_floor":[64,64,40,40,35,35,35,19,19,6,4,4,4,4,25,25,60,60,60,60,60,60,48,54,0],"gold":110,"neow_bonus":"THREE_ENEMY_KILL","is_prod":false,"is_daily":false,"chose_seed":false,"campfire_upgraded":1,"win_rate":0,"timestamp":1561480444,"path_taken":["M","?","?","?","?","R","E","?","T","M","M","$","E","M","R","BOSS","M","?","?","$","?","E","M","E"],"build_version":"2019-01-23","purchased_purges":1,"victory":false,"max_hp_per_floor":[71,71,71,71,71,71,71,71,71,71,71,71,71,71,71,71,71,71,71,71,71,71,71,71,71],"card_choices":[{"not_picked":["Go for the Eyes","Hologram"],"picked":"Ball Lightning","floor":1.0},{"not_picked":["Steam Power","Stack"],"picked":"Darkness","floor":4.0},{"not_picked":["Redo","Sweeping Beam"],"picked":"Leap","floor":7.0},{"not_picked":["Gash","Streamline"],"picked":"Reinforced Body","floor":8.0},{"not_picked":["Static Discharge","Stack"],"picked":"Hologram","floor":10.0},{"not_picked":["Genetic Algorithm","Aggregate"],"picked":"Coolheaded","floor":11.0},{"not_picked":["Hologram","Go for the Eyes"],"picked":"Doom and Gloom","floor":13.0},{"not_picked":["Ball Lightning","Darkness"],"picked":"Conserve Battery","floor":14.0},{"not_picked":["All For One","Buffer"],"picked":"Electrodynamics","floor":16.0},{"not_picked":["Hologram","Sweeping Beam"],"picked":"Go for the Eyes+1","floor":18.0},{"not_picked":["Force Field","Ball Lightning","Rip and Tear"],"picked":"SKIP","floor":23.0},{"not_picked":["Doom and Gloom","Double Energy+1"],"picked":"Sunder+1","floor":24.0}],"player_experience":1016833,"relics_obtained":[{"floor":7.0,"key":"Vajra"},{"floor":8.0,"key":"Sundial"},{"floor":9.0,"key":"Centennial Puzzle"},{"floor":13.0,"key":"Symbiotic Virus"},{"floor":23.0,"key":"Blood Vial"}],"event_choices":[{"damage_healed":0.0,"max_hp_gain":0.0,"max_hp_loss":0.0,"gold_gain":150.0,"event_name":"Liars Game","player_choice":"AGREE","floor":2.0,"gold_loss":0.0,"damage_taken":0.0,"cards_obtained":["Doubt"]},{"damage_healed":0.0,"max_hp_gain":0.0,"max_hp_loss":0.0,"gold_gain":0.0,"event_name":"Golden Idol","player_choice":"Take Damage","floor":3.0,"gold_loss":0.0,"damage_taken":24.0,"relics_obtained":["Golden Idol"]},{"damage_healed":0.0,"max_hp_gain":0.0,"max_hp_loss":0.0,"gold_gain":0.0,"event_name":"Scrap Ooze","player_choice":"Success","floor":5.0,"gold_loss":0.0,"damage_taken":5.0,"relics_obtained":["Blue Candle"]},{"damage_healed":0.0,"max_hp_gain":0.0,"max_hp_loss":0.0,"gold_gain":0.0,"event_name":"Dead Adventurer","player_choice":"Searched \u00272\u0027 times","floor":8.0,"gold_loss":0.0,"damage_taken":0.0},{"damage_healed":0.0,"max_hp_gain":0.0,"max_hp_loss":0.0,"gold_gain":0.0,"event_name":"The Library","player_choice":"Read","floor":19.0,"gold_loss":0.0,"damage_taken":0.0,"cards_obtained":["Chill"]},{"damage_healed":0.0,"max_hp_gain":0.0,"max_hp_loss":0.0,"gold_gain":0.0,"cards_transformed":["Strike_B","Strike_B"],"event_name":"Drug Dealer","player_choice":"Became Test Subject","floor":20.0,"gold_loss":0.0,"damage_taken":0.0,"cards_obtained":["Creative AI","Hologram"]},{"damage_healed":0.0,"max_hp_gain":0.0,"max_hp_loss":0.0,"gold_gain":0.0,"event_name":"Duplicator","player_choice":"Copied","floor":22.0,"gold_loss":0.0,"damage_taken":0.0,"cards_obtained":["Defragment"]}],"is_beta":false,"boss_relics":[{"not_picked":["Nuclear Battery","Calling Bell"],"picked":"Sozu"}],"items_purged_floors":[12],"is_endless":false,"potions_floor_spawned":[4,10,13,14,23],"killed_by":"Gremlin Leader","ascension_level":20}