{"gold_per_floor":[115,115,42,55,55,55,74,74,123,148,148,206,206,219,219,318,318,332,351,55,155,155,155,175,175,199,199,225,237,251,83,83,185,185,201,213,266,566,52,52,63,63,111,111,126,144,144,244,244,244],"floor_reached":51,"playtime":1543,"items_purged":["Parasite","Doubt","Injury"],"score":743,"play_id":"cb979c8f-e85e-40c2-be4d-f0c8ef9f4d1b","local_time":"20190430103108","is_ascension_mode":false,"campfire_choices":[{"data":"Sunder","floor":6.0,"key":"SMITH"},{"data":"Consume","floor":8.0,"key":"SMITH"},{"data":"Reinforced Body","floor":11.0,"key":"SMITH"},{"data":"Fusion","floor":15.0,"key":"SMITH"},{"data":"Hologram","floor":23.0,"key":"SMITH"},{"data":"Dualcast","floor":25.0,"key":"SMITH"},{"data":"Consume","floor":27.0,"key":"SMITH"},{"data":"Reinforced Body","floor":32.0,"key":"SMITH"},{"data":"Biased Cognition","floor":40.0,"key":"SMITH"},{"data":"Biased Cognition","floor":42.0,"key":"SMITH"},{"data":"Electrodynamics","floor":44.0,"key":"SMITH"},{"data":"Barrage","floor":47.0,"key":"SMITH"},{"floor":49.0,"key":"REST"}],"neow_cost":"NONE","seed_source_timestamp":4959437228156,"circlet_count":0,"master_deck":["Strike_B","Strike_B+1","Strike_B","Strike_B+1","Defend_B","Defend_B","Defend_B","Defend_B","Zap+1","Dualcast+1","Sunder+1","Consume+1","Consume+1","Reinforced Body+1","Fusion+1","Hologram+1","Electrodynamics+1","Ball Lightning+1","Reinforced Body+1","Ball Lightning","Coolheaded+1","Biased Cognition+1","Barrage+1","Cold Snap+1","Tempest+1","Biased Cognition+1","Undo+1","Core Surge","Leap+1","Defragment+1","Leap+1","Clumsy","Parasite","Stack+1","Rainbow+1","Turbo+1","Stack+1"],"special_seed":0,"relics":["Inserter","Whetstone","Bag of Preparation","Shuriken","Cursed Key","ClockworkSouvenir","Nunchaku","Toxic Egg 2","MutagenicStrength","Orichalcum","Strawberry","Snecko Eye","Prayer Wheel","Calipers","Boot","FossilizedHelix"],"potions_floor_usage":[50,50],"damage_taken":[{"damage":1.0,"enemies":"Jaw Worm","floor":1.0,"turns":3.0},{"damage":0.0,"enemies":"Small Slimes","floor":4.0,"turns":2.0},{"damage":0.0,"enemies":"2 Louse","floor":7.0,"turns":2.0},{"damage":25.0,"enemies":"Gremlin Nob","floor":10.0,"turns":4.0},{"damage":22.0,"enemies":"Lagavulin Event","floor":12.0,"turns":6.0},{"damage":2.0,"enemies":"Blue Slaver","floor":14.0,"turns":4.0},{"damage":15.0,"enemies":"The Guardian","floor":16.0,"turns":10.0},{"damage":13.0,"enemies":"Shell Parasite","floor":18.0,"turns":6.0},{"damage":0.0,"enemies":"Spheric Guardian","floor":19.0,"turns":3.0},{"damage":0.0,"enemies":"Colosseum Slavers","floor":21.0,"turns":2.0},{"damage":10.0,"enemies":"Colosseum Nobs","floor":21.0,"turns":3.0},{"damage":4.0,"enemies":"Chosen and Byrds","floor":24.0,"turns":4.0},{"damage":1.0,"enemies":"Snake Plant","floor":29.0,"turns":5.0},{"damage":0.0,"enemies":"Cultist and Chosen","floor":30.0,"turns":5.0},{"damage":12.0,"enemies":"Champ","floor":33.0,"turns":10.0},{"damage":12.0,"enemies":"3 Darklings","floor":35.0,"turns":3.0},{"damage":0.0,"enemies":"Orb Walker","floor":36.0,"turns":3.0},{"damage":9.0,"enemies":"2 Orb Walkers","floor":37.0,"turns":3.0},{"damage":4.0,"enemies":"3 Darklings","floor":41.0,"turns":4.0},{"damage":6.0,"enemies":"Writhing Mass","floor":45.0,"turns":5.0},{"damage":0.0,"enemies":"Spire Growth","floor":46.0,"turns":3.0},{"damage":2.0,"enemies":"Mind Bloom Boss Battle","floor":48.0,"turns":5.0},{"damage":0,"enemies":"Donu and Deca","floor":50,"turns":8}],"seed_played":"2390500955300257505","potions_obtained":[{"floor":1.0,"key":"Swift Potion"},{"floor":4.0,"key":"GamblersBrew"},{"floor":10.0,"key":"Weak Potion"},{"floor":14.0,"key":"SteroidPotion"},{"floor":19.0,"key":"SteroidPotion"},{"floor":29.0,"key":"PowerPotion"},{"floor":30.0,"key":"Block Potion"},{"floor":33.0,"key":"FearPotion"},{"floor":35.0,"key":"Dexterity Potion"},{"floor":37.0,"key":"SteroidPotion"},{"floor":48.0,"key":"PowerPotion"}],"is_trial":false,"path_per_floor":["M","?","$","M","$","R","M","R","T","E","R","?","?","M","R","B",null,"M","M","$","?","?","R","M","R","T","R","T","M","M","$","R","B",null,"M","M","?","?","$","R","M","R","T","R","M","M","R","?","R","B",null],"character_chosen":"DEFECT","items_purchased":["Consume","Ball Lightning","ClockworkSouvenir","Tempest+1","Calipers","Ancient Potion","Leap+1"],"campfire_rested":1,"item_purchase_floors":[3,20,20,31,39,39,39],"current_hp_per_floor":[74,74,74,74,74,74,74,74,74,49,49,27,45,43,43,28,75,62,62,62,52,52,52,48,48,48,48,55,54,54,54,54,42,79,67,67,58,58,58,58,54,54,54,54,48,48,48,46,69,69],"gold":244,"neow_bonus":"BOSS_RELIC","is_prod":false,"is_daily":false,"chose_seed":false,"campfire_upgraded":12,"win_rate":0,"timestamp":1556641868,"path_taken":["M","?","$","M","$","R","M","R","T","E","R","?","?","M","R","BOSS","M","M","$","?","?","R","M","R","T","R","?","M","?","?","R","BOSS","M","M","?","?","$","R","M","R","T","R","M","?","R","?","R","BOSS"],"build_version":"2019-01-23","purchased_purges":3,"victory":true,"max_hp_per_floor":[75,75,75,75,75,75,75,75,75,75,75,75,75,75,75,75,75,75,75,72,72,72,72,72,72,72,72,79,79,79,79,79,79,79,79,79,79,79,79,79,79,79,79,79,79,79,79,79,79,79],"card_choices":[{"not_picked":["Gash","Force Field"],"picked":"Sunder","floor":1.0},{"not_picked":["Leap","Barrage"],"picked":"Consume","floor":4.0},{"not_picked":["Genetic Algorithm","Go for the Eyes","Barrage"],"picked":"SKIP","floor":7.0},{"not_picked":["Gash","Leap"],"picked":"Reinforced Body","floor":10.0},{"not_picked":["Rebound","Double Energy"],"picked":"Fusion","floor":12.0},{"not_picked":["Capacitor","Streamline"],"picked":"Hologram","floor":14.0},{"not_picked":["Multi-Cast","Reboot"],"picked":"Electrodynamics","floor":16.0},{"not_picked":["Fusion","White Noise+1"],"picked":"Ball Lightning+1","floor":18.0},{"not_picked":["Sunder","Go for the Eyes"],"picked":"Reinforced Body","floor":19.0},{"not_picked":["Barrage","Compile Driver"],"picked":"Coolheaded","floor":21.0},{"not_picked":["Leap+1","Glacier+1"],"picked":"Biased Cognition","floor":24.0},{"not_picked":["Rebound","Turbo+1","Barrage"],"picked":"SKIP","floor":29.0},{"not_picked":["Rebound","Turbo+1"],"picked":"Barrage","floor":29.0},{"not_picked":["Turbo+1","Force Field+1"],"picked":"Cold Snap+1","floor":30.0},{"not_picked":["Buffer","Electrodynamics"],"picked":"Biased Cognition","floor":33.0},{"not_picked":["Leap+1","Rebound","Gash"],"picked":"SKIP","floor":35.0},{"not_picked":["Leap+1","Rebound","Gash"],"picked":"SKIP","floor":35.0},{"not_picked":["BootSequence+1","Storm"],"picked":"Undo+1","floor":36.0},{"not_picked":["Recycle+1","Chaos+1"],"picked":"Core Surge","floor":37.0},{"not_picked":["Steam+1","Genetic Algorithm+1"],"picked":"Defragment+1","floor":41.0},{"not_picked":["Gash","Sweeping Beam"],"picked":"Leap+1","floor":41.0},{"not_picked":["Chill+1","Redo+1"],"picked":"Stack+1","floor":45.0},{"not_picked":["Gash","Streamline","Static Discharge"],"picked":"SKIP","floor":45.0},{"not_picked":["Self Repair","Static Discharge+1"],"picked":"Rainbow+1","floor":46.0},{"not_picked":["Auto Shields+1","Streamline"],"picked":"Turbo+1","floor":46.0},{"not_picked":["Steam+1","Cold Snap"],"picked":"Stack+1","floor":48.0}],"player_experience":1332006,"relics_obtained":[{"floor":9.0,"key":"Whetstone"},{"floor":10.0,"key":"Bag of Preparation"},{"floor":12.0,"key":"Shuriken"},{"floor":21.0,"key":"Nunchaku"},{"floor":21.0,"key":"Toxic Egg 2"},{"floor":26.0,"key":"Orichalcum"},{"floor":28.0,"key":"Strawberry"},{"floor":37.0,"key":"Prayer Wheel"},{"floor":43.0,"key":"Boot"},{"floor":48.0,"key":"FossilizedHelix"}],"event_choices":[{"damage_healed":0.0,"max_hp_gain":0.0,"max_hp_loss":0.0,"gold_gain":0.0,"event_name":"Living Wall","player_choice":"Grow","floor":2.0,"gold_loss":0.0,"damage_taken":0.0,"cards_upgraded":["Zap"]},{"damage_healed":0.0,"max_hp_gain":0.0,"max_hp_loss":0.0,"gold_gain":0.0,"event_name":"Dead Adventurer","player_choice":"Searched \u00271\u0027 times","floor":12.0,"gold_loss":0.0,"damage_taken":0.0},{"damage_healed":18.0,"max_hp_gain":0.0,"max_hp_loss":0.0,"gold_gain":0.0,"event_name":"Mushrooms","player_choice":"Healed and dodged fight","floor":13.0,"gold_loss":0.0,"damage_taken":0.0,"cards_obtained":["Parasite"]},{"damage_healed":0.0,"max_hp_gain":0.0,"max_hp_loss":0.0,"gold_gain":0.0,"event_name":"Colosseum","player_choice":"Fight","floor":21.0,"gold_loss":0.0,"damage_taken":0.0},{"damage_healed":0.0,"max_hp_gain":0.0,"max_hp_loss":0.0,"gold_gain":0.0,"event_name":"Colosseum","player_choice":"Fought Nobs","floor":21.0,"gold_loss":0.0,"damage_taken":0.0},{"damage_healed":0.0,"max_hp_gain":0.0,"max_hp_loss":0.0,"gold_gain":0.0,"event_name":"Drug Dealer","player_choice":"Inject Mutagens","floor":22.0,"gold_loss":0.0,"damage_taken":0.0,"relics_obtained":["MutagenicStrength"]},{"damage_healed":0.0,"max_hp_gain":0.0,"max_hp_loss":0.0,"gold_gain":0.0,"event_name":"Mysterious Sphere","player_choice":"Fight","floor":37.0,"gold_loss":0.0,"damage_taken":0.0},{"damage_healed":0.0,"max_hp_gain":0.0,"max_hp_loss":0.0,"gold_gain":300.0,"event_name":"Wheel of Change","player_choice":"Gold","floor":38.0,"gold_loss":0.0,"damage_taken":0.0},{"damage_healed":0.0,"max_hp_gain":0.0,"max_hp_loss":0.0,"gold_gain":0.0,"event_name":"MindBloom","player_choice":"Fight","floor":48.0,"gold_loss":0.0,"damage_taken":0.0}],"is_beta":false,"boss_relics":[{"not_picked":["Velvet Choker","Lizard Tail"],"picked":"Cursed Key"},{"not_picked":["Empty Cage","Black Star"],"picked":"Snecko Eye"}],"items_purged_floors":[20,31,39],"is_endless":false,"potions_floor_spawned":[1,4,10,14,19,21,29,30,33,35,37,48],"ascension_level":0}