{"gold_per_floor":[12,12,12,24,44,44,71,88,88,117,117,137,169,186,186,286,286,302,313,12,26,46,46,80,80,105,105,123,123,48,60,60,160,160,179,279,329,329,23,23,56,68,68,96,110,0,31,31,31,31],"floor_reached":51,"playtime":3619,"items_purged":["Havoc","Clash"],"score":975,"play_id":"7601d067-6f88-4955-83ea-fd839c605d65","local_time":"20190513022430","is_ascension_mode":true,"campfire_choices":[{"data":"Inflame","floor":6.0,"key":"SMITH"},{"data":"Seeing Red","floor":11.0,"key":"SMITH"},{"data":"Armaments","floor":15.0,"key":"SMITH"},{"data":"Limit Break","floor":23.0,"key":"SMITH"},{"data":"Heavy Blade","floor":25,"key":"SMITH"},{"data":"Infernal Blade","floor":27,"key":"SMITH"},{"data":"Heavy Blade","floor":29,"key":"SMITH"},{"data":"Seeing Red","floor":32,"key":"SMITH"},{"floor":40,"key":"REST"},{"floor":49,"key":"REST"}],"neow_cost":"NO_GOLD","seed_source_timestamp":43456521261579,"circlet_count":0,"master_deck":["Bash","Heavy Blade+1","Dropkick","Inflame+1","Seeing Red+1","Battle Trance","Carnage","Shrug It Off","Armaments+1","Thunderclap","Dropkick","Reaper","Reaper","Infernal Blade+1","Ghostly Armor","Seeing Red+1","Brutality","Feed","Uppercut","Power Through","Limit Break+1","Shockwave","Heavy Blade+1","Power Through","Headbutt","Heavy Blade+1","Power Through","Pommel Strike+1","Impervious","Battle Trance","Inflame","Metallicize+1","Bandage Up","Bloodletting+1","Brutality","Shrug It Off","Spot Weakness"],"special_seed":0,"relics":["Black Blood","Ice Cream","Bottled Flame","Pantograph","Smiling Mask","Centennial Puzzle","Pandora\u0027s Box","Regal Pillow","Blood Vial","Mango","Ginger","TheAbacus","Bag of Preparation","Calipers","Turnip","Red Mask","Lantern"],"potions_floor_usage":[24,24,33,37,41,42,50,50,50],"damage_taken":[{"damage":1.0,"enemies":"Small Slimes","floor":1.0,"turns":4.0},{"damage":2.0,"enemies":"2 Louse","floor":4.0,"turns":3.0},{"damage":5.0,"enemies":"Cultist","floor":5.0,"turns":4.0},{"damage":22.0,"enemies":"3 Sentries","floor":7.0,"turns":7.0},{"damage":13.0,"enemies":"3 Louse","floor":8.0,"turns":3.0},{"damage":22.0,"enemies":"Lagavulin","floor":10.0,"turns":5.0},{"damage":1.0,"enemies":"2 Fungi Beasts","floor":12.0,"turns":3.0},{"damage":7.0,"enemies":"3 Sentries","floor":13.0,"turns":5.0},{"damage":5.0,"enemies":"Large Slime","floor":14.0,"turns":2.0},{"damage":54.0,"enemies":"Hexaghost","floor":16.0,"turns":8.0},{"damage":31.0,"enemies":"3 Byrds","floor":18.0,"turns":4.0},{"damage":18.0,"enemies":"Shell Parasite","floor":19.0,"turns":3.0},{"damage":4.0,"enemies":"Cultist and Chosen","floor":21.0,"turns":3.0},{"damage":28.0,"enemies":"Snake Plant","floor":22.0,"turns":3.0},{"damage":54,"enemies":"Slavers","floor":24,"turns":7},{"damage":23,"enemies":"Centurion and Healer","floor":28,"turns":5},{"damage":14,"enemies":"3 Cultists","floor":31,"turns":4},{"damage":62,"enemies":"Collector","floor":33,"turns":7},{"damage":37,"enemies":"3 Shapes","floor":35,"turns":7},{"damage":2,"enemies":"Mind Bloom Boss Battle","floor":36,"turns":8},{"damage":136,"enemies":"2 Orb Walkers","floor":37,"turns":8},{"damage":27,"enemies":"Nemesis","floor":41,"turns":9},{"damage":48,"enemies":"3 Darklings","floor":42,"turns":9},{"damage":62,"enemies":"Reptomancer","floor":44,"turns":7},{"damage":16,"enemies":"Jaw Worm Horde","floor":45,"turns":5},{"damage":81,"enemies":"Nemesis","floor":47,"turns":7},{"damage":168,"enemies":"Donu and Deca","floor":50,"turns":10}],"seed_played":"4104265402872562313","potions_obtained":[{"floor":4.0,"key":"Block Potion"},{"floor":8.0,"key":"SkillPotion"},{"floor":10.0,"key":"Ancient Potion"},{"floor":12.0,"key":"Swift Potion"},{"floor":16.0,"key":"AttackPotion"},{"floor":21.0,"key":"SteroidPotion"},{"floor":22.0,"key":"Energy Potion"},{"floor":31,"key":"Energy Potion"},{"floor":33,"key":"GamblersBrew"},{"floor":41,"key":"Poison Potion"},{"floor":44,"key":"SteroidPotion"},{"floor":45,"key":"LiquidBronze"}],"is_trial":false,"path_per_floor":["M","?","?","M","M","R","E","M","T","E","R","M","E","M","R","B",null,"M","M","$","M","M","R","E","R","T","R","M","R","$","M","R","B",null,"M","?","?","?","$","R","E","M","T","E","M","?","E","$","R","B",null],"character_chosen":"IRONCLAD","items_purchased":["Limit Break","Shockwave","PowerPotion","Power Through","TheAbacus","SteroidPotion"],"campfire_rested":2,"item_purchase_floors":[20,20,20,30,39,39],"current_hp_per_floor":[80,80,64,68,69,69,53,46,46,30,30,35,34,35,35,12,80,71,69,69,82,70,70,44,44,44,44,37,37,37,83,83,54,93,96,110,13,13,13,61,90,102,102,93,96,96,31,31,79,17],"gold":31,"neow_bonus":"ONE_RARE_RELIC","is_prod":false,"is_daily":false,"chose_seed":false,"campfire_upgraded":8,"win_rate":0,"timestamp":1557728670,"path_taken":["M","?","?","M","M","R","E","M","T","E","R","M","E","M","R","BOSS","M","M","$","M","M","R","E","R","T","R","M","R","$","M","R","BOSS","M","?","?","?","$","R","E","M","T","E","M","?","E","$","R","BOSS"],"build_version":"2019-01-23","purchased_purges":2,"victory":true,"max_hp_per_floor":[80,80,80,80,80,80,80,80,80,80,80,80,80,80,80,80,80,80,80,80,83,86,86,89,89,89,89,89,89,89,93,93,93,93,96,110,113,113,113,113,113,113,113,113,113,113,113,113,113,113],"card_choices":[{"not_picked":["Intimidate","Wild Strike"],"picked":"Heavy Blade","floor":1.0},{"not_picked":["Infernal Blade","Dropkick"],"picked":"Inflame","floor":4.0},{"not_picked":["Twin Strike","Feel No Pain"],"picked":"Seeing Red","floor":5.0},{"not_picked":["Rampage","Burning Pact"],"picked":"Battle Trance","floor":7.0},{"not_picked":["Shrug It Off","Blood for Blood"],"picked":"Carnage","floor":8.0},{"not_picked":["Flex","Armaments"],"picked":"Shrug It Off","floor":10.0},{"not_picked":["Twin Strike","Carnage"],"picked":"Armaments","floor":12.0},{"not_picked":["Berserk","True Grit"],"picked":"Thunderclap","floor":13.0},{"not_picked":["Havoc","Cleave"],"picked":"Dropkick","floor":14.0},{"not_picked":["Fiend Fire","Double Tap"],"picked":"Reaper","floor":16.0},{"not_picked":["Wild Strike+1","Flex"],"picked":"Clash","floor":18.0},{"not_picked":["Bloodletting","Twin Strike"],"picked":"Power Through","floor":19.0},{"not_picked":["Sword Boomerang","Pommel Strike"],"picked":"Heavy Blade","floor":21.0},{"not_picked":["Fiend Fire","Perfected Strike"],"picked":"Power Through","floor":22.0},{"not_picked":["Evolve","Clothesline+1"],"picked":"Headbutt","floor":24},{"not_picked":["Flame Barrier","Clothesline"],"picked":"Heavy Blade","floor":28},{"not_picked":["Hemokinesis","Wild Strike"],"picked":"Pommel Strike+1","floor":31},{"not_picked":["Brutality","Juggernaut"],"picked":"Impervious","floor":33},{"not_picked":["Body Slam","Corruption"],"picked":"Battle Trance","floor":35},{"not_picked":["Battle Trance+1","Headbutt+1"],"picked":"Inflame","floor":36},{"not_picked":["Burning Pact+1","Anger+1"],"picked":"Metallicize+1","floor":37},{"not_picked":["Secret Weapon","Dramatic Entrance"],"picked":"Bandage Up","floor":38},{"not_picked":["Headbutt+1","Warcry"],"picked":"Bloodletting+1","floor":41},{"not_picked":["Rage","Body Slam+1","Reckless Charge+1"],"picked":"SKIP","floor":42},{"not_picked":["Sword Boomerang+1","Rampage"],"picked":"Brutality","floor":44},{"not_picked":["Sentinel","Fire Breathing+1"],"picked":"Shrug It Off","floor":45},{"not_picked":["Rupture+1","Entrench"],"picked":"Spot Weakness","floor":47}],"player_experience":255561,"relics_obtained":[{"floor":7.0,"key":"Bottled Flame"},{"floor":9.0,"key":"Pantograph"},{"floor":10.0,"key":"Smiling Mask"},{"floor":13.0,"key":"Centennial Puzzle"},{"floor":24,"key":"Regal Pillow"},{"floor":26,"key":"Blood Vial"},{"floor":36,"key":"Mango"},{"floor":37,"key":"Ginger"},{"floor":41,"key":"Bag of Preparation"},{"floor":43,"key":"Calipers"},{"floor":44,"key":"Turnip"},{"floor":47,"key":"Lantern"}],"event_choices":[{"damage_healed":0.0,"max_hp_gain":0.0,"max_hp_loss":0.0,"gold_gain":0.0,"cards_transformed":["Strike_R"],"event_name":"Living Wall","player_choice":"Change","floor":2.0,"gold_loss":0.0,"damage_taken":0.0,"cards_obtained":["Dropkick"]},{"damage_healed":0.0,"max_hp_gain":0.0,"max_hp_loss":0.0,"gold_gain":0.0,"event_name":"Shining Light","player_choice":"Entered Light","floor":3.0,"gold_loss":0.0,"damage_taken":16.0,"cards_upgraded":["Defend_R","Heavy Blade"]},{"damage_healed":0,"gold_gain":0,"player_choice":"Fight","damage_taken":0,"max_hp_gain":0,"max_hp_loss":0,"event_name":"MindBloom","floor":36,"gold_loss":0},{"damage_healed":0,"gold_gain":0,"player_choice":"Fight","damage_taken":0,"max_hp_gain":0,"max_hp_loss":0,"event_name":"Mysterious Sphere","floor":37,"gold_loss":0},{"damage_healed":0,"gold_gain":0,"player_choice":"Memory 1","damage_taken":0,"max_hp_gain":0,"max_hp_loss":0,"event_name":"SensoryStone","floor":38,"gold_loss":0},{"damage_healed":0,"gold_gain":0,"player_choice":"Paid","damage_taken":0,"relics_obtained":["Red Mask"],"max_hp_gain":0,"max_hp_loss":0,"event_name":"Tomb of Lord Red Mask","floor":46,"gold_loss":110}],"is_beta":false,"boss_relics":[{"not_picked":["Lizard Tail","Sozu"],"picked":"Pandora\u0027s Box"},{"not_picked":["Eternal Feather","Runic Dome"],"picked":"Black Blood"}],"items_purged_floors":[20,39],"is_endless":false,"potions_floor_spawned":[4,8,10,12,16,21,22,31,33,41,44,45],"ascension_level":4}