{"gold_per_floor":[118,118,118,39,4,330,330,362,407,407,425,425,441,455,455,532,532,545,311,326,336,352,352,367,367,367,367,367,378,378,378],"floor_reached":31,"playtime":3742,"items_purged":["Strike_B"],"score":490,"play_id":"cee62fa2-f514-4d92-aebc-d881a2ea32ad","local_time":"20190625124909","is_ascension_mode":true,"campfire_choices":[{"floor":7.0,"key":"REST"},{"data":"Defragment","floor":10.0,"key":"SMITH"},{"data":"Zap","floor":12.0,"key":"SMITH"},{"data":"Hologram","floor":15.0,"key":"SMITH"},{"data":"Loop","floor":23.0,"key":"SMITH"},{"data":"Self Repair","floor":25.0,"key":"SMITH"},{"data":"Multi-Cast","floor":27.0,"key":"SMITH"}],"neow_cost":"NONE","seed_source_timestamp":516036407160566,"circlet_count":0,"master_deck":["AscendersBane","Strike_B+1","Strike_B","Defend_B","Defend_B+1","Defend_B","Defend_B","Zap+1","Dualcast","Deep Breath","Hologram+1","Auto Shields","Defragment+1","Darkness","Sweeping Beam","Cold Snap","Cold Snap","Amplify","Redo+1","Loop+1","Undo","Self Repair+1","Multi-Cast+1","Skim"],"special_seed":0,"relics":["Cracked Core","Old Coin","Mercury Hourglass","Blood Vial","Coffee Dripper","Cables"],"potions_floor_usage":[],"damage_taken":[{"damage":0.0,"enemies":"Cultist","floor":1.0,"turns":3.0},{"damage":37.0,"enemies":"3 Sentries","floor":6.0,"turns":11.0},{"damage":11.0,"enemies":"Lagavulin","floor":8.0,"turns":6.0},{"damage":0.0,"enemies":"2 Louse","floor":11.0,"turns":2.0},{"damage":0.0,"enemies":"Jaw Worm","floor":13.0,"turns":2.0},{"damage":2.0,"enemies":"Looter","floor":14.0,"turns":4.0},{"damage":23.0,"enemies":"Slime Boss","floor":16.0,"turns":10.0},{"damage":8.0,"enemies":"3 Byrds","floor":18.0,"turns":4.0},{"damage":0.0,"enemies":"Shell Parasite","floor":20.0,"turns":5.0},{"damage":34.0,"enemies":"Shelled Parasite and Fungi","floor":21.0,"turns":5.0},{"damage":16.0,"enemies":"Snecko","floor":22.0,"turns":10.0},{"damage":7.0,"enemies":"Centurion and Healer","floor":24.0,"turns":7.0},{"damage":0.0,"enemies":"Chosen and Byrds","floor":29.0,"turns":3.0},{"damage":13,"enemies":"Slavers","floor":31,"turns":1}],"seed_played":"8307594090116941400","potions_obtained":[{"floor":13.0,"key":"PowerPotion"},{"floor":16.0,"key":"Swift Potion"},{"floor":24.0,"key":"Energy Potion"}],"is_trial":false,"path_per_floor":["M","?","?","$","?","E","R","E","T","R","M","R","M","M","R","B",null,"M","$","M","M","M","R","M","R","T","R","?","M","?","E"],"character_chosen":"DEFECT","items_purchased":["Defragment","Loop","Undo"],"campfire_rested":1,"item_purchase_floors":[4,19,19],"current_hp_per_floor":[64,43,43,43,60,23,44,33,33,33,35,35,37,37,37,16,57,51,51,53,21,7,7,9,9,9,9,9,11,11,0],"gold":378,"neow_bonus":"RANDOM_COLORLESS","is_prod":false,"is_daily":false,"chose_seed":false,"campfire_upgraded":6,"win_rate":0,"timestamp":1561492149,"path_taken":["M","?","?","?","?","E","R","E","T","R","M","R","M","M","R","BOSS","M","$","M","M","M","R","M","R","T","R","?","?","?","E"],"build_version":"2019-01-23","purchased_purges":1,"victory":false,"max_hp_per_floor":[71,71,71,71,71,71,71,71,71,71,71,71,71,71,71,71,71,71,71,71,71,71,71,71,71,71,71,71,71,71,71],"card_choices":[{"not_picked":["Steam","Go for the Eyes"],"picked":"Hologram","floor":1.0},{"not_picked":["Storm","Cold Snap"],"picked":"Darkness","floor":6.0},{"not_picked":["Redo","Stack"],"picked":"Sweeping Beam","floor":8.0},{"not_picked":["Fission","Reprogram","Turbo"],"picked":"SKIP","floor":11.0},{"not_picked":["Rebound","Beam Cell"],"picked":"Cold Snap","floor":13.0},{"not_picked":["Barrage","Compile Driver"],"picked":"Cold Snap","floor":14.0},{"not_picked":["Machine Learning","All For One"],"picked":"Amplify","floor":16.0},{"not_picked":["Darkness+1","Compile Driver"],"picked":"Redo+1","floor":18.0},{"not_picked":["Sweeping Beam","Steam","Leap"],"picked":"SKIP","floor":20.0},{"not_picked":["Hologram","Sweeping Beam"],"picked":"Self Repair","floor":21.0},{"not_picked":["Stack","Darkness","Streamline"],"picked":"SKIP","floor":22.0},{"not_picked":["Consume","Sweeping Beam"],"picked":"Multi-Cast","floor":24.0},{"not_picked":["Turbo","Cold Snap"],"picked":"Skim","floor":29.0}],"player_experience":1019600,"relics_obtained":[{"floor":6.0,"key":"Old Coin"},{"floor":8.0,"key":"Mercury Hourglass"},{"floor":9.0,"key":"Blood Vial"},{"floor":26.0,"key":"Cables"}],"event_choices":[{"damage_healed":0.0,"max_hp_gain":0.0,"max_hp_loss":0.0,"gold_gain":0.0,"event_name":"Shining Light","player_choice":"Entered Light","floor":2.0,"gold_loss":0.0,"damage_taken":21.0,"cards_upgraded":["Strike_B","Defend_B"]},{"damage_healed":0.0,"max_hp_gain":0.0,"max_hp_loss":0.0,"gold_gain":0.0,"cards_transformed":["Strike_B"],"event_name":"Living Wall","player_choice":"Change","floor":3.0,"gold_loss":0.0,"damage_taken":0.0,"cards_obtained":["Auto Shields"]},{"damage_healed":17.0,"max_hp_gain":0.0,"max_hp_loss":0.0,"gold_gain":0.0,"event_name":"The Cleric","player_choice":"Healed","floor":5.0,"gold_loss":35.0,"damage_taken":0.0},{"damage_healed":0.0,"max_hp_gain":0.0,"max_hp_loss":0.0,"gold_gain":0.0,"event_name":"Wheel of Change","player_choice":"Cursed","floor":28.0,"gold_loss":0.0,"damage_taken":0.0,"cards_obtained":["Decay"]},{"cards_removed":["Decay"],"damage_healed":0,"gold_gain":0,"player_choice":"Purged","damage_taken":0,"max_hp_gain":0,"max_hp_loss":0,"event_name":"Purifier","floor":30,"gold_loss":0}],"is_beta":false,"boss_relics":[{"not_picked":["Orrery","Astrolabe"],"picked":"Coffee Dripper"}],"items_purged_floors":[19],"is_endless":false,"potions_floor_spawned":[13,16,24],"killed_by":"Slavers","ascension_level":20}