{"gold_per_floor":[109,109,122,44,58,58,58,58,58,75,91,118,184,234,234,339,339,356,406,72,136,151,151,178,178,226,303,323,7,42,56,56,155,155,170,220,220],"floor_reached":37,"playtime":1093,"items_purged":["Strike_R"],"score":634,"play_id":"457f98b6-bfda-4516-87a2-ab3588f1bec2","local_time":"20190615164441","is_ascension_mode":true,"campfire_choices":[{"data":"Whirlwind","floor":6,"key":"SMITH"},{"data":"Cleave","floor":8,"key":"SMITH"},{"data":"True Grit","floor":15,"key":"SMITH"},{"data":"Apotheosis","floor":23,"key":"SMITH"},{"data":"Limit Break","floor":25,"key":"SMITH"},{"floor":32,"key":"REST"}],"neow_cost":"NONE","seed_source_timestamp":53361384579068,"circlet_count":0,"master_deck":["AscendersBane","Strike_R","Strike_R","Strike_R","Strike_R","Defend_R","Defend_R","Defend_R","Defend_R","Bash","Clothesline+1","Cleave+1","Whirlwind+1","Intimidate","True Grit+1","Limit Break+1","Flame Barrier","Immolate","Disarm","Apotheosis+1","Shrug It Off","Flame Barrier","Writhe","Writhe","Twin Strike","Twin Strike+1","Metallicize","Offering","Headbutt"],"relics":["Burning Blood","NeowsBlessing","SsserpentHead","Pen Nib","Orichalcum","Cursed Key","Brimstone","Blood Vial","Ancient Tea Set","Bag of Preparation","Membership Card","Lantern","Self Forming Clay","Velvet Choker"],"potions_floor_usage":[13,16,24,24,24,30,30,37],"damage_taken":[{"damage":0,"enemies":"2 Louse","floor":1,"turns":1},{"damage":0,"enemies":"Jaw Worm","floor":3,"turns":1},{"damage":0,"enemies":"Cultist","floor":5,"turns":1},{"damage":14,"enemies":"3 Louse","floor":10,"turns":2},{"damage":0,"enemies":"Large Slime","floor":11,"turns":5},{"damage":26,"enemies":"3 Sentries","floor":12,"turns":6},{"damage":11,"enemies":"Exordium Thugs","floor":13,"turns":4},{"damage":32,"enemies":"Hexaghost","floor":16,"turns":10},{"damage":6,"enemies":"Shell Parasite","floor":18,"turns":6},{"damage":12,"enemies":"2 Thieves","floor":21,"turns":3},{"damage":6,"enemies":"Chosen and Byrds","floor":22,"turns":3},{"damage":17,"enemies":"Slavers","floor":24,"turns":3},{"damage":13,"enemies":"Cultist and Chosen","floor":28,"turns":5},{"damage":10,"enemies":"Book of Stabbing","floor":30,"turns":2},{"damage":8,"enemies":"3 Cultists","floor":31,"turns":3},{"damage":34,"enemies":"Collector","floor":33,"turns":7},{"damage":18,"enemies":"3 Shapes","floor":35,"turns":2},{"damage":96,"enemies":"Awakened One","floor":37,"turns":6}],"seed_played":"3326088352789509410","potions_obtained":[{"floor":1,"key":"SpeedPotion"},{"floor":10,"key":"SpeedPotion"},{"floor":11,"key":"Block Potion"},{"floor":19,"key":"EntropicBrew"},{"floor":19,"key":"Strength Potion"},{"floor":24,"key":"Explosive Potion"},{"floor":30,"key":"Fire Potion"}],"is_trial":false,"path_per_floor":["M","?","M","$","M","R","?","R","T","M","M","E","M","?","R","B",null,"M","?","$","M","M","R","E","R","T","T","M","$","E","M","R","B",null,"M","?","B"],"character_chosen":"IRONCLAD","items_purchased":["Whirlwind","Apotheosis","Brimstone","Membership Card","Lantern"],"campfire_rested":1,"item_purchase_floors":[4,20,20,29,29],"current_hp_per_floor":[78,78,80,80,80,80,80,80,80,72,78,58,53,53,53,27,67,67,67,67,61,61,61,50,50,50,50,45,45,43,43,67,41,70,60,60,0],"gold":220,"neow_bonus":"THREE_ENEMY_KILL","is_prod":false,"is_daily":false,"chose_seed":false,"campfire_upgraded":5,"win_rate":0,"timestamp":1560588281,"path_taken":["M","?","M","$","M","R","?","R","T","M","M","E","?","?","R","BOSS","M","?","?","?","M","R","E","R","T","?","M","$","E","M","R","BOSS","M","?","BOSS"],"build_version":"2019-01-23","purchased_purges":1,"victory":false,"max_hp_per_floor":[80,80,80,80,80,80,80,80,80,80,80,80,80,80,80,80,80,80,80,80,80,80,80,80,80,80,80,80,80,80,80,80,80,80,80,80,80],"card_choices":[{"not_picked":["Power Through","Anger"],"picked":"Clothesline","floor":1},{"not_picked":["Corruption","Armaments"],"picked":"Cleave","floor":3},{"not_picked":["Searing Blow","Sentinel"],"picked":"Intimidate","floor":5},{"not_picked":["Body Slam","Cleave"],"picked":"True Grit","floor":10},{"not_picked":["Rage","Havoc","Twin Strike"],"picked":"SKIP","floor":11},{"not_picked":["Clash","Armaments"],"picked":"Limit Break","floor":12},{"not_picked":["Armaments","Twin Strike"],"picked":"Flame Barrier","floor":13},{"not_picked":["Brutality","Bludgeon"],"picked":"Immolate","floor":16},{"not_picked":["Reckless Charge","Flame Barrier"],"picked":"Disarm","floor":18},{"not_picked":["Searing Blow+1","Cleave","Armaments"],"picked":"SKIP","floor":21},{"not_picked":["Dropkick","Dual Wield+1"],"picked":"Shrug It Off","floor":22},{"not_picked":["Sword Boomerang","Dropkick+1"],"picked":"Flame Barrier","floor":24},{"not_picked":["Cleave","Evolve+1"],"picked":"Twin Strike","floor":28},{"not_picked":["Sentinel","Clothesline+1"],"picked":"Twin Strike+1","floor":30},{"not_picked":["Evolve","Twin Strike"],"picked":"Metallicize","floor":31},{"not_picked":["Juggernaut","Fiend Fire"],"picked":"Offering","floor":33},{"not_picked":["Iron Wave+1","Flex"],"picked":"Headbutt","floor":35}],"player_experience":518833,"relics_obtained":[{"floor":9,"key":"Pen Nib"},{"floor":12,"key":"Orichalcum"},{"floor":24,"key":"Blood Vial"},{"floor":26,"key":"Ancient Tea Set"},{"floor":27,"key":"Bag of Preparation"},{"floor":30,"key":"Self Forming Clay"}],"event_choices":[{"damage_healed":0,"gold_gain":0,"player_choice":"Grow","damage_taken":0,"max_hp_gain":0,"max_hp_loss":0,"event_name":"Living Wall","floor":2,"gold_loss":0,"cards_upgraded":["Clothesline"]},{"damage_healed":0,"gold_gain":0,"player_choice":"Trade","damage_taken":0,"relics_obtained":["SsserpentHead"],"max_hp_gain":0,"max_hp_loss":0,"event_name":"FaceTrader","floor":7,"gold_loss":0},{"damage_healed":0,"gold_gain":0,"player_choice":"Searched \u00270\u0027 times","damage_taken":0,"max_hp_gain":0,"max_hp_loss":0,"event_name":"Dead Adventurer","floor":14,"gold_loss":0},{"damage_healed":0,"gold_gain":0,"player_choice":"Got Potions","damage_taken":0,"max_hp_gain":0,"max_hp_loss":0,"event_name":"Lab","floor":19,"gold_loss":0},{"damage_healed":0,"gold_gain":0,"player_choice":"Took Portal","damage_taken":0,"max_hp_gain":0,"max_hp_loss":0,"event_name":"SecretPortal","floor":36,"gold_loss":0}],"is_beta":false,"boss_relics":[{"not_picked":["Astrolabe","Empty Cage"],"picked":"Cursed Key"},{"not_picked":["Busted Crown","Mark of Pain"],"picked":"Velvet Choker"}],"items_purged_floors":[29],"is_endless":false,"potions_floor_spawned":[1,10,11,21,22,24,30],"killed_by":"Awakened One","ascension_level":11}