{"gold_per_floor":[115,115,134,134,61,90,102,133,133,166,178,222,121,134,134,235,235,249,220,237,14,14,14,49,0,24,38,38,58,58,58,58,156,156,166,166,166,182,58,85,85,115,163,183,194,194,220,231,231,231],"floor_reached":50,"playtime":5058,"items_purged":["Strike_B","Zap"],"score":918,"play_id":"3877aeda-0b95-49fe-b4be-9684dbee0665","local_time":"20190504160519","is_ascension_mode":true,"campfire_choices":[{"data":"Defragment","floor":15.0,"key":"SMITH"},{"data":"Reboot","floor":23.0,"key":"SMITH"},{"data":"Amplify","floor":30.0,"key":"SMITH"},{"data":"Ghostly","floor":32.0,"key":"SMITH"},{"floor":41.0,"key":"REST"},{"data":"Madness","floor":46.0,"key":"SMITH"},{"floor":49,"key":"REST"}],"neow_cost":"PERCENT_DAMAGE","seed_source_timestamp":2500230800617,"circlet_count":0,"master_deck":["Strike_B","Strike_B","Defend_B","Defend_B+1","Defend_B+1","Defend_B","Dualcast","Dark Shackles+1","Sunder","Cold Snap","Cold Snap","Blizzard","Darkness","Chill+1","Defragment+1","Reboot+1","Loop","Leap","Amplify+1","Redo+1","Rebound","Reinforced Body","Reinforced Body","Capacitor","Turbo","Ghostly+1","Ghostly","Ghostly","Ghostly","Ghostly","Rainbow","Steam Power","Madness+1","Madness","Chill","Aggregate","Blizzard+1","Echo Form","Redo","Hologram"],"special_seed":0,"relics":["FrozenCore","Mango","Sundial","Meat on the Bone","MawBank","Blood Vial","War Paint","Smiling Mask","Juzu Bracelet","Black Star","Darkstone Periapt","Anchor","Symbiotic Virus","Turnip","Pen Nib","Omamori"],"potions_floor_usage":[],"damage_taken":[{"damage":0.0,"enemies":"Small Slimes","floor":1.0,"turns":3.0},{"damage":2.0,"enemies":"Jaw Worm","floor":3.0,"turns":4.0},{"damage":23.0,"enemies":"Lagavulin","floor":6.0,"turns":8.0},{"damage":0.0,"enemies":"Cultist","floor":7.0,"turns":3.0},{"damage":5.0,"enemies":"3 Sentries","floor":8.0,"turns":6.0},{"damage":20.0,"enemies":"Gremlin Nob","floor":10.0,"turns":4.0},{"damage":12.0,"enemies":"Lagavulin","floor":12.0,"turns":6.0},{"damage":6.0,"enemies":"Blue Slaver","floor":14.0,"turns":2.0},{"damage":19.0,"enemies":"Slime Boss","floor":16.0,"turns":7.0},{"damage":3.0,"enemies":"Chosen","floor":18.0,"turns":6.0},{"damage":9.0,"enemies":"2 Thieves","floor":19.0,"turns":5.0},{"damage":39.0,"enemies":"3 Cultists","floor":20.0,"turns":7.0},{"damage":32.0,"enemies":"Book of Stabbing","floor":24.0,"turns":6.0},{"damage":1.0,"enemies":"Snake Plant","floor":27.0,"turns":8.0},{"damage":26.0,"enemies":"Chosen and Byrds","floor":29.0,"turns":11.0},{"damage":21.0,"enemies":"Champ","floor":33.0,"turns":17.0},{"damage":0.0,"enemies":"Orb Walker","floor":35.0,"turns":7.0},{"damage":14.0,"enemies":"3 Darklings","floor":38.0,"turns":17.0},{"damage":25.0,"enemies":"Nemesis","floor":40.0,"turns":9.0},{"damage":20.0,"enemies":"Reptomancer","floor":42.0,"turns":16.0},{"damage":0.0,"enemies":"Sphere and 2 Shapes","floor":44.0,"turns":9.0},{"damage":11.0,"enemies":"Transient","floor":45.0,"turns":5.0},{"damage":15,"enemies":"Writhing Mass","floor":48,"turns":9},{"damage":64,"enemies":"Time Eater","floor":50,"turns":9}],"seed_played":"-3806895249692158988","potions_obtained":[{"floor":1.0,"key":"Ancient Potion"},{"floor":3.0,"key":"Regen Potion"},{"floor":8.0,"key":"Fire Potion"},{"floor":12.0,"key":"Weak Potion"},{"floor":19.0,"key":"FearPotion"},{"floor":29.0,"key":"Ancient Potion"},{"floor":38.0,"key":"Strength Potion"},{"floor":40.0,"key":"Swift Potion"},{"floor":44.0,"key":"Dexterity Potion"}],"is_trial":false,"path_per_floor":["M","?","M","?","$","E","M","E","T","E","?","E","$","M","R","B",null,"M","M","M","$","?","R","E","?","T","M","$","M","R","?","R","B",null,"M","?","?","M","$","E","R","E","T","M","M","R","T","M","R","B"],"character_chosen":"DEFECT","items_purchased":["Blizzard","Loop","War Paint","Reinforced Body","Aggregate"],"campfire_rested":2,"item_purchase_floors":[5,13,21,21,39],"current_hp_per_floor":[54,39,37,37,37,43,43,38,38,30,30,30,30,38,38,33,89,86,79,54,54,54,54,36,36,36,49,49,37,37,37,37,30,44,44,44,38,26,26,15,28,22,22,24,27,27,27,26,39,0],"gold":231,"neow_bonus":"RANDOM_COLORLESS_2","is_prod":false,"is_daily":false,"chose_seed":false,"campfire_upgraded":5,"win_rate":0,"timestamp":1557000319,"path_taken":["M","?","M","?","$","E","M","E","T","E","?","E","$","M","R","BOSS","M","?","M","$","?","R","E","?","T","M","$","M","R","?","R","BOSS","M","?","?","M","$","E","R","E","T","M","M","R","?","M","R","BOSS"],"build_version":"2019-01-23","purchased_purges":2,"victory":false,"max_hp_per_floor":[75,75,75,75,75,89,89,89,89,89,89,89,89,89,89,89,89,89,89,89,89,89,89,89,89,89,89,89,89,89,44,44,44,44,44,44,44,44,44,44,44,44,44,44,44,44,44,44,44,44],"card_choices":[{"not_picked":["Streamline","Conserve Battery"],"picked":"Sunder","floor":1.0},{"not_picked":["Force Field","Sweeping Beam"],"picked":"Cold Snap","floor":3.0},{"not_picked":["Go for the Eyes","Rebound"],"picked":"Darkness","floor":6.0},{"not_picked":["Static Discharge","Undo"],"picked":"Chill","floor":7.0},{"not_picked":["Recycle","Steam"],"picked":"Defragment","floor":8.0},{"not_picked":["Turbo","Stack","Gash"],"picked":"SKIP","floor":10.0},{"not_picked":["Leap","Hologram"],"picked":"Reboot","floor":12.0},{"not_picked":["Beam Cell","Steam"],"picked":"Leap","floor":14.0},{"not_picked":["Hyperbeam","Core Surge"],"picked":"Amplify","floor":16.0},{"not_picked":["Go for the Eyes+1","Stack","Storm"],"picked":"SKIP","floor":18.0},{"not_picked":["Sweeping Beam","Leap"],"picked":"Redo+1","floor":19.0},{"not_picked":["Streamline","Sweeping Beam"],"picked":"Rebound","floor":20.0},{"not_picked":["Chill","Barrage"],"picked":"Capacitor","floor":24.0},{"not_picked":["Rebound+1","Stack+1"],"picked":"Turbo","floor":27.0},{"not_picked":["Genetic Algorithm","Tempest"],"picked":"Double Energy+1","floor":29.0},{"not_picked":["Thunder Strike","Core Surge"],"picked":"Rainbow","floor":33.0},{"not_picked":["Compile Driver+1","Redo+1"],"picked":"Steam Power","floor":35.0},{"not_picked":["Rip and Tear","Aggregate+1"],"picked":"Chill","floor":38.0},{"not_picked":["Compile Driver+1","Streamline","Sweeping Beam"],"picked":"SKIP","floor":40.0},{"not_picked":["Steam","Double Energy+1"],"picked":"Blizzard+1","floor":42.0},{"not_picked":["Barrage","Turbo"],"picked":"Echo Form","floor":44.0},{"not_picked":["Stack+1","Rip and Tear+1"],"picked":"Redo","floor":45.0},{"not_picked":["Compile Driver","Redo+1"],"picked":"Hologram","floor":48}],"player_experience":214648,"relics_obtained":[{"floor":6.0,"key":"Mango"},{"floor":8.0,"key":"Sundial"},{"floor":9.0,"key":"Meat on the Bone"},{"floor":10.0,"key":"MawBank"},{"floor":12.0,"key":"Blood Vial"},{"floor":24.0,"key":"Smiling Mask"},{"floor":26.0,"key":"Juzu Bracelet"},{"floor":40.0,"key":"Darkstone Periapt"},{"floor":40.0,"key":"Anchor"},{"floor":42.0,"key":"Symbiotic Virus"},{"floor":42.0,"key":"Turnip"},{"floor":43.0,"key":"Pen Nib"},{"floor":47.0,"key":"Omamori"}],"event_choices":[{"damage_healed":0.0,"max_hp_gain":0.0,"max_hp_loss":0.0,"gold_gain":0.0,"event_name":"Shining Light","player_choice":"Entered Light","floor":2.0,"gold_loss":0.0,"damage_taken":15.0,"cards_upgraded":["Dark Shackles","Defend_B"]},{"damage_healed":0.0,"max_hp_gain":0.0,"max_hp_loss":0.0,"gold_gain":0.0,"cards_transformed":["Strike_B"],"event_name":"Living Wall","player_choice":"Change","floor":4.0,"gold_loss":0.0,"damage_taken":0.0,"cards_obtained":["Cold Snap"]},{"cards_removed":["Impatience"],"damage_healed":0.0,"max_hp_gain":0.0,"max_hp_loss":0.0,"gold_gain":0.0,"event_name":"Purifier","player_choice":"Purged","floor":11.0,"gold_loss":0.0,"damage_taken":0.0},{"damage_healed":0.0,"max_hp_gain":0.0,"max_hp_loss":0.0,"gold_gain":0.0,"event_name":"The Library","player_choice":"Read","floor":22.0,"gold_loss":0.0,"damage_taken":0.0,"cards_obtained":["Reinforced Body"]},{"damage_healed":0.0,"max_hp_gain":0.0,"max_hp_loss":0.0,"gold_gain":0.0,"event_name":"Masked Bandits","player_choice":"Paid Fearfully","floor":25.0,"gold_loss":49.0,"damage_taken":0.0},{"damage_healed":0.0,"max_hp_gain":0.0,"max_hp_loss":45.0,"gold_gain":0.0,"event_name":"Ghosts","player_choice":"Became a Ghost","floor":31.0,"gold_loss":0.0,"damage_taken":0.0,"cards_obtained":["Ghostly","Ghostly","Ghostly","Ghostly","Ghostly"]},{"cards_removed":["Double Energy"],"damage_healed":0.0,"max_hp_gain":0.0,"max_hp_loss":0.0,"gold_gain":0.0,"event_name":"Falling","player_choice":"Removed Skill","floor":36.0,"gold_loss":0.0,"damage_taken":0.0},{"damage_healed":0.0,"max_hp_gain":0.0,"max_hp_loss":0.0,"gold_gain":0.0,"event_name":"Winding Halls","player_choice":"Embrace Madness","floor":37.0,"gold_loss":0.0,"damage_taken":6.0,"cards_obtained":["Madness","Madness"]}],"is_beta":false,"boss_relics":[{"not_picked":["Pandora\u0027s Box","Calling Bell"],"picked":"FrozenCore"},{"not_picked":["Velvet Choker","White Beast Statue"],"picked":"Black Star"}],"items_purged_floors":[13,39],"is_endless":false,"potions_floor_spawned":[1,3,8,12,19,29,38,40,44],"killed_by":"Time Eater","ascension_level":4}