{"gold_per_floor":[110,110,110,110,7,42,42,58,108,131,143,166,178,215,227,341,353,376,388,400,427,272,272,304,304,380,380,406,406,420,420,420,524,524,534,534,549,167,267,267,267,295,295,308,308,208,219,19,19,19],"floor_reached":51,"playtime":1601,"items_purged":[],"score":1084,"play_id":"457c2885-9188-4b36-ac70-d377c4c918ec","local_time":"20190617142320","is_ascension_mode":true,"campfire_choices":[{"data":"Juggernaut","floor":7,"key":"SMITH"},{"data":"Rage","floor":11,"key":"SMITH"},{"data":"Flame Barrier","floor":15,"key":"SMITH"},{"floor":23,"key":"REST"},{"floor":25,"key":"REST"},{"floor":27,"key":"REST"},{"floor":29,"key":"REST"},{"floor":32,"key":"REST"},{"floor":40,"key":"REST"},{"floor":45,"key":"REST"},{"floor":49,"key":"REST"}],"neow_cost":"NONE","seed_source_timestamp":6072155905391,"circlet_count":0,"master_deck":["AscendersBane","Strike_R+1","Strike_R+1","Strike_R+1","Strike_R+1","Strike_R+1","Defend_R+1","Defend_R+1","Defend_R+1","Bash","Juggernaut+1","Iron Wave","Carnage","Rage+1","Flame Barrier+1","Anger","Carnage+1","Body Slam","Metallicize","Ghostly Armor","Offering","Flame Barrier+1","Madness","Madness","Flash of Steel","Juggernaut+1","Parasite","Shrug It Off","Demon Form+1"],"relics":["Burning Blood","Orichalcum","Oddly Smooth Stone","MawBank","Mercury Hourglass","Fusion Hammer","Bronze Scales","Centennial Puzzle","Question Card","Gremlin Horn","Cursed Key","FossilizedHelix","Incense Burner","Frozen Egg 2","Kunai","Strawberry"],"potions_floor_usage":[6,16,21,24,28,33,42,50,50],"damage_taken":[{"damage":6,"enemies":"2 Louse","floor":1,"turns":3},{"damage":24,"enemies":"Lagavulin","floor":6,"turns":6},{"damage":1,"enemies":"Jaw Worm","floor":8,"turns":3},{"damage":2,"enemies":"Small Slimes","floor":10,"turns":3},{"damage":0,"enemies":"2 Fungi Beasts","floor":12,"turns":3},{"damage":41,"enemies":"Gremlin Nob","floor":14,"turns":6},{"damage":27,"enemies":"Hexaghost","floor":16,"turns":9},{"damage":10,"enemies":"Spheric Guardian","floor":18,"turns":4},{"damage":9,"enemies":"3 Byrds","floor":21,"turns":5},{"damage":15,"enemies":"Slavers","floor":24,"turns":3},{"damage":14,"enemies":"Gremlin Leader","floor":28,"turns":4},{"damage":23,"enemies":"Centurion and Healer","floor":30,"turns":4},{"damage":36,"enemies":"Collector","floor":33,"turns":8},{"damage":6,"enemies":"Orb Walker","floor":35,"turns":3},{"damage":0,"enemies":"3 Shapes","floor":37,"turns":4},{"damage":0,"enemies":"Mind Bloom Boss Battle","floor":39,"turns":4},{"damage":11,"enemies":"Reptomancer","floor":42,"turns":5},{"damage":26,"enemies":"Writhing Mass","floor":44,"turns":5},{"damage":0,"enemies":"Maw","floor":47,"turns":7},{"damage":76,"enemies":"Time Eater","floor":50,"turns":10}],"seed_played":"6270867507414943731","potions_obtained":[{"floor":1,"key":"SpeedPotion"},{"floor":8,"key":"Ancient Potion"},{"floor":10,"key":"Swift Potion"},{"floor":14,"key":"LiquidBronze"},{"floor":21,"key":"PowerPotion"},{"floor":24,"key":"PowerPotion"},{"floor":28,"key":"PowerPotion"},{"floor":35,"key":"Swift Potion"},{"floor":42,"key":"Regen Potion"}],"is_trial":false,"path_per_floor":["M","?","$","?","$","E","R","M","T","M","R","M","?","E","R","B",null,"M","?","?","M","$","R","E","R","T","R","E","R","M","?","R","B",null,"M","?","M","$","?","R","?","E","T","M","R","$","M","$","R","B",null],"character_chosen":"IRONCLAD","items_purchased":["Iron Wave","PowerPotion","Bronze Scales","Body Slam","FossilizedHelix","Flash of Steel","SkillPotion","Shrug It Off","Strawberry","Dexterity Potion"],"campfire_rested":8,"item_purchase_floors":[5,5,22,22,38,38,46,46,48,48],"current_hp_per_floor":[72,65,65,65,65,47,47,52,52,56,56,62,67,32,32,11,67,63,63,63,60,60,85,76,85,85,85,77,85,68,68,85,55,78,78,67,73,73,79,85,85,80,80,60,85,85,85,92,92,37],"gold":19,"neow_bonus":"ONE_RANDOM_RARE_CARD","is_prod":false,"is_daily":false,"chose_seed":false,"campfire_upgraded":3,"win_rate":0,"timestamp":1560752600,"path_taken":["M","?","$","?","$","E","R","M","T","M","R","M","?","E","R","BOSS","M","?","?","M","$","R","E","R","T","R","E","R","M","?","R","BOSS","M","?","M","$","?","R","?","E","T","M","R","?","M","$","R","BOSS"],"build_version":"2019-01-23","purchased_purges":0,"victory":true,"max_hp_per_floor":[80,80,80,80,80,80,80,80,80,80,80,80,85,85,85,85,85,85,85,85,85,85,85,85,85,85,85,85,85,85,85,85,85,85,85,85,85,85,85,85,85,85,85,85,85,85,85,92,92,92],"card_choices":[{"not_picked":["Warcry","Flex","Corruption"],"picked":"SKIP","floor":1},{"not_picked":["Bloodletting","Second Wind","Power Through"],"picked":"SKIP","floor":6},{"not_picked":["Pommel Strike","Burning Pact"],"picked":"Carnage","floor":8},{"not_picked":["Headbutt","Perfected Strike"],"picked":"Rage","floor":10},{"not_picked":["Havoc","Cleave"],"picked":"Flame Barrier","floor":12},{"not_picked":["Twin Strike","Carnage","Berserk"],"picked":"SKIP","floor":14},{"not_picked":["Anger","Warcry","Heavy Blade+1"],"picked":"SKIP","floor":18},{"not_picked":["Warcry","Heavy Blade+1"],"picked":"Anger","floor":18},{"not_picked":["Flex","Inflame"],"picked":"Carnage+1","floor":21},{"not_picked":["Thunderclap","Searing Blow"],"picked":"Metallicize","floor":24},{"not_picked":["Sword Boomerang","Heavy Blade","Dark Embrace"],"picked":"Ghostly Armor","floor":28},{"not_picked":["Wild Strike","Havoc","Iron Wave","Sword Boomerang+1"],"picked":"SKIP","floor":30},{"not_picked":["Berserk","Double Tap","Reaper"],"picked":"Offering","floor":33},{"not_picked":["Heavy Blade","Metallicize","Intimidate+1"],"picked":"Flame Barrier+1","floor":35},{"not_picked":["Uppercut","Havoc","Sentinel+1","True Grit+1"],"picked":"SKIP","floor":37},{"not_picked":["Wild Strike","Sever Soul","Iron Wave+1"],"picked":"Juggernaut","floor":42},{"not_picked":["Warcry","Headbutt","Anger+1","Pommel Strike"],"picked":"SKIP","floor":44},{"not_picked":["Cleave","Intimidate+1","Clothesline"],"picked":"Demon Form+1","floor":47}],"player_experience":527453,"relics_obtained":[{"floor":6,"key":"Oddly Smooth Stone"},{"floor":9,"key":"MawBank"},{"floor":14,"key":"Mercury Hourglass"},{"floor":24,"key":"Centennial Puzzle"},{"floor":26,"key":"Question Card"},{"floor":28,"key":"Gremlin Horn"},{"floor":39,"key":"Incense Burner"},{"floor":42,"key":"Frozen Egg 2"},{"floor":43,"key":"Kunai"}],"event_choices":[{"damage_healed":0,"gold_gain":0,"player_choice":"Success","damage_taken":7,"relics_obtained":["Orichalcum"],"max_hp_gain":0,"max_hp_loss":0,"event_name":"Scrap Ooze","floor":2,"gold_loss":0},{"damage_healed":0,"gold_gain":0,"player_choice":"Ignored","damage_taken":0,"max_hp_gain":0,"max_hp_loss":0,"event_name":"Golden Wing","floor":4,"gold_loss":0},{"damage_healed":0,"gold_gain":0,"player_choice":"Donut","damage_taken":0,"max_hp_gain":5,"max_hp_loss":0,"event_name":"Big Fish","floor":13,"gold_loss":0},{"damage_healed":0,"gold_gain":0,"player_choice":"Ignored","damage_taken":0,"max_hp_gain":0,"max_hp_loss":0,"event_name":"Vampires","floor":19,"gold_loss":0},{"damage_healed":0,"gold_gain":0,"player_choice":"Ignored","damage_taken":0,"max_hp_gain":0,"max_hp_loss":0,"event_name":"Ghosts","floor":20,"gold_loss":0},{"damage_healed":0,"gold_gain":0,"player_choice":"Simplicity","damage_taken":0,"max_hp_gain":0,"max_hp_loss":0,"event_name":"Back to Basics","floor":31,"gold_loss":0,"cards_upgraded":["Strike_R","Strike_R","Strike_R","Strike_R","Strike_R","Defend_R","Defend_R","Defend_R","Defend_R"]},{"damage_healed":0,"gold_gain":0,"player_choice":"Embrace Madness","damage_taken":11,"max_hp_gain":0,"max_hp_loss":0,"event_name":"Winding Halls","floor":36,"gold_loss":0,"cards_obtained":["Madness","Madness"]},{"damage_healed":0,"gold_gain":0,"player_choice":"Fight","damage_taken":0,"max_hp_gain":0,"max_hp_loss":0,"event_name":"MindBloom","floor":39,"gold_loss":0},{"cards_removed":["Defend_R"],"damage_healed":0,"gold_gain":0,"player_choice":"Removed Skill","damage_taken":0,"max_hp_gain":0,"max_hp_loss":0,"event_name":"Falling","floor":41,"gold_loss":0}],"is_beta":false,"boss_relics":[{"not_picked":["Velvet Choker","Sozu"],"picked":"Fusion Hammer"},{"not_picked":["Mark of Pain","Black Star"],"picked":"Cursed Key"}],"items_purged_floors":[],"is_endless":false,"potions_floor_spawned":[1,8,10,14,21,24,28,35,42],"ascension_level":11}