{"gold_per_floor":[114,114,133,147,161,189,189,215,240,15,15,28,38,68,68,170,170,185,75,90,41,41,41,76,93,93,93,109,144,163,196,196,300,300,317,317,206,217,217,244,244,0,0,18,18,38,65,75,75,75],"floor_reached":51,"playtime":4304,"items_purged":["Defend_R","Strike_R"],"score":901,"play_id":"df928de4-f536-448f-add2-426b97aaf2b8","local_time":"20190512171402","is_ascension_mode":true,"campfire_choices":[{"data":"Inflame","floor":7.0,"key":"SMITH"},{"data":"Shockwave","floor":11.0,"key":"SMITH"},{"data":"Seeing Red","floor":15.0,"key":"SMITH"},{"data":"Metallicize","floor":23.0,"key":"SMITH"},{"data":"Strike_R","floor":32.0,"key":"PURGE"},{"data":"Madness","floor":41.0,"key":"SMITH"},{"data":"Offering","floor":45.0,"key":"SMITH"},{"data":"Strike_R","floor":49,"key":"PURGE"}],"neow_cost":"NONE","seed_source_timestamp":9616732957116,"circlet_count":0,"master_deck":["Strike_R","Strike_R","Defend_R","Defend_R","Defend_R","Bash","Inflame+1","Dual Wield+1","Heavy Blade+1","Spot Weakness+1","Sword Boomerang","Spot Weakness","Sever Soul","Shockwave+1","Battle Trance","Power Through","Headbutt","Cleave","Seeing Red+1","Reaper","Pommel Strike+1","Shrug It Off","Feed","Shockwave","Shrug It Off","Offering+1","Impervious","Heavy Blade+1","Combust","Madness","Madness+1","Impervious","Pommel Strike+1","Clash+1"],"special_seed":0,"relics":["Orrery","Art of War","Strawberry","Omamori","War Paint","Regal Pillow","Bag of Preparation","Nloth\u0027s Gift","Magic Flower","Bottled Lightning","The Courier","Vajra","Peace Pipe","Coffee Dripper","Bronze Scales","Red Mask","Orichalcum","Oddly Smooth Stone"],"potions_floor_usage":[],"damage_taken":[{"damage":4.0,"enemies":"Small Slimes","floor":1.0,"turns":3.0},{"damage":1.0,"enemies":"Cultist","floor":3.0,"turns":3.0},{"damage":8.0,"enemies":"2 Louse","floor":4.0,"turns":3.0},{"damage":15.0,"enemies":"Exordium Wildlife","floor":5.0,"turns":4.0},{"damage":9.0,"enemies":"Lagavulin","floor":6.0,"turns":6.0},{"damage":10.0,"enemies":"Gremlin Nob","floor":8.0,"turns":3.0},{"damage":8.0,"enemies":"Blue Slaver","floor":12.0,"turns":4.0},{"damage":8.0,"enemies":"Lots of Slimes","floor":13.0,"turns":4.0},{"damage":12.0,"enemies":"Lagavulin","floor":14.0,"turns":5.0},{"damage":10.0,"enemies":"Hexaghost","floor":16.0,"turns":6.0},{"damage":1.0,"enemies":"Spheric Guardian","floor":18.0,"turns":3.0},{"damage":24.0,"enemies":"3 Byrds","floor":20.0,"turns":5.0},{"damage":8.0,"enemies":"Gremlin Leader","floor":24.0,"turns":5.0},{"damage":9.0,"enemies":"Centurion and Healer","floor":25.0,"turns":5.0},{"damage":11.0,"enemies":"Cultist and Chosen","floor":28.0,"turns":4.0},{"damage":32.0,"enemies":"Slavers","floor":29.0,"turns":4.0},{"damage":28.0,"enemies":"Sentry and Sphere","floor":30.0,"turns":7.0},{"damage":39.0,"enemies":"Gremlin Leader","floor":31.0,"turns":7.0},{"damage":78.0,"enemies":"Automaton","floor":33.0,"turns":8.0},{"damage":9.0,"enemies":"3 Darklings","floor":35.0,"turns":5.0},{"damage":75.0,"enemies":"Orb Walker","floor":38.0,"turns":8.0},{"damage":23.0,"enemies":"Nemesis","floor":40.0,"turns":5.0},{"damage":29.0,"enemies":"Sphere and 2 Shapes","floor":44.0,"turns":10.0},{"damage":26.0,"enemies":"3 Darklings","floor":46.0,"turns":9.0},{"damage":18.0,"enemies":"Giant Head","floor":47.0,"turns":6.0},{"damage":28,"enemies":"Transient","floor":48,"turns":5},{"damage":58,"enemies":"Awakened One","floor":50,"turns":9}],"seed_played":"9073412350891533923","potions_obtained":[{"floor":1.0,"key":"Dexterity Potion"},{"floor":3.0,"key":"Energy Potion"},{"floor":8.0,"key":"Regen Potion"},{"floor":16.0,"key":"Energy Potion"},{"floor":20.0,"key":"FairyPotion"},{"floor":29.0,"key":"BloodPotion"},{"floor":30.0,"key":"GamblersBrew"},{"floor":31.0,"key":"PowerPotion"},{"floor":40.0,"key":"Weak Potion"},{"floor":44.0,"key":"PowerPotion"}],"is_trial":false,"path_per_floor":["M","?","M","M","M","E","R","E","T","$","R","M","M","E","R","B",null,"M","?","M","$","?","R","E","M","T","T","M","E","M","E","R","B",null,"M","?","$","M","?","E","R","?","T","M","R","M","E","M","R","B",null],"character_chosen":"IRONCLAD","items_purchased":["War Paint","Shrug It Off","Combust"],"campfire_rested":0,"item_purchase_floors":[10,21,37],"current_hp_per_floor":[76,76,75,67,52,43,43,40,40,40,40,32,36,24,24,14,87,86,86,72,72,72,72,64,57,57,57,51,93,65,68,68,60,96,94,94,94,24,12,3,3,3,3,29,29,53,35,15,15,10],"gold":75,"neow_bonus":"BOSS_RELIC","is_prod":false,"is_daily":false,"chose_seed":false,"campfire_upgraded":6,"win_rate":0,"timestamp":1557695642,"path_taken":["M","?","M","M","M","E","R","E","T","$","R","M","M","E","R","BOSS","M","?","?","$","?","R","E","?","T","?","M","E","M","E","R","BOSS","M","?","$","M","?","E","R","?","T","?","R","M","E","M","R","BOSS"],"build_version":"2019-01-23","purchased_purges":2,"victory":true,"max_hp_per_floor":[80,80,80,80,80,80,80,87,87,87,87,87,87,87,87,87,87,87,87,87,87,87,87,87,87,87,87,90,93,93,93,93,96,96,96,96,96,99,99,99,99,99,99,102,102,105,105,105,105,105],"card_choices":[{"not_picked":["Rage","Ghostly Armor"],"picked":"Inflame","floor":0.0},{"not_picked":["Hemokinesis","Feel No Pain"],"picked":"Dual Wield","floor":0.0},{"not_picked":["Evolve","Sword Boomerang"],"picked":"Heavy Blade","floor":0.0},{"not_picked":["Twin Strike","Bloodletting"],"picked":"Spot Weakness","floor":0.0},{"not_picked":["Thunderclap","Feel No Pain"],"picked":"Sword Boomerang","floor":0.0},{"not_picked":["Anger","Clash"],"picked":"Spot Weakness","floor":1.0},{"not_picked":["Wild Strike","Havoc"],"picked":"Sever Soul","floor":3.0},{"not_picked":["Anger","Flex"],"picked":"Shockwave","floor":4.0},{"not_picked":["Rupture","Armaments"],"picked":"Battle Trance","floor":5.0},{"not_picked":["Thunderclap","Bludgeon"],"picked":"Power Through","floor":6.0},{"not_picked":["Anger","Carnage"],"picked":"Metallicize","floor":8.0},{"not_picked":["Flex","Sword Boomerang"],"picked":"Headbutt","floor":12.0},{"not_picked":["Warcry","Sword Boomerang"],"picked":"Cleave","floor":13.0},{"not_picked":["Thunderclap","Flex"],"picked":"Seeing Red","floor":14.0},{"not_picked":["Demon Form","Fiend Fire"],"picked":"Reaper","floor":16.0},{"not_picked":["Havoc+1","Thunderclap","Rage+1"],"picked":"SKIP","floor":18.0},{"not_picked":["True Grit","Clothesline"],"picked":"Pommel Strike+1","floor":20.0},{"not_picked":["Shrug It Off","Flex"],"picked":"Feed","floor":24.0},{"not_picked":["Perfected Strike","Iron Wave"],"picked":"Shockwave","floor":25.0},{"not_picked":["Carnage","Clothesline","Thunderclap+1"],"picked":"SKIP","floor":28.0},{"not_picked":["Dark Embrace","Evolve","Fire Breathing"],"picked":"SKIP","floor":29.0},{"not_picked":["Anger+1","Iron Wave"],"picked":"Shrug It Off","floor":30.0},{"not_picked":["Double Tap","Berserk"],"picked":"Offering","floor":31.0},{"not_picked":["Barricade","Immolate"],"picked":"Impervious","floor":33.0},{"not_picked":["Infernal Blade","Thunderclap"],"picked":"Heavy Blade+1","floor":35.0},{"not_picked":["Evolve","Pommel Strike","Burning Pact"],"picked":"SKIP","floor":38.0},{"not_picked":["Juggernaut","Anger+1"],"picked":"Impervious","floor":40.0},{"not_picked":["Havoc+1","Battle Trance+1"],"picked":"Pommel Strike+1","floor":44.0},{"not_picked":["Evolve","Havoc","Armaments"],"picked":"SKIP","floor":46.0},{"not_picked":["Anger+1","Reckless Charge","Body Slam"],"picked":"SKIP","floor":47.0},{"not_picked":["Iron Wave","Armaments+1"],"picked":"Clash+1","floor":48}],"player_experience":243204,"relics_obtained":[{"floor":6.0,"key":"Art of War"},{"floor":8.0,"key":"Strawberry"},{"floor":9.0,"key":"Omamori"},{"floor":14.0,"key":"Regal Pillow"},{"floor":24.0,"key":"Magic Flower"},{"floor":26.0,"key":"Bottled Lightning"},{"floor":27.0,"key":"The Courier"},{"floor":29.0,"key":"Vajra"},{"floor":31.0,"key":"Peace Pipe"},{"floor":40.0,"key":"Bronze Scales"},{"floor":43.0,"key":"Orichalcum"},{"floor":47.0,"key":"Oddly Smooth Stone"}],"event_choices":[{"damage_healed":0.0,"max_hp_gain":0.0,"max_hp_loss":0.0,"gold_gain":0.0,"event_name":"Living Wall","player_choice":"Grow","floor":2.0,"gold_loss":0.0,"damage_taken":0.0,"cards_upgraded":["Heavy Blade"]},{"damage_healed":0.0,"max_hp_gain":0.0,"max_hp_loss":0.0,"gold_gain":0.0,"event_name":"WeMeetAgain","player_choice":"Paid Gold","floor":19.0,"gold_loss":110.0,"damage_taken":0.0,"relics_obtained":["Bag of Preparation"]},{"damage_healed":0.0,"max_hp_gain":0.0,"max_hp_loss":0.0,"gold_gain":0.0,"event_name":"N\u0027loth","player_choice":"Traded Relic","floor":22.0,"relics_lost":["Runic Pyramid"],"gold_loss":0.0,"damage_taken":0.0,"relics_obtained":["Nloth\u0027s Gift"]},{"cards_removed":["Metallicize"],"damage_healed":0.0,"max_hp_gain":0.0,"max_hp_loss":0.0,"gold_gain":0.0,"event_name":"Falling","player_choice":"Removed Power","floor":36.0,"gold_loss":0.0,"damage_taken":0.0},{"damage_healed":0.0,"max_hp_gain":0.0,"max_hp_loss":0.0,"gold_gain":0.0,"event_name":"Winding Halls","player_choice":"Embrace Madness","floor":39.0,"gold_loss":0.0,"damage_taken":12.0,"cards_obtained":["Madness","Madness"]},{"damage_healed":0.0,"max_hp_gain":0.0,"max_hp_loss":0.0,"gold_gain":0.0,"event_name":"Tomb of Lord Red Mask","player_choice":"Paid","floor":42.0,"gold_loss":244.0,"damage_taken":0.0,"relics_obtained":["Red Mask"]}],"is_beta":false,"boss_relics":[{"not_picked":["Empty Cage","Ectoplasm"],"picked":"Runic Pyramid"},{"not_picked":["Philosopher\u0027s Stone","White Beast Statue"],"picked":"Coffee Dripper"}],"items_purged_floors":[10,37],"is_endless":false,"potions_floor_spawned":[1,3,8,16,20,29,30,31,40,44],"ascension_level":3}