{"gold_per_floor":[112,42,42,60,235,265,265,280,335,366,74,89,119,134,134,233,233,251,265,11,28,28,28,28,28,28,28,28,55,55,89,89,191,191,203,78,92,107,117,147,58,74,97,97,112,112,112,141,141,141],"floor_reached":50,"playtime":5215,"items_purged":["Doubt","Defend_R","True Grit"],"score":733,"play_id":"a6d30eed-9246-43da-ba80-c22d32d90c1f","local_time":"20190331174646","is_ascension_mode":true,"campfire_choices":[{"data":"Bludgeon","floor":7.0,"key":"SMITH"},{"data":"Burning Pact","floor":15.0,"key":"SMITH"},{"data":"Armaments","floor":23.0,"key":"SMITH"},{"data":"Armaments","floor":27.0,"key":"SMITH"},{"data":"Bloodletting","floor":30.0,"key":"SMITH"},{"data":"Feed","floor":32.0,"key":"SMITH"},{"data":"Burning Pact","floor":44.0,"key":"SMITH"},{"data":"J.A.X.","floor":46,"key":"SMITH"},{"data":"Bludgeon","floor":49,"key":"SMITH"}],"neow_cost":"NONE","seed_source_timestamp":0,"circlet_count":0,"master_deck":["Defend_R","Defend_R","Defend_R","Flex","Twin Strike+1","Sever Soul+1","Flex","Bludgeon+1","Heavy Blade+1","Armaments","Shrug It Off","Burning Pact+1","Feed+1","Iron Wave","Armaments+1","Bloodletting+1","Headbutt","Rage+1","Sword Boomerang+1","Armaments+1","Bite","Bite","Bite","Bite","Bite","J.A.X.+1","Ghostly","Ghostly+1","Ghostly","Ghostly+1","Ghostly","Bloodletting+1","Hemokinesis+1","Feed","Rupture+1","Heavy Blade+1","Heavy Blade+1","Juggernaut","Bandage Up","Burning Pact+1","Pommel Strike+1","Bludgeon+1"],"special_seed":0,"relics":["Burning Blood","Strawberry","Anchor","Whetstone","ClockworkSouvenir","Charon\u0027s Ashes","Orrery","Happy Flower","Mercury Hourglass","War Paint","Ancient Tea Set","Coffee Dripper","Blood Vial","Boot","Kunai"],"potions_floor_usage":[48,50],"damage_taken":[{"damage":9.0,"enemies":"Cultist","floor":1.0,"turns":6.0},{"damage":7.0,"enemies":"Jaw Worm","floor":4.0,"turns":2.0},{"damage":21.0,"enemies":"Gremlin Nob","floor":6.0,"turns":4.0},{"damage":1.0,"enemies":"Small Slimes","floor":8.0,"turns":3.0},{"damage":13.0,"enemies":"3 Sentries","floor":10.0,"turns":5.0},{"damage":0.0,"enemies":"Exordium Wildlife","floor":12.0,"turns":2.0},{"damage":1.0,"enemies":"Looter","floor":14.0,"turns":2.0},{"damage":33.0,"enemies":"Hexaghost","floor":16.0,"turns":8.0},{"damage":8.0,"enemies":"3 Byrds","floor":18.0,"turns":5.0},{"damage":6.0,"enemies":"Chosen","floor":19.0,"turns":6.0},{"damage":29.0,"enemies":"3 Cultists","floor":21.0,"turns":6.0},{"damage":2.0,"enemies":"Book of Stabbing","floor":29.0,"turns":6.0},{"damage":3.0,"enemies":"Slavers","floor":31.0,"turns":6.0},{"damage":47.0,"enemies":"Automaton","floor":33.0,"turns":11.0},{"damage":0.0,"enemies":"3 Darklings","floor":35.0,"turns":5.0},{"damage":0.0,"enemies":"Orb Walker","floor":37.0,"turns":4.0},{"damage":20.0,"enemies":"Sphere and 2 Shapes","floor":38.0,"turns":3.0},{"damage":4.0,"enemies":"Maw","floor":39.0,"turns":8.0},{"damage":36.0,"enemies":"Giant Head","floor":40.0,"turns":8.0},{"damage":15.0,"enemies":"Jaw Worm Horde","floor":42.0,"turns":5.0},{"damage":4,"enemies":"3 Darklings","floor":45,"turns":4},{"damage":25,"enemies":"Nemesis","floor":48,"turns":5},{"damage":56,"enemies":"Awakened One","floor":50,"turns":9}],"seed_played":"441940661961923255","potions_obtained":[{"floor":6.0,"key":"Weak Potion"},{"floor":8.0,"key":"GamblersBrew"},{"floor":10.0,"key":"FearPotion"},{"floor":16.0,"key":"Weak Potion"},{"floor":18.0,"key":"Block Potion"},{"floor":19.0,"key":"EssenceOfSteel"},{"floor":31.0,"key":"AttackPotion"},{"floor":33.0,"key":"PowerPotion"},{"floor":38.0,"key":"Ancient Potion"},{"floor":42.0,"key":"SteroidPotion"},{"floor":48,"key":"Explosive Potion"}],"is_trial":false,"path_per_floor":["M","$","?","M","?","E","R","M","T","E","$","M","?","M","R","B",null,"M","M","$","M","?","R","?","?","T","R","?","E","R","E","R","B",null,"M","$","M","M","M","E","$","M","T","R","M","R","?","E","R","B"],"character_chosen":"IRONCLAD","items_purchased":["Sever Soul","ClockworkSouvenir","Armaments","Happy Flower","Bandage Up"],"campfire_rested":0,"item_purchase_floors":[2,11,11,20,41],"current_hp_per_floor":[77,77,61,60,60,52,52,57,57,50,50,56,56,61,61,34,87,88,88,88,65,63,63,52,52,52,52,34,34,34,37,37,13,37,37,37,37,26,37,16,16,18,18,18,30,30,30,30,30,0],"gold":141,"neow_bonus":"TRANSFORM_CARD","is_prod":false,"is_daily":false,"chose_seed":false,"campfire_upgraded":9,"win_rate":0,"timestamp":1554068806,"path_taken":["M","$","?","M","?","E","R","M","T","E","$","M","?","?","R","BOSS","M","M","$","M","?","R","?","?","T","R","?","E","R","E","R","BOSS","M","$","M","M","M","E","$","M","T","R","M","R","?","E","R","BOSS"],"build_version":"2019-01-23","purchased_purges":3,"victory":false,"max_hp_per_floor":[80,80,80,80,80,87,87,87,87,87,87,87,87,87,87,87,87,90,90,90,90,63,63,68,68,68,68,34,34,34,37,37,37,37,37,37,37,37,37,37,37,37,37,37,37,37,37,40,40,47],"card_choices":[{"not_picked":["Body Slam","Armaments"],"picked":"Twin Strike","floor":1.0},{"not_picked":["Shockwave","Blood for Blood"],"picked":"Flex","floor":4.0},{"not_picked":["Corruption","True Grit"],"picked":"Bludgeon","floor":6.0},{"not_picked":["Sever Soul","Second Wind"],"picked":"Heavy Blade","floor":8.0},{"not_picked":["Perfected Strike","Twin Strike"],"picked":"True Grit","floor":10.0},{"not_picked":["True Grit","Hemokinesis"],"picked":"Shrug It Off","floor":12.0},{"not_picked":["Iron Wave","Uppercut"],"picked":"Burning Pact","floor":14.0},{"not_picked":["Fiend Fire","Impervious"],"picked":"Feed","floor":16.0},{"not_picked":["Cleave","Thunderclap"],"picked":"Iron Wave","floor":17.0},{"not_picked":["Flex","Iron Wave"],"picked":"Armaments","floor":17.0},{"not_picked":["Havoc","Evolve"],"picked":"Bloodletting","floor":17.0},{"not_picked":["Disarm","Feel No Pain"],"picked":"Headbutt","floor":17.0},{"not_picked":["Sword Boomerang","Combust"],"picked":"Rage+1","floor":18.0},{"not_picked":["Anger","Havoc"],"picked":"Sword Boomerang+1","floor":19.0},{"not_picked":["Headbutt","Feel No Pain+1"],"picked":"Armaments","floor":21.0},{"not_picked":["Hemokinesis+1","Shockwave"],"picked":"Bloodletting+1","floor":29.0},{"not_picked":["Dual Wield","Dark Embrace"],"picked":"Hemokinesis+1","floor":31.0},{"not_picked":["Fiend Fire","Barricade"],"picked":"Feed","floor":33.0},{"not_picked":["Evolve+1","Shrug It Off"],"picked":"Rupture+1","floor":35.0},{"not_picked":["Flex+1","Rampage"],"picked":"Heavy Blade+1","floor":37.0},{"not_picked":["Pommel Strike","Bloodletting+1"],"picked":"Metallicize+1","floor":38.0},{"not_picked":["Warcry","Thunderclap"],"picked":"Heavy Blade+1","floor":39.0},{"not_picked":["Pommel Strike","Perfected Strike"],"picked":"Juggernaut","floor":40.0},{"not_picked":["Shrug It Off","Sever Soul"],"picked":"Burning Pact","floor":42.0},{"not_picked":["Iron Wave+1","Sword Boomerang"],"picked":"Pommel Strike+1","floor":45},{"not_picked":["Fire Breathing","Armaments+1"],"picked":"Bludgeon","floor":48}],"player_experience":152087,"relics_obtained":[{"floor":6.0,"key":"Strawberry"},{"floor":9.0,"key":"Anchor"},{"floor":10.0,"key":"Whetstone"},{"floor":26.0,"key":"Mercury Hourglass"},{"floor":29.0,"key":"War Paint"},{"floor":31.0,"key":"Ancient Tea Set"},{"floor":40.0,"key":"Blood Vial"},{"floor":43.0,"key":"Boot"},{"floor":48,"key":"Kunai"}],"event_choices":[{"damage_healed":0.0,"max_hp_gain":0.0,"max_hp_loss":0.0,"gold_gain":0.0,"event_name":"Shining Light","player_choice":"Entered Light","floor":3.0,"gold_loss":0.0,"damage_taken":16.0,"cards_upgraded":["Sever Soul","Strike_R"]},{"damage_healed":0.0,"max_hp_gain":0.0,"max_hp_loss":0.0,"gold_gain":175.0,"event_name":"Liars Game","player_choice":"AGREE","floor":5.0,"gold_loss":0.0,"damage_taken":0.0,"cards_obtained":["Doubt"]},{"damage_healed":0.0,"max_hp_gain":0.0,"max_hp_loss":0.0,"gold_gain":30.0,"event_name":"Dead Adventurer","player_choice":"Searched \u00273\u0027 times","floor":13.0,"gold_loss":0.0,"damage_taken":0.0,"relics_obtained":["Charon\u0027s Ashes"]},{"damage_healed":0.0,"max_hp_gain":0.0,"max_hp_loss":27.0,"gold_gain":0.0,"event_name":"Vampires","player_choice":"Became a vampire","floor":22.0,"gold_loss":0.0,"damage_taken":0.0,"cards_obtained":["Bite","Bite","Bite","Bite","Bite"]},{"damage_healed":0.0,"max_hp_gain":5.0,"max_hp_loss":0.0,"gold_gain":0.0,"event_name":"Forgotten Altar","player_choice":"Shed Blood","floor":24.0,"gold_loss":0.0,"damage_taken":16.0},{"damage_healed":0.0,"max_hp_gain":0.0,"max_hp_loss":0.0,"gold_gain":0.0,"event_name":"Drug Dealer","player_choice":"Obtain J.A.X.","floor":25.0,"gold_loss":0.0,"damage_taken":0.0,"cards_obtained":["J.A.X."]},{"damage_healed":0.0,"max_hp_gain":0.0,"max_hp_loss":34.0,"gold_gain":0.0,"event_name":"Ghosts","player_choice":"Became a Ghost","floor":28.0,"gold_loss":0.0,"damage_taken":0.0,"cards_obtained":["Ghostly","Ghostly","Ghostly","Ghostly","Ghostly"]},{"cards_removed":["Metallicize"],"damage_healed":0,"gold_gain":0,"player_choice":"Removed Power","damage_taken":0,"max_hp_gain":0,"max_hp_loss":0,"event_name":"Falling","floor":47,"gold_loss":0}],"is_beta":false,"boss_relics":[{"not_picked":["Philosopher\u0027s Stone","Black Blood"],"picked":"Orrery"},{"not_picked":["Fusion Hammer","Busted Crown"],"picked":"Coffee Dripper"}],"items_purged_floors":[11,20,36],"is_endless":false,"potions_floor_spawned":[6,8,10,16,18,19,31,33,38,42,48],"killed_by":"Awakened One","ascension_level":2}