{"gold_per_floor":[115,115,65,82,102,130,130,150,150,69,69,84,84,57,57,158,158,68,68,88,102,102,102,116,116,141,66,84,97,10,10,10,110,160,177,177,192,192,219,219,235,235,281,296,296,328,75,95,95,95],"floor_reached":51,"playtime":3641,"items_purged":["Parasite","Strike_G+1"],"score":939,"play_id":"6b583254-97c3-4d0b-af96-185a742b051c","local_time":"20190624230720","is_ascension_mode":true,"campfire_choices":[{"floor":7,"key":"REST"},{"floor":11,"key":"REST"},{"floor":15,"key":"REST"},{"data":"Noxious Fumes","floor":23,"key":"SMITH"},{"data":"Burst","floor":25,"key":"SMITH"},{"data":"A Thousand Cuts","floor":32,"key":"SMITH"},{"data":"Envenom","floor":40,"key":"SMITH"},{"data":"Acrobatics","floor":49,"key":"SMITH"}],"neow_cost":"NONE","seed_source_timestamp":6041070829860168,"circlet_count":0,"master_deck":["Defend_G+1","Defend_G+1","Defend_G+1","Defend_G+1","Defend_G+1","Strike_G+1","Strike_G+1","Survivor","Neutralize+1","A Thousand Cuts+1","Noxious Fumes+1","Backflip","Blur","Burst+1","After Image","Dodge and Roll+1","Deflect+1","Bane+1","Bullet Time","Outmaneuver+1","Escape Plan","PiercingWail+1","Acrobatics+1","Infinite Blades","Corpse Explosion","Envenom+1","Riddle With Holes+1","Mayhem","Noxious Fumes+1"],"relics":["Ring of the Snake","Mummified Hand","Bottled Lightning","Coffee Dripper","Whetstone","Tiny House","Art of War","Blood Vial","Bottled Tornado","Oddly Smooth Stone"],"potions_floor_usage":[6,16,28,28,44,50,50],"damage_taken":[{"damage":0,"enemies":"2 Louse","floor":1,"turns":7},{"damage":1,"enemies":"Jaw Worm","floor":4,"turns":6},{"damage":0,"enemies":"Small Slimes","floor":5,"turns":5},{"damage":53,"enemies":"Gremlin Nob","floor":6,"turns":6},{"damage":1,"enemies":"Looter","floor":8,"turns":5},{"damage":31,"enemies":"Lots of Slimes","floor":12,"turns":6},{"damage":19,"enemies":"Exordium Thugs","floor":14,"turns":6},{"damage":21,"enemies":"The Guardian","floor":16,"turns":15},{"damage":25,"enemies":"2 Thieves","floor":18,"turns":5},{"damage":0,"enemies":"Spheric Guardian","floor":20,"turns":9},{"damage":0,"enemies":"Centurion and Healer","floor":21,"turns":13},{"damage":4,"enemies":"Chosen and Byrds","floor":24,"turns":7},{"damage":11,"enemies":"Snake Plant","floor":28,"turns":3},{"damage":0,"enemies":"Centurion and Healer","floor":29,"turns":9},{"damage":18,"enemies":"Champ","floor":33,"turns":14},{"damage":8,"enemies":"3 Darklings","floor":35,"turns":6},{"damage":3,"enemies":"Orb Walker","floor":37,"turns":5},{"damage":3,"enemies":"Maw","floor":41,"turns":9},{"damage":11,"enemies":"Jaw Worm Horde","floor":44,"turns":4},{"damage":0,"enemies":"Giant Head","floor":46,"turns":9},{"damage":6,"enemies":"Sphere and 2 Shapes","floor":48,"turns":5},{"damage":20,"enemies":"Donu and Deca","floor":50,"turns":7}],"seed_played":"8859554562706659541","potions_obtained":[{"floor":1,"key":"LiquidBronze"},{"floor":5,"key":"Poison Potion"},{"floor":6,"key":"Poison Potion"},{"floor":8,"key":"GhostInAJar"},{"floor":28,"key":"EssenceOfSteel"},{"floor":29,"key":"Explosive Potion"},{"floor":34,"key":"Regen Potion"},{"floor":35,"key":"SpeedPotion"},{"floor":46,"key":"Strength Potion"}],"is_trial":false,"path_per_floor":["M","?","?","M","M","E","R","M","T","$","R","M","?","M","R","B",null,"M","?","M","M","?","R","M","R","T","$","M","M","$","?","R","B",null,"M","?","M","$","T","R","M","?","T","M","?","E","$","M","R","B",null],"character_chosen":"THE_SILENT","items_purchased":["Burst","Acrobatics","Infinite Blades","Oddly Smooth Stone"],"campfire_rested":3,"item_purchase_floors":[10,30,30,47],"current_hp_per_floor":[63,56,56,55,55,2,23,22,22,22,43,12,29,10,31,10,55,30,30,30,30,30,30,26,26,26,26,15,15,15,37,37,19,60,52,72,69,69,69,69,66,66,66,57,57,59,59,55,55,52],"gold":95,"neow_bonus":"ONE_RANDOM_RARE_CARD","is_prod":false,"is_daily":false,"chose_seed":false,"campfire_upgraded":5,"win_rate":0,"timestamp":1561435640,"path_taken":["M","?","?","M","M","E","R","M","T","$","R","M","?","M","R","BOSS","M","?","M","M","?","R","M","R","T","$","M","?","?","?","R","BOSS","M","?","?","$","?","R","?","?","T","M","?","E","?","M","R","BOSS"],"build_version":"2019-01-23","purchased_purges":2,"victory":true,"max_hp_per_floor":[70,70,70,70,70,70,70,70,70,70,70,70,70,70,70,70,70,70,70,70,70,70,70,70,70,70,67,67,67,67,67,67,67,72,72,72,72,72,72,72,72,68,68,68,68,68,68,68,68,68],"card_choices":[{"not_picked":["Finisher","Underhanded Strike"],"picked":"Noxious Fumes","floor":1},{"not_picked":["Expertise","Setup"],"picked":"Backflip","floor":4},{"not_picked":["Underhanded Strike","All Out Attack","Endless Agony"],"picked":"SKIP","floor":5},{"not_picked":["Quick Slash","PiercingWail","Choke"],"picked":"SKIP","floor":6},{"not_picked":["Masterful Stab","Outmaneuver"],"picked":"Blur","floor":8},{"not_picked":["Dagger Throw","Eviscerate"],"picked":"Night Terror","floor":12},{"not_picked":["Cloak And Dagger","Sucker Punch","Dagger Throw"],"picked":"SKIP","floor":14},{"not_picked":["Corpse Explosion","Unload"],"picked":"After Image","floor":16},{"not_picked":["Caltrops","Leg Sweep"],"picked":"Dodge and Roll+1","floor":18},{"not_picked":["Tactician+1","PiercingWail"],"picked":"Deflect+1","floor":20},{"not_picked":["Quick Slash","Flechettes"],"picked":"Bane+1","floor":21},{"not_picked":["Wraith Form v2","Blade Dance+1"],"picked":"Outmaneuver","floor":24},{"not_picked":["Concentrate","Masterful Stab"],"picked":"Escape Plan","floor":28},{"not_picked":["Backstab","Blade Dance"],"picked":"PiercingWail+1","floor":29},{"not_picked":["Wraith Form v2","Phantasmal Killer"],"picked":"Corpse Explosion","floor":33},{"not_picked":["Bane","Dagger Throw+1","Sucker Punch+1"],"picked":"SKIP","floor":35},{"not_picked":["PiercingWail+1","Dagger Spray+1"],"picked":"Envenom","floor":37},{"not_picked":["Setup+1","Concentrate"],"picked":"Riddle With Holes+1","floor":41},{"not_picked":["Choke+1","Blade Dance+1","Leg Sweep"],"picked":"SKIP","floor":44},{"not_picked":["Apotheosis","Finesse"],"picked":"Mayhem","floor":45},{"not_picked":["Outmaneuver+1","Dagger Spray+1","Accuracy+1"],"picked":"SKIP","floor":46},{"not_picked":["Setup","Cloak And Dagger"],"picked":"Noxious Fumes+1","floor":48}],"player_experience":179006,"relics_obtained":[{"floor":6,"key":"Mummified Hand"},{"floor":9,"key":"Bottled Lightning"},{"floor":26,"key":"Whetstone"},{"floor":39,"key":"Art of War"},{"floor":43,"key":"Blood Vial"},{"floor":46,"key":"Bottled Tornado"}],"event_choices":[{"cards_removed":["Strike_G"],"damage_healed":0,"gold_gain":0,"player_choice":"Card Removal","damage_taken":7,"max_hp_gain":0,"max_hp_loss":0,"event_name":"Golden Wing","floor":2,"gold_loss":0},{"cards_removed":["Strike_G"],"damage_healed":0,"gold_gain":0,"player_choice":"Card Removal","damage_taken":0,"max_hp_gain":0,"max_hp_loss":0,"event_name":"The Cleric","floor":3,"gold_loss":50},{"damage_healed":17,"gold_gain":0,"player_choice":"Healed and dodged fight","damage_taken":0,"max_hp_gain":0,"max_hp_loss":0,"event_name":"Mushrooms","floor":13,"gold_loss":0,"cards_obtained":["Parasite"]},{"damage_healed":0,"gold_gain":0,"player_choice":"Simplicity","damage_taken":0,"max_hp_gain":0,"max_hp_loss":0,"event_name":"Back to Basics","floor":19,"gold_loss":0,"cards_upgraded":["Defend_G","Defend_G","Defend_G","Defend_G","Defend_G","Strike_G","Strike_G","Strike_G"]},{"damage_healed":0,"gold_gain":0,"cards_transformed":["Night Terror"],"player_choice":"Transformed","damage_taken":0,"max_hp_gain":0,"max_hp_loss":0,"event_name":"Transmorgrifier","floor":22,"gold_loss":0,"cards_obtained":["Bullet Time"]},{"damage_healed":22,"gold_gain":0,"player_choice":"Heal","damage_taken":0,"max_hp_gain":0,"max_hp_loss":0,"event_name":"The Library","floor":31,"gold_loss":0},{"damage_healed":20,"gold_gain":0,"player_choice":"Full Heal","damage_taken":0,"max_hp_gain":0,"max_hp_loss":0,"event_name":"Wheel of Change","floor":36,"gold_loss":0},{"damage_healed":0,"gold_gain":0,"player_choice":"Max HP","damage_taken":0,"max_hp_gain":0,"max_hp_loss":4,"event_name":"Winding Halls","floor":42,"gold_loss":0},{"damage_healed":0,"gold_gain":0,"player_choice":"Memory 1","damage_taken":0,"max_hp_gain":0,"max_hp_loss":0,"event_name":"SensoryStone","floor":45,"gold_loss":0}],"is_beta":false,"boss_relics":[{"not_picked":["Pandora\u0027s Box","Runic Pyramid"],"picked":"Coffee Dripper"},{"not_picked":["Runic Dome","Snecko Eye"],"picked":"Tiny House"}],"items_purged_floors":[27,47],"is_endless":false,"potions_floor_spawned":[1,5,6,8,28,29,35,46,48],"ascension_level":7}