{"gold_per_floor":[119,139,152,164,164,164,164,193,243,34,45,57,57,88,88,163,163,177,447,234,246,264,264,282,282],"floor_reached":25,"playtime":4236,"items_purged":[],"score":537,"play_id":"e21c16ec-6650-406b-ab0e-b90dd076ff7e","local_time":"20190620220624","is_ascension_mode":true,"campfire_choices":[{"data":"Darkness","floor":7,"key":"SMITH"},{"floor":13,"key":"REST"},{"floor":15,"key":"REST"},{"data":"Hologram","floor":23,"key":"SMITH"}],"neow_cost":"TEN_PERCENT_HP_LOSS","seed_source_timestamp":686461945201755,"circlet_count":0,"master_deck":["AscendersBane","Strike_B+1","Defend_B","Defend_B","Defend_B+1","Defend_B","Zap","Dualcast","Darkness+1","Sweeping Beam","Steam","Conserve Battery","Go for the Eyes","Hologram+1","Capacitor","Ball Lightning","Glacier","Cold Snap","Recycle","Biased Cognition","Redo+1"],"relics":["Cracked Core","Dodecahedron","Potion Belt","Oddly Smooth Stone","Cursed Key","Lee\u0027s Waffle"],"potions_floor_usage":[11,25],"damage_taken":[{"damage":0,"enemies":"Cultist","floor":1,"turns":3},{"damage":2,"enemies":"Jaw Worm","floor":2,"turns":4},{"damage":0,"enemies":"2 Louse","floor":3,"turns":3},{"damage":3,"enemies":"Blue Slaver","floor":4,"turns":4},{"damage":19,"enemies":"3 Sentries","floor":8,"turns":7},{"damage":10,"enemies":"Gremlin Gang","floor":11,"turns":5},{"damage":0,"enemies":"Looter","floor":12,"turns":4},{"damage":0,"enemies":"Lagavulin","floor":14,"turns":5},{"damage":0,"enemies":"The Guardian","floor":16,"turns":11},{"damage":0,"enemies":"Spheric Guardian","floor":18,"turns":7},{"damage":5,"enemies":"3 Byrds","floor":21,"turns":4},{"damage":36,"enemies":"Cultist and Chosen","floor":22,"turns":8},{"damage":14,"enemies":"Snecko","floor":24,"turns":7},{"damage":16,"enemies":"Book of Stabbing","floor":25,"turns":3}],"seed_played":"-611704653060978800","potions_obtained":[{"floor":1,"key":"EssenceOfSteel"},{"floor":4,"key":"Dexterity Potion"},{"floor":11,"key":"FocusPotion"},{"floor":12,"key":"Explosive Potion"},{"floor":18,"key":"Dexterity Potion"}],"is_trial":false,"path_per_floor":["M","M","M","M","?","?","R","E","T","$","M","M","R","E","R","B",null,"M","?","$","M","M","R","M","E"],"character_chosen":"DEFECT","items_purchased":["Capacitor","Ball Lightning","Glacier","Lee\u0027s Waffle"],"campfire_rested":2,"item_purchase_floors":[10,10,10,20],"current_hp_per_floor":[64,62,62,59,40,33,33,14,14,14,4,4,23,23,42,42,59,59,35,71,66,30,30,16,0],"gold":282,"neow_bonus":"TRANSFORM_TWO_CARDS","is_prod":false,"is_daily":false,"chose_seed":false,"campfire_upgraded":2,"win_rate":0,"timestamp":1561082784,"path_taken":["M","M","?","M","?","?","R","E","T","$","M","M","R","E","R","BOSS","M","?","$","M","?","R","M","E"],"build_version":"2019-01-23","purchased_purges":0,"victory":false,"max_hp_per_floor":[64,64,64,64,64,64,64,64,64,64,64,64,64,64,64,64,64,64,64,71,71,71,71,71,71],"card_choices":[{"not_picked":["Chaos","Heatsinks"],"picked":"Steam","floor":1},{"not_picked":["Beam Cell","Sweeping Beam"],"picked":"Conserve Battery","floor":2},{"not_picked":["Melter","Redo"],"picked":"Go for the Eyes","floor":3},{"not_picked":["Steam Power","Gash"],"picked":"Hologram","floor":4},{"not_picked":["Rip and Tear","Hyperbeam","Scrape"],"picked":"SKIP","floor":8},{"not_picked":["Beam Cell","Heatsinks","Reprogram"],"picked":"SKIP","floor":11},{"not_picked":["Go for the Eyes","Chaos"],"picked":"Cold Snap","floor":12},{"not_picked":["Go for the Eyes","Beam Cell"],"picked":"Recycle","floor":14},{"not_picked":["Seek","Creative AI"],"picked":"Biased Cognition","floor":16},{"not_picked":["Go for the Eyes","Auto Shields+1"],"picked":"Redo+1","floor":18},{"not_picked":["Conserve Battery","Aggregate","Capacitor"],"picked":"SKIP","floor":21},{"not_picked":["Conserve Battery","Aggregate","Capacitor"],"picked":"SKIP","floor":21},{"not_picked":["Conserve Battery","Aggregate","Capacitor"],"picked":"SKIP","floor":21},{"not_picked":["Force Field","Cold Snap+1","Gash"],"picked":"SKIP","floor":22},{"not_picked":["Go for the Eyes","Cold Snap","Recycle"],"picked":"SKIP","floor":24}],"player_experience":2314608,"relics_obtained":[{"floor":8,"key":"Dodecahedron"},{"floor":9,"key":"Potion Belt"},{"floor":14,"key":"Oddly Smooth Stone"}],"event_choices":[{"damage_healed":0,"gold_gain":0,"player_choice":"Entered Light","damage_taken":19,"max_hp_gain":0,"max_hp_loss":0,"event_name":"Shining Light","floor":5,"gold_loss":0,"cards_upgraded":["Strike_B","Defend_B"]},{"cards_removed":["Strike_B"],"damage_healed":0,"gold_gain":0,"player_choice":"Card Removal","damage_taken":7,"max_hp_gain":0,"max_hp_loss":0,"event_name":"Golden Wing","floor":6,"gold_loss":0},{"damage_healed":0,"gold_gain":270,"player_choice":"GOLD GOLD GOLD ","damage_taken":24,"max_hp_gain":0,"max_hp_loss":0,"event_name":"Knowing Skull","floor":19,"potions_obtained":[],"gold_loss":0,"cards_obtained":[]}],"is_beta":false,"boss_relics":[{"not_picked":["Astrolabe","Pandora\u0027s Box"],"picked":"Cursed Key"}],"items_purged_floors":[],"is_endless":false,"potions_floor_spawned":[1,4,11,12,18],"killed_by":"Book of Stabbing","ascension_level":17}