{"gold_per_floor":[15,15,34,54,74,74,100,100,100,100,120,148,167,202,202,275,275,275,275,275,293,293,293,308,308,333,0,26,26,26,57,57,133,133,153,153,170,186,202,229,229,97,97,112,112,140,150,161,161,161,161,161,161,20,47,47],"floor_reached":57,"playtime":4049,"items_purged":["Perfected Strike+1","Bash"],"score":2719,"play_id":"73631c82-b755-4b31-9de0-5f03ab0506bc","local_time":"20190624183719","is_ascension_mode":true,"campfire_choices":[{"data":"Fiend Fire","floor":6.0,"key":"SMITH"},{"data":"Uppercut","floor":8.0,"key":"SMITH"},{"floor":10.0,"key":"REST"},{"data":"Disarm","floor":15.0,"key":"SMITH"},{"data":"Exhume","floor":23.0,"key":"SMITH"},{"data":"Shrug It Off","floor":25.0,"key":"SMITH"},{"floor":32.0,"key":"REST"},{"floor":41.0,"key":"RECALL"},{"data":"Bludgeon","floor":45.0,"key":"SMITH"},{"floor":49,"key":"REST"},{"floor":53,"key":"REST"}],"neow_cost":"NO_GOLD","seed_source_timestamp":728719296417277,"circlet_count":0,"master_deck":["AscendersBane","Defend_R+1","Defend_R","Defend_R","Defend_R","Fiend Fire+1","Feel No Pain","Clothesline","Uppercut+1","Shrug It Off+1","Shrug It Off+1","Disarm+1","Exhume+1","Clothesline+1","Bludgeon+1","Shrug It Off","Bloodletting","Corruption","Impervious","Necronomicurse","Bludgeon+1","Iron Wave+1","Rupture+1","Disarm","Impervious","Havoc+1","Exhume+1","Berserk"],"special_seed":0,"relics":["Burning Blood","Sundial","Shuriken","Singing Bowl","War Paint","Bottled Lightning","Astrolabe","Pen Nib","Membership Card","Smiling Mask","Necronomicon","Pear","Runic Pyramid","Peace Pipe","Bag of Marbles","Centennial Puzzle","DollysMirror","Pocketwatch"],"potions_floor_usage":[55,56,56],"damage_taken":[{"damage":6.0,"enemies":"2 Louse","floor":1.0,"turns":3.0},{"damage":1.0,"enemies":"Cultist","floor":3.0,"turns":3.0},{"damage":8.0,"enemies":"Small Slimes","floor":4.0,"turns":4.0},{"damage":22.0,"enemies":"Gremlin Gang","floor":5.0,"turns":6.0},{"damage":36.0,"enemies":"Lagavulin","floor":7.0,"turns":9.0},{"damage":9.0,"enemies":"Exordium Thugs","floor":11.0,"turns":4.0},{"damage":24.0,"enemies":"3 Sentries","floor":12.0,"turns":8.0},{"damage":0.0,"enemies":"Large Slime","floor":13.0,"turns":2.0},{"damage":6.0,"enemies":"Gremlin Nob","floor":14.0,"turns":3.0},{"damage":46.0,"enemies":"Hexaghost","floor":16.0,"turns":12.0},{"damage":0.0,"enemies":"Shell Parasite","floor":18.0,"turns":1.0},{"damage":4.0,"enemies":"Chosen","floor":21.0,"turns":7.0},{"damage":0.0,"enemies":"Centurion and Healer","floor":24.0,"turns":5.0},{"damage":29.0,"enemies":"Book of Stabbing","floor":28.0,"turns":8.0},{"damage":8.0,"enemies":"Slavers","floor":31.0,"turns":6.0},{"damage":41.0,"enemies":"Automaton","floor":33.0,"turns":9.0},{"damage":1.0,"enemies":"Orb Walker","floor":35.0,"turns":2.0},{"damage":0.0,"enemies":"3 Shapes","floor":37.0,"turns":6.0},{"damage":19.0,"enemies":"Jaw Worm Horde","floor":38.0,"turns":5.0},{"damage":0.0,"enemies":"4 Shapes","floor":39.0,"turns":6.0},{"damage":12.0,"enemies":"Nemesis","floor":40.0,"turns":7.0},{"damage":0.0,"enemies":"Spire Growth","floor":44.0,"turns":3.0},{"damage":43.0,"enemies":"Reptomancer","floor":46.0,"turns":5.0},{"damage":0.0,"enemies":"Maw","floor":47.0,"turns":6.0},{"damage":16,"enemies":"Writhing Mass","floor":48,"turns":4},{"damage":10,"enemies":"Time Eater","floor":50,"turns":9},{"damage":58,"enemies":"Awakened One","floor":51,"turns":11},{"damage":23,"enemies":"Shield and Spear","floor":55,"turns":8},{"damage":83,"enemies":"The Heart","floor":56,"turns":11}],"seed_played":"2446621892791370827","potions_obtained":[{"floor":1.0,"key":"Explosive Potion"},{"floor":7.0,"key":"Regen Potion"},{"floor":13.0,"key":"SmokeBomb"},{"floor":14.0,"key":"SpeedPotion"},{"floor":21.0,"key":"FairyPotion"},{"floor":40.0,"key":"FearPotion"},{"floor":55,"key":"Poison Potion"}],"is_trial":false,"path_per_floor":["M","?","M","M","M","R","E","R","T","R","M","E","M","E","R","B",null,"M","?","?","M","$","R","M","R","T","$","E","$","?","E","R","B",null,"M","?","M","M","M","E","R","$","T","M","R","E","M","M","R","B","B",null,"R","$","E","B",null],"character_chosen":"IRONCLAD","items_purchased":["Membership Card","Corruption","Strength Potion","Bag of Marbles","DollysMirror","Energy Potion"],"campfire_rested":4,"item_purchase_floors":[27,27,27,42,54,54],"current_hp_per_floor":[68,68,73,71,55,55,25,25,25,47,44,41,47,49,49,9,60,66,66,66,70,70,70,78,78,78,78,55,55,34,44,71,36,79,86,86,94,81,87,83,83,83,83,89,89,52,60,50,80,76,24,82,101,101,84,7],"gold":47,"neow_bonus":"THREE_RARE_CARDS","is_prod":false,"is_daily":false,"chose_seed":false,"campfire_upgraded":6,"win_rate":0,"timestamp":1561426639,"path_taken":["M","?","M","M","?","R","E","R","T","R","M","E","M","E","R","BOSS","M","?","?","M","$","R","?","R","T","$","E","?","?","E","R","BOSS","M","?","M","M","M","E","R","$","T","M","R","E","?","M","R","BOSS","BOSS","R","$","E","BOSS"],"build_version":"2019-06-21","purchased_purges":2,"victory":true,"max_hp_per_floor":[75,75,75,75,75,75,75,75,75,75,75,75,75,77,77,77,77,77,77,77,79,79,79,81,81,81,81,81,81,81,93,93,93,93,95,95,97,97,97,99,99,99,99,99,99,99,101,101,101,101,101,101,101,101,101,101],"card_choices":[{"not_picked":["Juggernaut","Dark Embrace"],"picked":"Fiend Fire","floor":0.0},{"not_picked":["Infernal Blade","Headbutt"],"picked":"Feel No Pain","floor":1.0},{"not_picked":["Sentinel","Cleave"],"picked":"Clothesline","floor":3.0},{"not_picked":["Combust","Warcry"],"picked":"Uppercut","floor":4.0},{"not_picked":["Headbutt","Clothesline","Warcry"],"picked":"SKIP","floor":5.0},{"not_picked":["Wild Strike","Flex","Double Tap"],"picked":"SKIP","floor":7.0},{"not_picked":["Shockwave","Twin Strike"],"picked":"Shrug It Off","floor":11.0},{"not_picked":["Entrench","Havoc"],"picked":"Shrug It Off","floor":12.0},{"not_picked":["Headbutt","Warcry"],"picked":"Disarm","floor":13.0},{"not_picked":["Hemokinesis","Havoc","Burning Pact"],"picked":"Singing Bowl","floor":14.0},{"not_picked":["Dark Embrace","Barricade"],"picked":"Exhume","floor":16.0},{"not_picked":["Fire Breathing","Clothesline","Armaments"],"picked":"Singing Bowl","floor":21.0},{"not_picked":["Armaments","Pommel Strike","Fire Breathing"],"picked":"Singing Bowl","floor":24.0},{"not_picked":["Bloodletting+1","Wild Strike+1"],"picked":"Impervious","floor":28.0},{"not_picked":["Havoc","Flex","Headbutt"],"picked":"Singing Bowl","floor":31.0},{"not_picked":["Berserk","Feed"],"picked":"Bludgeon","floor":33.0},{"not_picked":["Iron Wave","Wild Strike","Perfected Strike+1"],"picked":"Singing Bowl","floor":35.0},{"not_picked":["True Grit","Bloodletting","Body Slam"],"picked":"Singing Bowl","floor":37.0},{"not_picked":["True Grit","Armaments"],"picked":"Iron Wave+1","floor":38.0},{"not_picked":["Perfected Strike","Wild Strike"],"picked":"Rupture+1","floor":39.0},{"not_picked":["Thunderclap","Anger","Armaments"],"picked":"Singing Bowl","floor":40.0},{"not_picked":["Pommel Strike","Rage"],"picked":"Disarm","floor":44.0},{"not_picked":["Heavy Blade","Shockwave"],"picked":"Impervious","floor":46.0},{"not_picked":["Body Slam","True Grit","Clash+1"],"picked":"Singing Bowl","floor":47.0},{"not_picked":["Evolve","Dark Embrace"],"picked":"Havoc+1","floor":48},{"not_picked":["Warcry","Armaments"],"picked":"Berserk","floor":55}],"player_experience":1683804,"relics_obtained":[{"floor":7.0,"key":"Shuriken"},{"floor":9.0,"key":"Singing Bowl"},{"floor":12.0,"key":"War Paint"},{"floor":14.0,"key":"Bottled Lightning"},{"floor":26.0,"key":"Pen Nib"},{"floor":28.0,"key":"Smiling Mask"},{"floor":30.0,"key":"Necronomicon"},{"floor":31.0,"key":"Pear"},{"floor":40.0,"key":"Peace Pipe"},{"floor":46.0,"key":"Centennial Puzzle"},{"floor":55,"key":"Pocketwatch"}],"event_choices":[{"damage_healed":0.0,"max_hp_gain":0.0,"max_hp_loss":0.0,"gold_gain":0.0,"event_name":"WeMeetAgain","player_choice":"Gave Potion","floor":2.0,"gold_loss":0.0,"damage_taken":0.0,"relics_obtained":["Sundial"]},{"damage_healed":0.0,"max_hp_gain":0.0,"max_hp_loss":0.0,"gold_gain":0.0,"event_name":"The Library","player_choice":"Read","floor":19.0,"gold_loss":0.0,"damage_taken":0.0,"cards_obtained":["Shrug It Off"]},{"damage_healed":0.0,"max_hp_gain":0.0,"max_hp_loss":0.0,"gold_gain":0.0,"cards_transformed":["Strike_R"],"event_name":"Transmorgrifier","player_choice":"Transformed","floor":20.0,"gold_loss":0.0,"damage_taken":0.0,"cards_obtained":["Bloodletting"]},{"damage_healed":0.0,"max_hp_gain":0.0,"max_hp_loss":0.0,"gold_gain":0.0,"event_name":"Cursed Tome","player_choice":"Obtained Book","floor":30.0,"gold_loss":0.0,"damage_taken":21.0},{"cards_removed":["Strike_R"],"damage_healed":0.0,"max_hp_gain":0.0,"max_hp_loss":0.0,"gold_gain":0.0,"event_name":"Purifier","player_choice":"Purged","floor":36.0,"gold_loss":0.0,"damage_taken":0.0}],"is_beta":true,"boss_relics":[{"not_picked":["Runic Cube","Orrery"],"picked":"Astrolabe"},{"not_picked":["Velvet Choker","Sozu"],"picked":"Runic Pyramid"}],"items_purged_floors":[27,42],"is_endless":false,"potions_floor_spawned":[1,7,13,14,18,21,31,40,44,47,55],"ascension_level":20}