{"gold_per_floor":[111,131,131,131,141,175,25,56,82,82,98,117,117,117,117,117],"floor_reached":16,"playtime":688,"items_purged":[],"score":209,"play_id":"c60b93c4-e67c-466e-b73b-ce06f27b55f6","local_time":"20190606233903","is_ascension_mode":true,"campfire_choices":[{"floor":13,"key":"REST"},{"floor":15,"key":"REST"}],"neow_cost":"NONE","seed_source_timestamp":251784895051708,"circlet_count":0,"master_deck":["AscendersBane","Strike_R","Strike_R+1","Strike_R","Strike_R+1","Defend_R","Defend_R","Defend_R","Defend_R","Bash","Twin Strike","Reckless Charge","Heavy Blade","Uppercut","Shrug It Off","Shrug It Off","Carnage","Shrug It Off"],"relics":["Burning Blood","Oddly Smooth Stone","Blood Vial","Omamori","Bottled Flame","Golden Idol"],"potions_floor_usage":[6,8,8,16],"damage_taken":[{"damage":3,"enemies":"2 Louse","floor":1,"turns":2},{"damage":7,"enemies":"Small Slimes","floor":2,"turns":4},{"damage":4,"enemies":"Jaw Worm","floor":5,"turns":4},{"damage":15,"enemies":"3 Sentries","floor":6,"turns":9},{"damage":8,"enemies":"Gremlin Nob","floor":8,"turns":3},{"damage":11,"enemies":"Exordium Wildlife","floor":11,"turns":4},{"damage":15,"enemies":"3 Louse","floor":12,"turns":3},{"damage":51,"enemies":"Slime Boss","floor":16,"turns":6}],"seed_played":"8028541044620492982","potions_obtained":[{"floor":2,"key":"PowerPotion"},{"floor":6,"key":"FearPotion"},{"floor":12,"key":"GamblersBrew"}],"is_trial":false,"path_per_floor":["M","M","?","?","M","E","$","E","T","T","M","M","R","?","R","B"],"character_chosen":"IRONCLAD","items_purchased":["Uppercut","Shrug It Off","PowerPotion"],"campfire_rested":2,"item_purchase_floors":[7,7,7],"current_hp_per_floor":[78,77,52,45,47,38,38,36,36,36,33,26,50,22,46,0],"gold":117,"neow_bonus":"TEN_PERCENT_HP_BONUS","is_prod":false,"is_daily":false,"chose_seed":false,"campfire_upgraded":0,"win_rate":0,"timestamp":1559889543,"path_taken":["M","M","?","?","M","E","$","E","T","?","?","M","R","?","R","BOSS"],"build_version":"2019-01-23","purchased_purges":0,"victory":false,"max_hp_per_floor":[82,82,82,82,82,82,82,82,82,82,82,82,82,82,82,82],"card_choices":[{"not_picked":["Body Slam","Clash"],"picked":"Twin Strike","floor":1},{"not_picked":["Perfected Strike","Entrench"],"picked":"Reckless Charge","floor":2},{"not_picked":["Thunderclap","Sword Boomerang","Searing Blow"],"picked":"SKIP","floor":5},{"not_picked":["Headbutt","Juggernaut"],"picked":"Heavy Blade","floor":6},{"not_picked":["Blood for Blood","Pommel Strike"],"picked":"Shrug It Off","floor":8},{"not_picked":["Thunderclap","Headbutt"],"picked":"Carnage","floor":11},{"not_picked":["Twin Strike","Blood for Blood"],"picked":"Shrug It Off","floor":12}],"player_experience":532680,"relics_obtained":[{"floor":6,"key":"Oddly Smooth Stone"},{"floor":8,"key":"Blood Vial"},{"floor":9,"key":"Omamori"},{"floor":10,"key":"Bottled Flame"}],"event_choices":[{"damage_healed":0,"gold_gain":0,"player_choice":"Entered Light","damage_taken":25,"max_hp_gain":0,"max_hp_loss":0,"event_name":"Shining Light","floor":3,"gold_loss":0,"cards_upgraded":["Strike_R","Strike_R"]},{"cards_removed":["Strike_R"],"damage_healed":0,"gold_gain":0,"player_choice":"Card Removal","damage_taken":7,"max_hp_gain":0,"max_hp_loss":0,"event_name":"Golden Wing","floor":4,"gold_loss":0},{"damage_healed":0,"gold_gain":0,"player_choice":"Take Damage","damage_taken":28,"relics_obtained":["Golden Idol"],"max_hp_gain":0,"max_hp_loss":0,"event_name":"Golden Idol","floor":14,"gold_loss":0}],"is_beta":false,"boss_relics":[],"items_purged_floors":[],"is_endless":false,"potions_floor_spawned":[2,6,12],"killed_by":"Slime Boss","ascension_level":18}