{"gold_per_floor":[116,116,116,136,159,159,199,199,223,246,246,70,70,90,90,218,218,241,241,259,259,284,324,347,24,76,99,99,9,43,66,66,189,189,207,221,30,46,67,110,124,139,139,170,193,318,318,338,338,338],"floor_reached":51,"playtime":5512,"items_purged":["Injury"],"score":828,"play_id":"a5921878-9cfc-4442-87a8-20dd022e9931","local_time":"20181219010506","is_ascension_mode":false,"campfire_choices":[{"floor":6.0,"key":"REST"},{"data":"Zap","floor":11.0,"key":"SMITH"},{"data":"Dualcast","floor":13.0,"key":"SMITH"},{"floor":15.0,"key":"REST"},{"data":"Skim","floor":28.0,"key":"SMITH"},{"data":"Steam Power","floor":32.0,"key":"SMITH"},{"floor":49,"key":"REST"}],"neow_cost":"PERCENT_DAMAGE","seed_source_timestamp":0,"circlet_count":0,"master_deck":["Strike_B","Strike_B","Defend_B+1","Defend_B","Zap+1","Dualcast+1","Gash","Gash","BootSequence","Beam Cell","Gash","Steam","Steam","All For One","Conserve Battery","Gash","Skim+1","Steam+1","Steam Power+1","FTL","Thinking Ahead","Blind","Bandage Up","Echo Form","Hologram+1","Secret Weapon","Steam Power+1","Scrape+1","Parasite","Gash","Gash+1","Reprogram+1"],"special_seed":0,"relics":["Cracked Core","Unceasing Top","Oddly Smooth Stone","Golden Idol","Mummified Hand","Bag of Marbles","Empty Cage","War Paint","Regal Pillow","Ornamental Fan","Fusion Hammer","Happy Flower","Meat on the Bone","Toxic Egg 2","Thread and Needle"],"potions_floor_usage":[50],"damage_taken":[{"damage":2.0,"enemies":"2 Louse","floor":1.0,"turns":3.0},{"damage":0.0,"enemies":"Small Slimes","floor":4.0,"turns":2.0},{"damage":6.0,"enemies":"Cultist","floor":5.0,"turns":3.0},{"damage":21.0,"enemies":"3 Sentries","floor":7.0,"turns":8.0},{"damage":0.0,"enemies":"Exordium Wildlife","floor":10.0,"turns":4.0},{"damage":2.0,"enemies":"3 Louse","floor":14.0,"turns":2.0},{"damage":17.0,"enemies":"The Guardian","floor":16.0,"turns":8.0},{"damage":2.0,"enemies":"2 Thieves","floor":18.0,"turns":4.0},{"damage":0.0,"enemies":"Spheric Guardian","floor":20.0,"turns":3.0},{"damage":0.0,"enemies":"Centurion and Healer","floor":22.0,"turns":2.0},{"damage":21.0,"enemies":"Slavers","floor":23.0,"turns":6.0},{"damage":0.0,"enemies":"Chosen and Byrds","floor":24.0,"turns":3.0},{"damage":0.0,"enemies":"Shelled Parasite and Fungi","floor":27.0,"turns":2.0},{"damage":0.0,"enemies":"Book of Stabbing","floor":30.0,"turns":4.0},{"damage":0.0,"enemies":"Sentry and Sphere","floor":31.0,"turns":4.0},{"damage":9.0,"enemies":"Champ","floor":33.0,"turns":7.0},{"damage":1.0,"enemies":"3 Darklings","floor":35.0,"turns":4.0},{"damage":2.0,"enemies":"Orb Walker","floor":36.0,"turns":4.0},{"damage":2,"enemies":"Jaw Worm Horde","floor":38,"turns":3},{"damage":5,"enemies":"Maw","floor":39,"turns":5},{"damage":0,"enemies":"Giant Head","floor":40,"turns":5},{"damage":11,"enemies":"Spire Growth","floor":41,"turns":4},{"damage":0,"enemies":"Sphere and 2 Shapes","floor":42,"turns":2},{"damage":8,"enemies":"Reptomancer","floor":44,"turns":5},{"damage":0,"enemies":"Writhing Mass","floor":45,"turns":4},{"damage":0,"enemies":"Mind Bloom Boss Battle","floor":46,"turns":4},{"damage":0,"enemies":"Transient","floor":48,"turns":5},{"damage":8,"enemies":"Donu and Deca","floor":50,"turns":4}],"seed_played":"8832312977078323589","potions_obtained":[{"floor":4.0,"key":"Strength Potion"},{"floor":5.0,"key":"AttackPotion"},{"floor":14.0,"key":"Regen Potion"},{"floor":20.0,"key":"GamblersBrew"},{"floor":22.0,"key":"Fire Potion"},{"floor":27.0,"key":"LiquidBronze"},{"floor":30.0,"key":"GamblersBrew"},{"floor":35.0,"key":"Weak Potion"},{"floor":38,"key":"GamblersBrew"},{"floor":48,"key":"GamblersBrew"}],"is_trial":false,"path_per_floor":["M","?","?","M","M","R","E","?","T","M","R","$","R","M","R","B",null,"M","?","M","?","M","E","M","$","T","M","R","$","E","M","R","B",null,"M","M","$","M","M","E","M","M","T","E","M","?","?","M","R","B",null],"character_chosen":"DEFECT","items_purchased":["Steam","Explosive Potion","Explosive Potion","Thinking Ahead","Blind","Bandage Up","Secret Weapon"],"campfire_rested":3,"item_purchase_floors":[12,12,25,25,25,29,37],"current_hp_per_floor":[52,27,27,27,21,43,22,47,47,47,47,47,47,45,67,59,75,73,73,73,73,73,52,52,52,52,52,52,52,56,60,60,55,75,74,73,73,75,70,74,64,68,68,64,68,72,72,75,75,67],"gold":338,"neow_bonus":"ONE_RARE_RELIC","is_prod":false,"is_daily":false,"chose_seed":false,"campfire_upgraded":4,"win_rate":0.0,"timestamp":1545199506,"path_taken":["M","?","?","M","M","R","E","?","T","M","R","$","R","M","R","BOSS","M","?","M","?","M","E","M","$","T","?","R","$","E","M","R","BOSS","M","M","$","M","M","E","M","M","T","E","M","?","?","M","R","BOSS"],"build_version":"2018-12-13","purchased_purges":1,"victory":true,"max_hp_per_floor":[75,75,75,75,75,75,75,75,75,75,75,75,75,75,75,75,75,75,75,75,75,75,75,75,75,75,75,75,75,75,75,75,75,75,75,75,75,75,75,75,75,75,75,75,75,75,75,75,75,75],"card_choices":[{"not_picked":["Conserve Battery","Leap"],"picked":"Gash","floor":1.0},{"not_picked":["Stack","Redo"],"picked":"Gash","floor":4.0},{"not_picked":["Turbo","Sunder"],"picked":"BootSequence","floor":5.0},{"not_picked":["Go for the Eyes","Ball Lightning"],"picked":"Beam Cell","floor":7.0},{"not_picked":["Ball Lightning","Hologram"],"picked":"Gash","floor":10.0},{"not_picked":["Compile Driver","Storm"],"picked":"Steam","floor":14.0},{"not_picked":["Machine Learning","Thunder Strike"],"picked":"All For One","floor":16.0},{"not_picked":["Barrage","Darkness+1"],"picked":"Conserve Battery","floor":18.0},{"not_picked":["Sweeping Beam+1","Rebound"],"picked":"Skim","floor":20.0},{"not_picked":["Darkness","Sweeping Beam"],"picked":"Steam","floor":22.0},{"not_picked":["Rebound","Ball Lightning"],"picked":"Steam Power","floor":23.0},{"not_picked":["Beam Cell","Meteor Strike"],"picked":"FTL","floor":24.0},{"not_picked":["Self Repair","Sweeping Beam","Rebound"],"picked":"SKIP","floor":27.0},{"not_picked":["Redo","White Noise","Leap+1"],"picked":"SKIP","floor":30.0},{"not_picked":["Cold Snap","Blizzard","Loop"],"picked":"SKIP","floor":31.0},{"not_picked":["Electrodynamics","Meteor Strike"],"picked":"Echo Form","floor":33.0},{"not_picked":["Tempest","Ball Lightning+1"],"picked":"Hologram+1","floor":35.0},{"not_picked":["Leap+1","Static Discharge","Rebound"],"picked":"SKIP","floor":36.0},{"not_picked":["Darkness","Cold Snap","Compile Driver+1"],"picked":"SKIP","floor":38},{"not_picked":["Lockon+1","Redo","Conserve Battery+1"],"picked":"SKIP","floor":39},{"not_picked":["Go for the Eyes","Hologram"],"picked":"Steam Power+1","floor":40},{"not_picked":["Coolheaded+1","Sweeping Beam+1","Leap"],"picked":"SKIP","floor":41},{"not_picked":["Creative AI","Rebound+1","Fusion+1"],"picked":"SKIP","floor":42},{"not_picked":["Go for the Eyes","Compile Driver"],"picked":"Scrape+1","floor":44},{"not_picked":["Go for the Eyes+1","Glacier+1"],"picked":"Gash","floor":45},{"not_picked":["Consume+1","Defragment+1"],"picked":"Gash+1","floor":46},{"not_picked":["Turbo+1","Redo+1"],"picked":"Reprogram+1","floor":48}],"player_experience":96061,"relics_obtained":[{"floor":7.0,"key":"Mummified Hand"},{"floor":9.0,"key":"Bag of Marbles"},{"floor":23.0,"key":"War Paint"},{"floor":26.0,"key":"Regal Pillow"},{"floor":30.0,"key":"Ornamental Fan"},{"floor":40,"key":"Happy Flower"},{"floor":43,"key":"Meat on the Bone"},{"floor":44,"key":"Toxic Egg 2"},{"floor":46,"key":"Thread and Needle"}],"event_choices":[{"damage_healed":0.0,"max_hp_gain":0.0,"max_hp_loss":0.0,"gold_gain":0.0,"event_name":"Scrap Ooze","player_choice":"Success","floor":2.0,"gold_loss":0.0,"damage_taken":25.0,"relics_obtained":["Oddly Smooth Stone"]},{"damage_healed":0.0,"max_hp_gain":0.0,"max_hp_loss":0.0,"gold_gain":0.0,"event_name":"Golden Idol","player_choice":"Take Wound","floor":3.0,"gold_loss":0.0,"damage_taken":0.0,"relics_obtained":["Golden Idol"],"cards_obtained":["Injury"]},{"damage_healed":25.0,"max_hp_gain":0.0,"max_hp_loss":0.0,"gold_gain":0.0,"event_name":"Big Fish","player_choice":"Banana","floor":8.0,"gold_loss":0.0,"damage_taken":0.0},{"damage_healed":0.0,"max_hp_gain":0.0,"max_hp_loss":0.0,"gold_gain":0.0,"event_name":"The Library","player_choice":"Read","floor":19.0,"gold_loss":0.0,"damage_taken":0.0,"cards_obtained":["Gash"]},{"cards_removed":["Strike_B"],"damage_healed":0.0,"max_hp_gain":0.0,"max_hp_loss":0.0,"gold_gain":0.0,"event_name":"Purifier","player_choice":"Purged","floor":21.0,"gold_loss":0.0,"damage_taken":0.0},{"damage_healed":0,"gold_gain":0,"player_choice":"Fight","damage_taken":0,"max_hp_gain":0,"max_hp_loss":0,"event_name":"MindBloom","floor":46,"gold_loss":0},{"cards_removed":["Defend_B"],"damage_healed":0,"gold_gain":0,"player_choice":"Removed Skill","damage_taken":0,"max_hp_gain":0,"max_hp_loss":0,"event_name":"Falling","floor":47,"gold_loss":0}],"is_beta":false,"boss_relics":[{"not_picked":["Snecko Eye","Nuclear Battery"],"picked":"Empty Cage"},{"not_picked":["Runic Dome","Coffee Dripper"],"picked":"Fusion Hammer"}],"items_purged_floors":[12],"is_endless":false,"potions_floor_spawned":[4,5,14,20,22,27,30,35,38,40,42,45,48],"ascension_level":0}