{"gold_per_floor":[119,130,145,159,159,194,194,214,264,264,278,288,288,5,5,131,131,147,168,59,59,73,104,104,127,127,127,151,151,164,189,189,309,309,333,351,17,40,40,84,84,420,446,460,460],"floor_reached":45,"playtime":5012,"items_purged":[],"score":599,"play_id":"8448d16c-c8e1-4ed7-a6c0-bfca7fabc65c","local_time":"20181116022607","is_ascension_mode":false,"campfire_choices":[{"data":"Skim","floor":7,"key":"SMITH"},{"floor":10,"key":"REST"},{"floor":15,"key":"REST"},{"floor":24,"key":"REST"},{"floor":27,"key":"REST"},{"data":"Steam Power","floor":29,"key":"SMITH"},{"floor":32,"key":"REST"},{"floor":41,"key":"REST"}],"neow_cost":"NONE","seed_source_timestamp":34969719189318,"circlet_count":0,"master_deck":["Strike_B","Strike_B","Strike_B","Strike_B","Defend_B","Defend_B","Defend_B","Defend_B","Zap","Dualcast","Compile Driver+1","Storm","Doom and Gloom","FTL+1","Skim+1","Barrage","Steam Power+1","Compile Driver","Steam","Doom and Gloom","Conserve Battery","Thunder Strike","Leap","Auto Shields+1","Consume","Doom and Gloom","Defragment","Double Energy","Redo+1","Steam+1","Hello World","Reboot","Steam Power+1","Static Discharge","Flash of Steel","Parasite","Double Energy+1","Rainbow","Sweeping Beam","Regret","Heatsinks+1"],"relics":["Cracked Core","NeowsBlessing","Darkstone Periapt","PreservedInsect","Golden Idol","Whetstone","Nuclear Battery","Matryoshka","Boot","Potion Belt","Strawberry","Oddly Smooth Stone","Mango","Cursed Key","Meat on the Bone","Centennial Puzzle","Old Coin","Anchor"],"potions_floor_usage":[16,16,28,30,31,33,33,42,42,45],"damage_taken":[{"damage":0,"enemies":"Cultist","floor":1,"turns":1},{"damage":0,"enemies":"2 Louse","floor":2,"turns":1},{"damage":0,"enemies":"Small Slimes","floor":3,"turns":1},{"damage":0,"enemies":"Exordium Wildlife","floor":4,"turns":3},{"damage":26,"enemies":"Lagavulin","floor":6,"turns":7},{"damage":8,"enemies":"Lots of Slimes","floor":8,"turns":2},{"damage":3,"enemies":"2 Fungi Beasts","floor":11,"turns":3},{"damage":16,"enemies":"Red Slaver","floor":12,"turns":3},{"damage":43,"enemies":"Hexaghost","floor":16,"turns":9},{"damage":11,"enemies":"3 Byrds","floor":18,"turns":4},{"damage":8,"enemies":"2 Thieves","floor":19,"turns":4},{"damage":16,"enemies":"Sentry and Sphere","floor":22,"turns":4},{"damage":27,"enemies":"Gremlin Leader","floor":23,"turns":5},{"damage":36,"enemies":"Shelled Parasite and Fungi","floor":28,"turns":6},{"damage":28,"enemies":"Cultist and Chosen","floor":30,"turns":7},{"damage":3,"enemies":"3 Cultists","floor":31,"turns":4},{"damage":39,"enemies":"Automaton","floor":33,"turns":11},{"damage":0,"enemies":"3 Darklings","floor":35,"turns":4},{"damage":23,"enemies":"Orb Walker","floor":36,"turns":4},{"damage":25,"enemies":"Writhing Mass","floor":38,"turns":6},{"damage":47,"enemies":"Nemesis","floor":40,"turns":7},{"damage":34,"enemies":"Giant Head","floor":42,"turns":7},{"damage":22,"enemies":"4 Shapes","floor":44,"turns":8},{"damage":32,"enemies":"Transient","floor":45,"turns":5}],"seed_played":"-2616432250018443167","potions_obtained":[{"floor":1,"key":"SpeedPotion"},{"floor":2,"key":"Dexterity Potion"},{"floor":4,"key":"AttackPotion"},{"floor":11,"key":"GamblersBrew"},{"floor":22,"key":"Swift Potion"},{"floor":28,"key":"Energy Potion"},{"floor":30,"key":"Regen Potion"},{"floor":31,"key":"GamblersBrew"},{"floor":35,"key":"Strength Potion"},{"floor":40,"key":"Explosive Potion"},{"floor":42,"key":"Energy Potion"}],"is_trial":false,"path_per_floor":["M","M","M","M","?","E","R","M","T","R","M","M","?","$","R","B",null,"M","M","$","?","M","E","R","T","T","R","M","R","M","M","R","B",null,"M","M","$","M","?","E","R","E","T","M","M"],"character_chosen":"DEFECT","items_purchased":["Steam","Doom and Gloom","Whetstone","Conserve Battery","Consume","Doom and Gloom","Flash of Steel","Meat on the Bone"],"campfire_rested":6,"item_purchase_floors":[14,14,14,14,20,20,37,37],"current_hp_per_floor":[75,75,75,75,80,54,54,46,46,70,67,51,31,31,55,12,80,69,61,61,61,45,18,42,49,63,93,57,57,29,31,61,22,101,101,78,78,59,59,24,56,34,40,30,0],"gold":460,"neow_bonus":"THREE_ENEMY_KILL","is_prod":false,"is_daily":false,"chose_seed":false,"campfire_upgraded":2,"win_rate":0.0,"timestamp":1542353167,"path_taken":["M","M","M","M","?","E","R","M","T","R","M","M","?","$","R","BOSS","M","M","$","?","M","E","R","?","T","R","M","R","M","M","R","BOSS","M","M","?","M","?","E","R","E","T","M","M"],"build_version":"2018-11-15","purchased_purges":0,"victory":false,"max_hp_per_floor":[75,75,75,75,80,80,80,80,80,80,80,80,80,80,80,80,80,80,80,80,80,80,80,80,87,101,101,101,101,101,101,101,101,101,101,101,101,107,107,107,107,107,113,113,113],"card_choices":[{"not_picked":["Genetic Algorithm","Cold Snap"],"picked":"Compile Driver","floor":1},{"not_picked":["Coolheaded","Defragment"],"picked":"Storm","floor":2},{"not_picked":["Go for the Eyes","Coolheaded"],"picked":"Doom and Gloom","floor":3},{"not_picked":["Go for the Eyes","Coolheaded"],"picked":"FTL","floor":4},{"not_picked":["Glacier","Cold Snap"],"picked":"Skim","floor":6},{"not_picked":["Reprogram","Genetic Algorithm"],"picked":"Barrage","floor":8},{"not_picked":["Go for the Eyes","Conserve Battery"],"picked":"Steam Power","floor":11},{"not_picked":["Go for the Eyes","Coolheaded"],"picked":"Compile Driver","floor":12},{"not_picked":["Fission","Rainbow"],"picked":"Thunder Strike","floor":16},{"not_picked":["Blizzard","Force Field"],"picked":"Leap","floor":18},{"not_picked":["Conserve Battery+1","Leap"],"picked":"Auto Shields+1","floor":19},{"not_picked":["Aggregate+1","Gash"],"picked":"Defragment","floor":22},{"not_picked":["Storm+1","Defragment"],"picked":"Double Energy","floor":23},{"not_picked":["Streamline","Beam Cell"],"picked":"Redo+1","floor":28},{"not_picked":["Go for the Eyes","Ball Lightning+1"],"picked":"Steam+1","floor":30},{"not_picked":["Steam Power","Skim"],"picked":"Hello World","floor":31},{"not_picked":["Biased Cognition","All For One"],"picked":"Reboot","floor":33},{"not_picked":["Leap+1","Compile Driver"],"picked":"Steam Power+1","floor":35},{"not_picked":["Barrage+1","Ball Lightning+1"],"picked":"Static Discharge","floor":36},{"not_picked":["Tempest","Ball Lightning+1"],"picked":"Double Energy+1","floor":38},{"not_picked":["Defragment","Hologram"],"picked":"Rainbow","floor":40},{"not_picked":["Cold Snap","Go for the Eyes"],"picked":"Sweeping Beam","floor":42},{"not_picked":["Gash+1","Ball Lightning"],"picked":"Heatsinks+1","floor":44}],"player_experience":6777,"relics_obtained":[{"floor":6,"key":"Darkstone Periapt"},{"floor":9,"key":"PreservedInsect"},{"floor":23,"key":"Boot"},{"floor":25,"key":"Potion Belt"},{"floor":25,"key":"Strawberry"},{"floor":26,"key":"Oddly Smooth Stone"},{"floor":26,"key":"Mango"},{"floor":40,"key":"Centennial Puzzle"},{"floor":42,"key":"Old Coin"},{"floor":43,"key":"Anchor"}],"event_choices":[{"damage_healed":0,"gold_gain":0,"player_choice":"Donut","damage_taken":0,"max_hp_gain":5,"max_hp_loss":0,"event_name":"Big Fish","floor":5,"gold_loss":0},{"damage_healed":0,"gold_gain":0,"player_choice":"Take Damage","damage_taken":20,"relics_obtained":["Golden Idol"],"max_hp_gain":0,"max_hp_loss":0,"event_name":"Golden Idol","floor":13,"gold_loss":0},{"damage_healed":0,"gold_gain":0,"player_choice":"Opened","damage_taken":0,"relics_obtained":["Matryoshka"],"max_hp_gain":0,"max_hp_loss":0,"event_name":"The Mausoleum","floor":21,"gold_loss":0},{"damage_healed":0,"gold_gain":0,"player_choice":"0 cards matched","damage_taken":0,"max_hp_gain":0,"max_hp_loss":0,"event_name":"Match and Keep!","floor":39,"gold_loss":0,"cards_obtained":[]}],"is_beta":false,"boss_relics":[{"not_picked":["Ectoplasm","Eternal Feather"],"picked":"Nuclear Battery"},{"not_picked":["Busted Crown","Inserter"],"picked":"Cursed Key"}],"items_purged_floors":[],"is_endless":false,"potions_floor_spawned":[1,2,4,11,22,28,30,31,35,40,42],"killed_by":"Transient","ascension_level":0}