{"gold_per_floor":[114,114,129,129,60,93,93,107,153,172,172,172,172,186,186,305,305,326,326,305,326,64,64,100,100,126,0,13,13,31,31,31,157,157,176,27,0,0,15,15,34,34,34,55,74,74,88,112,112,112],"floor_reached":50,"playtime":3981,"items_purged":[],"score":716,"play_id":"5359452b-b9b9-418b-8572-4cc7ef63f336","local_time":"20190615175117","is_ascension_mode":true,"campfire_choices":[{"data":"Armaments","floor":11,"key":"SMITH"},{"data":"True Grit","floor":13,"key":"SMITH"},{"data":"Clothesline","floor":15,"key":"SMITH"},{"floor":23,"key":"REST"},{"floor":32,"key":"REST"},{"floor":40,"key":"REST"},{"floor":42,"key":"REST"},{"floor":49,"key":"REST"}],"neow_cost":"NONE","seed_source_timestamp":54468097402389,"circlet_count":0,"master_deck":["AscendersBane","Strike_R","Strike_R","Strike_R+1","Defend_R","Defend_R","Defend_R","Defend_R","Bash+1","Armaments+1","Clothesline+1","Seeing Red","True Grit+1","Inflame","Demon Form","Cleave","Heavy Blade","Apotheosis","Seeing Red","Clumsy","Whirlwind","Shrug It Off+1","Sword Boomerang","Immolate","Heavy Blade","True Grit+1","Power Through","Double Tap+1","Entrench+1","Parasite","Clothesline+1","Parasite","Reaper"],"relics":["Black Star","Golden Idol","Strawberry","Whetstone","Oddly Smooth Stone","Mercury Hourglass","Cursed Key","Orichalcum","Calipers","Dream Catcher","Velvet Choker","Omamori","Red Mask","Toxic Egg 2","Boot"],"potions_floor_usage":[10,16,20,20,24,24,41,41,45,50],"damage_taken":[{"damage":9,"enemies":"Jaw Worm","floor":1,"turns":6},{"damage":8,"enemies":"Small Slimes","floor":3,"turns":4},{"damage":21,"enemies":"Gremlin Nob","floor":6,"turns":5},{"damage":1,"enemies":"Cultist","floor":8,"turns":3},{"damage":4,"enemies":"Looter","floor":10,"turns":4},{"damage":4,"enemies":"Lots of Slimes","floor":14,"turns":4},{"damage":12,"enemies":"Hexaghost","floor":16,"turns":11},{"damage":16,"enemies":"Shell Parasite","floor":18,"turns":6},{"damage":13,"enemies":"2 Thieves","floor":20,"turns":5},{"damage":19,"enemies":"Snecko","floor":21,"turns":6},{"damage":18,"enemies":"Gremlin Leader","floor":24,"turns":6},{"damage":32,"enemies":"Snake Plant","floor":28,"turns":5},{"damage":21,"enemies":"Chosen and Byrds","floor":30,"turns":6},{"damage":76,"enemies":"Automaton","floor":33,"turns":8},{"damage":32,"enemies":"3 Shapes","floor":35,"turns":3},{"damage":0,"enemies":"3 Darklings","floor":39,"turns":2},{"damage":27,"enemies":"Sphere and 2 Shapes","floor":41,"turns":4},{"damage":12,"enemies":"4 Shapes","floor":44,"turns":4},{"damage":9,"enemies":"Spire Growth","floor":45,"turns":5},{"damage":25,"enemies":"Writhing Mass","floor":47,"turns":9},{"damage":60,"enemies":"Awakened One","floor":50,"turns":5}],"seed_played":"-2782260721111908708","potions_obtained":[{"floor":6,"key":"SpeedPotion"},{"floor":8,"key":"PowerPotion"},{"floor":16,"key":"SpeedPotion"},{"floor":18,"key":"Dexterity Potion"},{"floor":20,"key":"Fruit Juice"},{"floor":24,"key":"FairyPotion"},{"floor":33,"key":"Swift Potion"},{"floor":35,"key":"Poison Potion"},{"floor":41,"key":"Explosive Potion"},{"floor":47,"key":"Explosive Potion"}],"is_trial":false,"path_per_floor":["M","?","M","?","$","E","$","M","T","M","R","?","R","M","R","B",null,"M","?","M","M","$","R","E","?","T","?","M","$","M","?","R","B",null,"M","$","?","?","M","R","M","R","T","M","M","?","M","T","R","B"],"character_chosen":"IRONCLAD","items_purchased":["Seeing Red","Heavy Blade","Apotheosis","Poison Potion","Omamori"],"campfire_rested":5,"item_purchase_floors":[5,22,22,22,36],"current_hp_per_floor":[63,63,55,55,55,41,41,40,40,36,36,33,33,29,29,17,65,49,49,41,22,22,47,29,57,57,57,25,25,4,4,29,8,67,35,35,35,35,35,60,33,58,58,46,37,59,34,34,59,0],"gold":112,"neow_bonus":"BOSS_RELIC","is_prod":false,"is_daily":false,"chose_seed":false,"campfire_upgraded":3,"win_rate":0,"timestamp":1560592277,"path_taken":["M","?","M","?","?","E","$","M","T","?","R","?","R","M","R","BOSS","M","?","M","?","$","R","E","?","T","?","M","$","M","?","R","BOSS","M","$","?","?","M","R","M","R","T","M","M","?","M","?","R","BOSS"],"build_version":"2019-01-23","purchased_purges":0,"victory":false,"max_hp_per_floor":[80,80,80,74,74,81,81,81,81,81,81,81,81,81,81,81,81,81,81,86,86,86,86,86,86,86,86,86,86,86,86,86,86,86,86,86,86,86,86,86,86,86,86,86,86,86,86,86,86,86],"card_choices":[{"not_picked":["Searing Blow","Twin Strike"],"picked":"Armaments","floor":1},{"not_picked":["Warcry","Searing Blow"],"picked":"Clothesline","floor":3},{"not_picked":["Fire Breathing","Twin Strike","Headbutt"],"picked":"SKIP","floor":6},{"not_picked":["Headbutt","Perfected Strike","Armaments"],"picked":"SKIP","floor":8},{"not_picked":["Thunderclap","Disarm"],"picked":"True Grit","floor":10},{"not_picked":["Warcry","Burning Pact"],"picked":"Inflame","floor":14},{"not_picked":["Dark Embrace","Exhume"],"picked":"Demon Form","floor":16},{"not_picked":["Dropkick","Armaments","Warcry"],"picked":"SKIP","floor":18},{"not_picked":["Corruption","Clothesline"],"picked":"Cleave","floor":20},{"not_picked":["Inflame","Flex","Rupture"],"picked":"SKIP","floor":21},{"not_picked":["Berserk","Blood for Blood"],"picked":"Seeing Red","floor":24},{"not_picked":["Thunderclap+1","Wild Strike+1"],"picked":"Whirlwind","floor":28},{"not_picked":["Battle Trance","Anger"],"picked":"Shrug It Off+1","floor":30},{"not_picked":["Pommel Strike","True Grit"],"picked":"Sword Boomerang","floor":32},{"not_picked":["Dark Embrace","Bludgeon"],"picked":"Immolate","floor":33},{"not_picked":["Combust+1","Perfected Strike+1","Anger+1"],"picked":"SKIP","floor":35},{"not_picked":["Cleave+1","Bloodletting"],"picked":"Heavy Blade","floor":39},{"not_picked":["Inflame","Brutality"],"picked":"True Grit+1","floor":40},{"not_picked":["Shrug It Off+1","Clothesline"],"picked":"Power Through","floor":41},{"not_picked":["Shockwave+1","Shrug It Off+1"],"picked":"Double Tap+1","floor":44},{"not_picked":["Heavy Blade","Feel No Pain"],"picked":"Entrench+1","floor":45},{"not_picked":["Shrug It Off+1","Perfected Strike+1"],"picked":"Clothesline+1","floor":47},{"not_picked":["Rage+1","Sword Boomerang+1"],"picked":"Reaper","floor":49}],"player_experience":519926,"relics_obtained":[{"floor":6,"key":"Strawberry"},{"floor":6,"key":"Whetstone"},{"floor":9,"key":"Oddly Smooth Stone"},{"floor":24,"key":"Orichalcum"},{"floor":24,"key":"Calipers"},{"floor":26,"key":"Dream Catcher"},{"floor":43,"key":"Toxic Egg 2"},{"floor":48,"key":"Boot"}],"event_choices":[{"damage_healed":0,"gold_gain":0,"player_choice":"Ignored","damage_taken":0,"max_hp_gain":0,"max_hp_loss":0,"event_name":"Golden Wing","floor":2,"gold_loss":0},{"damage_healed":0,"gold_gain":0,"player_choice":"Lose Max HP","damage_taken":0,"relics_obtained":["Golden Idol"],"max_hp_gain":0,"max_hp_loss":6,"event_name":"Golden Idol","floor":4,"gold_loss":0},{"damage_healed":0,"gold_gain":0,"player_choice":"Success","damage_taken":3,"relics_obtained":["Mercury Hourglass"],"max_hp_gain":0,"max_hp_loss":0,"event_name":"Scrap Ooze","floor":12,"gold_loss":0},{"cards_removed":["Strike_R"],"damage_healed":0,"gold_gain":0,"player_choice":"Purged","damage_taken":0,"max_hp_gain":0,"max_hp_loss":0,"event_name":"Purifier","floor":19,"gold_loss":0},{"damage_healed":28,"gold_gain":0,"player_choice":"Heal","damage_taken":0,"max_hp_gain":0,"max_hp_loss":0,"event_name":"The Library","floor":25,"gold_loss":0},{"damage_healed":0,"gold_gain":0,"player_choice":"Paid Fearfully","damage_taken":0,"max_hp_gain":0,"max_hp_loss":0,"event_name":"Masked Bandits","floor":27,"gold_loss":126},{"damage_healed":0,"gold_gain":0,"player_choice":"Ignored","damage_taken":0,"max_hp_gain":0,"max_hp_loss":0,"event_name":"Ghosts","floor":31,"gold_loss":0},{"damage_healed":0,"gold_gain":0,"player_choice":"Paid","damage_taken":0,"relics_obtained":["Red Mask"],"max_hp_gain":0,"max_hp_loss":0,"event_name":"Tomb of Lord Red Mask","floor":37,"gold_loss":27},{"cards_removed":["Strike_R"],"damage_healed":0,"gold_gain":0,"player_choice":"Removed Attack","damage_taken":0,"max_hp_gain":0,"max_hp_loss":0,"event_name":"Falling","floor":38,"gold_loss":0},{"damage_healed":22,"gold_gain":0,"player_choice":"Writhe","damage_taken":0,"max_hp_gain":0,"max_hp_loss":0,"event_name":"Winding Halls","floor":46,"gold_loss":0,"cards_obtained":["Writhe"]}],"is_beta":false,"boss_relics":[{"not_picked":["Coffee Dripper","Orrery"],"picked":"Cursed Key"},{"not_picked":["Empty Cage","Eternal Feather"],"picked":"Velvet Choker"}],"items_purged_floors":[],"is_endless":false,"potions_floor_spawned":[6,8,16,18,20,24,33,35,41,47],"killed_by":"Awakened One","ascension_level":11}