{"gold_per_floor":[114,114,114,164,176,221,233,245,257,308,320,332,357,383,395,530,542,579,591,702,732,744,756,782,794,806,818,286,300,300,321,321,441,441,454,454,477,835,860,860,891,891,891,891,910,48,20,34,34,34],"floor_reached":51,"playtime":1769,"items_purged":["Writhe"],"score":856,"play_id":"a7390f28-eaf6-486c-8748-e79ed59b9290","local_time":"20190625083352","is_ascension_mode":false,"campfire_choices":[{"data":"Inflame","floor":8,"key":"SMITH"},{"data":"Heavy Blade","floor":11,"key":"SMITH"},{"data":"Bash","floor":15,"key":"SMITH"},{"data":"Immolate","floor":23,"key":"SMITH"},{"data":"Heavy Blade","floor":27,"key":"SMITH"},{"data":"Havoc","floor":30,"key":"SMITH"},{"data":"Flex","floor":32,"key":"SMITH"},{"floor":40,"key":"REST"},{"floor":49,"key":"REST"}],"neow_cost":"NONE","seed_source_timestamp":8344916271852,"circlet_count":0,"master_deck":["Strike_R","Strike_R","Strike_R","Strike_R","Strike_R","Defend_R","Defend_R","Defend_R","Defend_R","Bash+1","Inflame+1","Heavy Blade+1","Iron Wave","Thunderclap","Headbutt","Immolate+1","Heavy Blade+1","Clash+1","Flex+1","Havoc+1","Sword Boomerang+1","Heavy Blade+1","Headbutt+1","Shrug It Off+1","Shrug It Off+1","Armaments+1","Heavy Blade+1","Doubt","Discovery","Inflame","Corruption","Intimidate","Flex","Shockwave","Spot Weakness","Shrug It Off","True Grit","Shrug It Off","Armaments","Shrug It Off","Flame Barrier","Dual Wield","Power Through","Shockwave"],"relics":["Burning Blood","NeowsBlessing","Golden Idol","MawBank","Happy Flower","The Courier","Ornamental Fan","Art of War","Velvet Choker","Self Forming Clay","Anchor","Molten Egg 2","Chemical X","Dead Branch","Snecko Eye","Old Coin","Bird Faced Urn","Singing Bowl","Juzu Bracelet"],"potions_floor_usage":[18,33,33,33,45,50,50,50],"damage_taken":[{"damage":0,"enemies":"Jaw Worm","floor":1,"turns":1},{"damage":0,"enemies":"Lagavulin","floor":6,"turns":1},{"damage":0,"enemies":"Gremlin Nob","floor":10,"turns":1},{"damage":0,"enemies":"2 Louse","floor":13,"turns":3},{"damage":0,"enemies":"Small Slimes","floor":14,"turns":3},{"damage":55,"enemies":"The Guardian","floor":16,"turns":7},{"damage":4,"enemies":"2 Thieves","floor":18,"turns":2},{"damage":0,"enemies":"Spheric Guardian","floor":21,"turns":3},{"damage":1,"enemies":"Cultist and Chosen","floor":24,"turns":3},{"damage":11,"enemies":"Snecko","floor":29,"turns":3},{"damage":0,"enemies":"3 Cultists","floor":31,"turns":3},{"damage":48,"enemies":"Champ","floor":33,"turns":7},{"damage":0,"enemies":"Orb Walker","floor":35,"turns":2},{"damage":0,"enemies":"3 Darklings","floor":37,"turns":2},{"damage":31,"enemies":"2 Orb Walkers","floor":38,"turns":5},{"damage":21,"enemies":"Maw","floor":39,"turns":6},{"damage":39,"enemies":"Giant Head","floor":41,"turns":8},{"damage":23,"enemies":"4 Shapes","floor":45,"turns":5},{"damage":31,"enemies":"Sphere and 2 Shapes","floor":48,"turns":4},{"damage":69,"enemies":"Awakened One","floor":50,"turns":14}],"seed_played":"7433926025142487347","potions_obtained":[{"floor":1,"key":"SkillPotion"},{"floor":10,"key":"SpeedPotion"},{"floor":18,"key":"Poison Potion"},{"floor":21,"key":"Swift Potion"},{"floor":29,"key":"Explosive Potion"},{"floor":38,"key":"LiquidBronze"},{"floor":39,"key":"Fire Potion"},{"floor":41,"key":"SkillPotion"},{"floor":45,"key":"SkillPotion"}],"is_trial":false,"path_per_floor":["M","?","?","T","$","E","?","R","T","E","R","$","M","M","R","B",null,"M","?","?","M","T","R","M","?","T","R","$","M","R","M","R","B",null,"M","?","M","?","M","R","E","?","T","?","M","$","$","M","R","B",null],"character_chosen":"IRONCLAD","items_purchased":["Chemical X","Flex","Dead Branch","Havoc","Juzu Bracelet","Inflame","Corruption","Intimidate","Flex","Shockwave","Spot Weakness","Shrug It Off","True Grit","Shrug It Off","Armaments","Shrug It Off","Flame Barrier","Dual Wield","Power Through","Shockwave"],"campfire_rested":2,"item_purchase_floors":[28,28,28,28,46,46,46,46,46,46,46,46,46,46,46,46,46,46,46,47],"current_hp_per_floor":[80,85,79,79,79,79,76,76,76,79,79,79,79,79,79,30,79,79,79,79,79,79,79,79,79,79,79,79,74,74,79,79,37,79,79,79,79,54,39,62,29,79,79,73,60,60,60,43,69,24],"gold":34,"neow_bonus":"THREE_ENEMY_KILL","is_prod":false,"is_daily":false,"chose_seed":false,"campfire_upgraded":7,"win_rate":0,"timestamp":1561473232,"path_taken":["M","?","?","?","?","E","?","R","T","E","R","$","M","M","R","BOSS","M","?","?","M","?","R","M","?","T","R","$","M","R","M","R","BOSS","M","?","M","?","?","R","E","?","T","?","M","?","$","M","R","BOSS"],"build_version":"2019-01-23","purchased_purges":1,"victory":true,"max_hp_per_floor":[80,85,79,79,79,79,79,79,79,79,79,79,79,79,79,79,79,79,79,79,79,79,79,79,79,79,79,79,79,79,79,79,79,79,79,79,79,79,79,79,79,79,79,83,85,85,85,87,87,87],"card_choices":[{"not_picked":["Seeing Red","Reckless Charge"],"picked":"Inflame","floor":1},{"not_picked":["Burning Pact","Thunderclap"],"picked":"Heavy Blade","floor":6},{"not_picked":["Flame Barrier","Body Slam"],"picked":"Iron Wave","floor":10},{"not_picked":["Clothesline","Offering"],"picked":"Thunderclap","floor":13},{"not_picked":["Infernal Blade","Anger"],"picked":"Headbutt","floor":14},{"not_picked":["Exhume","Bludgeon"],"picked":"Immolate","floor":16},{"not_picked":["Clash+1","Battle Trance+1"],"picked":"Heavy Blade","floor":18},{"not_picked":["True Grit+1","Disarm"],"picked":"Clash+1","floor":21},{"not_picked":["Armaments","Anger+1","Corruption"],"picked":"SKIP","floor":24},{"not_picked":["Pommel Strike+1","Barricade"],"picked":"Sword Boomerang+1","floor":29},{"not_picked":["Twin Strike+1","Warcry"],"picked":"Heavy Blade+1","floor":31},{"not_picked":["Cleave+1","Sword Boomerang+1"],"picked":"Headbutt+1","floor":35},{"not_picked":["Headbutt+1","Warcry"],"picked":"Shrug It Off+1","floor":37},{"not_picked":["True Grit","Intimidate"],"picked":"Shrug It Off+1","floor":38},{"not_picked":["Clothesline+1","Cleave+1"],"picked":"Armaments+1","floor":39},{"not_picked":["Rampage+1","Fire Breathing+1"],"picked":"Heavy Blade+1","floor":41},{"not_picked":["Master of Strategy","Purity"],"picked":"Discovery","floor":44},{"not_picked":["Dark Shackles","Dramatic Entrance+1","Swift Strike+1"],"picked":"Singing Bowl","floor":44},{"not_picked":["Panache","Jack Of All Trades","Purity"],"picked":"Singing Bowl","floor":44},{"not_picked":["Clothesline+1","Shrug It Off","Feel No Pain+1"],"picked":"Singing Bowl","floor":45},{"not_picked":["Flex","Sever Soul+1","Iron Wave+1"],"picked":"Singing Bowl","floor":48}],"player_experience":1491576,"relics_obtained":[{"floor":4,"key":"MawBank"},{"floor":6,"key":"Happy Flower"},{"floor":9,"key":"Ornamental Fan"},{"floor":10,"key":"Art of War"},{"floor":22,"key":"Self Forming Clay"},{"floor":26,"key":"Molten Egg 2"},{"floor":38,"key":"Old Coin"},{"floor":41,"key":"Bird Faced Urn"},{"floor":43,"key":"Singing Bowl"}],"event_choices":[{"damage_healed":0,"gold_gain":0,"player_choice":"Donut","damage_taken":0,"max_hp_gain":5,"max_hp_loss":0,"event_name":"Big Fish","floor":2,"gold_loss":0},{"damage_healed":0,"gold_gain":0,"player_choice":"Lose Max HP","damage_taken":0,"relics_obtained":["Golden Idol"],"max_hp_gain":0,"max_hp_loss":6,"event_name":"Golden Idol","floor":3,"gold_loss":0},{"damage_healed":0,"gold_gain":0,"player_choice":"Success","damage_taken":3,"relics_obtained":["The Courier"],"max_hp_gain":0,"max_hp_loss":0,"event_name":"Scrap Ooze","floor":7,"gold_loss":0},{"damage_healed":0,"gold_gain":0,"player_choice":"Ignored","damage_taken":0,"max_hp_gain":0,"max_hp_loss":0,"event_name":"Vampires","floor":19,"gold_loss":0},{"damage_healed":0,"gold_gain":99,"player_choice":"Stole From Cult","damage_taken":0,"max_hp_gain":0,"max_hp_loss":0,"event_name":"Nest","floor":20,"gold_loss":0},{"damage_healed":0,"gold_gain":0,"player_choice":"Opened","damage_taken":0,"relics_obtained":["Anchor"],"max_hp_gain":0,"max_hp_loss":0,"event_name":"The Mausoleum","floor":25,"gold_loss":0,"cards_obtained":["Writhe"]},{"damage_healed":0,"gold_gain":0,"player_choice":"Ignored","damage_taken":0,"max_hp_gain":0,"max_hp_loss":0,"event_name":"Tomb of Lord Red Mask","floor":36,"gold_loss":0},{"damage_healed":0,"gold_gain":0,"player_choice":"Fight","damage_taken":0,"max_hp_gain":0,"max_hp_loss":0,"event_name":"Mysterious Sphere","floor":38,"gold_loss":0},{"damage_healed":50,"gold_gain":0,"player_choice":"Heal","damage_taken":0,"max_hp_gain":0,"max_hp_loss":0,"event_name":"MindBloom","floor":42,"gold_loss":0,"cards_obtained":["Doubt"]},{"damage_healed":0,"gold_gain":0,"player_choice":"Memory 3","damage_taken":10,"max_hp_gain":0,"max_hp_loss":0,"event_name":"SensoryStone","floor":44,"gold_loss":0}],"is_beta":false,"boss_relics":[{"not_picked":["Runic Pyramid","Eternal Feather"],"picked":"Velvet Choker"},{"not_picked":["Calling Bell","Fusion Hammer"],"picked":"Snecko Eye"}],"items_purged_floors":[28],"is_endless":false,"potions_floor_spawned":[1,10,18,21,29,38,39,41,45],"ascension_level":0}