{"gold_per_floor":[112,112,112,12,28,54,71,99,147,160,193,193,224,224,224,320,320,333,333],"floor_reached":19,"playtime":1786,"items_purged":[],"score":270,"play_id":"959c656f-6ef2-4cc0-bc69-69797788b63d","local_time":"20181213175842","is_ascension_mode":true,"campfire_choices":[{"data":"Armaments","floor":12,"key":"SMITH"},{"floor":15,"key":"REST"}],"neow_cost":"NONE","seed_source_timestamp":0,"circlet_count":0,"master_deck":["Strike_R","Strike_R","Strike_R","Strike_R","Strike_R","Defend_R","Defend_R","Defend_R","Defend_R+1","Bash","Body Slam+1","Feel No Pain","True Grit","Metallicize","Warcry","Ghostly Armor","Armaments+1","Feel No Pain","Exhume","Armaments","Iron Wave","Juggernaut","Entrench"],"special_seed":0,"relics":["Burning Blood","NeowsBlessing","Mercury Hourglass","Pen Nib","Question Card","Dream Catcher","Matryoshka","Bag of Marbles","Black Star"],"potions_floor_usage":[16,18,19],"damage_taken":[{"damage":0.0,"enemies":"Jaw Worm","floor":1.0,"turns":1.0},{"damage":0,"enemies":"2 Louse","floor":5,"turns":1},{"damage":0,"enemies":"Lagavulin","floor":6,"turns":1},{"damage":3,"enemies":"Cultist","floor":7,"turns":3},{"damage":23,"enemies":"Gremlin Nob","floor":8,"turns":5},{"damage":0,"enemies":"Large Slime","floor":10,"turns":8},{"damage":9,"enemies":"3 Sentries","floor":11,"turns":7},{"damage":0,"enemies":"Lagavulin","floor":13,"turns":8},{"damage":13,"enemies":"The Guardian","floor":16,"turns":14},{"damage":18,"enemies":"Chosen","floor":18,"turns":6},{"damage":77,"enemies":"Masked Bandits","floor":19,"turns":4}],"seed_played":"-5955372225860366940","potions_obtained":[{"floor":6,"key":"EssenceOfSteel"},{"floor":10,"key":"FearPotion"},{"floor":11,"key":"AttackPotion"},{"floor":16,"key":"PowerPotion"}],"is_trial":false,"path_per_floor":["M","?","?","$","M","E","M","E","T","M","E","R","E","?","R","B",null,"M","?"],"character_chosen":"IRONCLAD","items_purchased":["Feel No Pain","True Grit"],"campfire_rested":1,"item_purchase_floors":[4,4],"current_hp_per_floor":[80,80,80,80,80,80,80,63,63,69,66,66,72,56,80,73,80,68,0],"gold":333,"neow_bonus":"THREE_ENEMY_KILL","is_prod":false,"is_daily":false,"chose_seed":false,"campfire_upgraded":1,"win_rate":0,"timestamp":1544741922,"path_taken":["M","?","?","?","M","E","?","E","T","M","E","R","E","?","R","BOSS","M","?"],"build_version":"2018-12-06","purchased_purges":0,"victory":false,"max_hp_per_floor":[80,80,80,80,80,80,80,80,80,80,80,80,80,80,80,80,80,80,80],"card_choices":[{"not_picked":["Twin Strike","Blood for Blood"],"picked":"Body Slam","floor":1.0},{"not_picked":["Rupture","Flex"],"picked":"Metallicize","floor":5},{"not_picked":["Perfected Strike","Anger"],"picked":"Warcry","floor":6},{"not_picked":["Perfected Strike","Uppercut"],"picked":"Ghostly Armor","floor":7},{"not_picked":["Flex","Evolve"],"picked":"Armaments","floor":8},{"not_picked":["Thunderclap","Hemokinesis","Cleave"],"picked":"Feel No Pain","floor":10},{"not_picked":["Searing Blow","Thunderclap","Feel No Pain"],"picked":"Exhume","floor":11},{"not_picked":["Spot Weakness","Intimidate","Searing Blow"],"picked":"Armaments","floor":13},{"not_picked":["Flex","Uppercut","Anger"],"picked":"Iron Wave","floor":15},{"not_picked":["Feed","Reaper","Berserk"],"picked":"Juggernaut","floor":16},{"not_picked":["Sword Boomerang","Spot Weakness","Wild Strike"],"picked":"Entrench","floor":18}],"player_experience":74013,"relics_obtained":[{"floor":6,"key":"Pen Nib"},{"floor":8,"key":"Question Card"},{"floor":9,"key":"Dream Catcher"},{"floor":11,"key":"Matryoshka"},{"floor":13,"key":"Bag of Marbles"}],"event_choices":[{"damage_healed":0.0,"max_hp_gain":0.0,"max_hp_loss":0.0,"gold_gain":0.0,"event_name":"Big Fish","player_choice":"Box","floor":2.0,"gold_loss":0.0,"damage_taken":0.0,"relics_obtained":["Mercury Hourglass"],"cards_obtained":["Regret"]},{"cards_removed":["Regret"],"damage_healed":0,"gold_gain":0,"player_choice":"Forget","damage_taken":0,"max_hp_gain":0,"max_hp_loss":0,"event_name":"Living Wall","floor":3,"gold_loss":0},{"damage_healed":0,"gold_gain":0,"player_choice":"Entered Light","damage_taken":16,"max_hp_gain":0,"max_hp_loss":0,"event_name":"Shining Light","floor":14,"gold_loss":0,"cards_upgraded":["Defend_R","Body Slam"]},{"damage_healed":0,"gold_gain":0,"player_choice":"Fought Bandits","damage_taken":0,"max_hp_gain":0,"max_hp_loss":0,"event_name":"Masked Bandits","floor":19,"gold_loss":0}],"is_beta":false,"boss_relics":[{"not_picked":["Tiny House","Sozu"],"picked":"Black Star"}],"items_purged_floors":[],"is_endless":false,"potions_floor_spawned":[6,10,11,16],"killed_by":"Masked Bandits","ascension_level":2}