{"gold_per_floor":[116,116,116,191,191,191,204,245,245,245,263,282,432,445,445,445],"floor_reached":16,"playtime":1084,"items_purged":[],"score":180,"play_id":"5819f323-a7d3-48e0-9887-3e6a3e1ad016","local_time":"20190526173206","is_ascension_mode":true,"campfire_choices":[{"data":"Neutralize","floor":6,"key":"SMITH"},{"floor":10,"key":"REST"},{"floor":15,"key":"REST"}],"neow_cost":"NONE","seed_source_timestamp":469006576997000,"circlet_count":0,"master_deck":["AscendersBane","Defend_G","Defend_G","Defend_G","Defend_G","Defend_G","Strike_G","Strike_G","Strike_G","Strike_G","Strike_G","Survivor","Neutralize+1","Dagger Throw","PiercingWail","Injury","Predator","Dash","Doubt"],"relics":["Ring of the Snake","Darkstone Periapt","Golden Idol","CultistMask","Bag of Marbles","Anchor"],"potions_floor_usage":[16,16],"damage_taken":[{"damage":0,"enemies":"2 Louse","floor":1,"turns":3},{"damage":2,"enemies":"Jaw Worm","floor":7,"turns":4},{"damage":37,"enemies":"3 Sentries","floor":8,"turns":14},{"damage":0,"enemies":"Small Slimes","floor":11,"turns":3},{"damage":0,"enemies":"2 Fungi Beasts","floor":12,"turns":2},{"damage":2,"enemies":"Gremlin Gang","floor":14,"turns":6},{"damage":52,"enemies":"The Guardian","floor":16,"turns":12}],"seed_played":"1841418667923176514","potions_obtained":[{"floor":11,"key":"Poison Potion"},{"floor":12,"key":"GamblersBrew"},{"floor":14,"key":"SpeedPotion"}],"is_trial":false,"path_per_floor":["M","?","?","?","?","R","M","E","T","R","M","M","?","M","R","B"],"character_chosen":"THE_SILENT","items_purchased":[],"campfire_rested":2,"item_purchase_floors":[],"current_hp_per_floor":[59,48,54,43,43,43,41,4,4,25,25,25,31,29,52,0],"gold":445,"neow_bonus":"THREE_CARDS","is_prod":false,"is_daily":false,"chose_seed":false,"campfire_upgraded":1,"win_rate":0,"timestamp":1558906326,"path_taken":["M","?","?","?","?","R","M","E","T","R","M","?","?","M","R","BOSS"],"build_version":"2019-01-23","purchased_purges":0,"victory":false,"max_hp_per_floor":[66,66,72,72,72,72,72,72,72,72,72,72,78,78,78,78],"card_choices":[{"not_picked":["Cloak And Dagger","Heel Hook"],"picked":"Dagger Throw","floor":0},{"not_picked":["Deflect","Dagger Throw"],"picked":"PiercingWail","floor":1},{"not_picked":["Heel Hook","Sucker Punch"],"picked":"Predator","floor":7},{"not_picked":["Deadly Poison","Grand Finale","All Out Attack"],"picked":"SKIP","floor":8},{"not_picked":["Deadly Poison","Acrobatics"],"picked":"Dash","floor":11},{"not_picked":["Quick Slash","Bane","Acrobatics"],"picked":"SKIP","floor":12},{"not_picked":["Flying Knee","Bane","Finisher"],"picked":"SKIP","floor":14}],"player_experience":2191309,"relics_obtained":[{"floor":8,"key":"Bag of Marbles"},{"floor":9,"key":"Anchor"}],"event_choices":[{"damage_healed":0,"gold_gain":0,"player_choice":"Success","damage_taken":11,"relics_obtained":["Darkstone Periapt"],"max_hp_gain":0,"max_hp_loss":0,"event_name":"Scrap Ooze","floor":2,"gold_loss":0},{"damage_healed":0,"gold_gain":0,"player_choice":"Take Wound","damage_taken":0,"relics_obtained":["Golden Idol"],"max_hp_gain":0,"max_hp_loss":0,"event_name":"Golden Idol","floor":3,"gold_loss":0,"cards_obtained":["Injury"]},{"damage_healed":0,"gold_gain":75,"player_choice":"Gather Gold","damage_taken":11,"max_hp_gain":0,"max_hp_loss":0,"event_name":"World of Goop","floor":4,"gold_loss":0},{"damage_healed":0,"gold_gain":0,"player_choice":"Trade","damage_taken":0,"relics_obtained":["CultistMask"],"max_hp_gain":0,"max_hp_loss":0,"event_name":"FaceTrader","floor":5,"gold_loss":0},{"damage_healed":0,"gold_gain":150,"player_choice":"AGREE","damage_taken":0,"max_hp_gain":0,"max_hp_loss":0,"event_name":"Liars Game","floor":13,"gold_loss":0,"cards_obtained":["Doubt"]}],"is_beta":false,"boss_relics":[],"items_purged_floors":[],"is_endless":false,"potions_floor_spawned":[11,12,14],"killed_by":"The Guardian","ascension_level":16}