{"gold_per_floor":[111,131,150,150,164,164,190,190,190,208,241,252,11,11,11,85,85,96,96,96,116,127,127,137,137],"floor_reached":25,"playtime":1923,"items_purged":[],"score":409,"play_id":"0463a933-fc9c-4e5c-aa52-313f3d3b1b19","local_time":"20190616090403","is_ascension_mode":true,"campfire_choices":[{"data":"True Grit","floor":6,"key":"SMITH"},{"data":"Battle Trance","floor":8,"key":"SMITH"},{"floor":15,"key":"REST"},{"data":"Limit Break","floor":23,"key":"SMITH"}],"neow_cost":"NONE","seed_source_timestamp":82129528116480,"circlet_count":0,"master_deck":["AscendersBane","Strike_R","Strike_R","Strike_R","Strike_R","Strike_R","Defend_R","Defend_R","Defend_R","Defend_R","Bash+1","Shrug It Off","True Grit+1","Cleave","Heavy Blade","Battle Trance+1","Inflame","Reaper","Twin Strike","Inflame","Limit Break+1","Armaments","Combust","Clothesline"],"relics":["Burning Blood","Art of War","Boot","Darkstone Periapt","Bronze Scales","Coffee Dripper"],"potions_floor_usage":[7,11,16,16,21,24,25,25],"damage_taken":[{"damage":7,"enemies":"Small Slimes","floor":1,"turns":4},{"damage":6,"enemies":"Cultist","floor":2,"turns":4},{"damage":2,"enemies":"2 Louse","floor":3,"turns":4},{"damage":7,"enemies":"Blue Slaver","floor":5,"turns":6},{"damage":28,"enemies":"Gremlin Nob","floor":7,"turns":4},{"damage":10,"enemies":"Lots of Slimes","floor":10,"turns":3},{"damage":21,"enemies":"3 Sentries","floor":11,"turns":6},{"damage":23,"enemies":"3 Louse","floor":12,"turns":2},{"damage":44,"enemies":"The Guardian","floor":16,"turns":13},{"damage":41,"enemies":"Spheric Guardian","floor":18,"turns":6},{"damage":29,"enemies":"Chosen","floor":21,"turns":4},{"damage":26,"enemies":"Shelled Parasite and Fungi","floor":22,"turns":4},{"damage":18,"enemies":"Sentry and Sphere","floor":24,"turns":5},{"damage":35,"enemies":"Book of Stabbing","floor":25,"turns":4}],"seed_played":"-6073137033927961790","potions_obtained":[{"floor":3,"key":"Dexterity Potion"},{"floor":5,"key":"SteroidPotion"},{"floor":10,"key":"Fire Potion"},{"floor":11,"key":"Weak Potion"},{"floor":16,"key":"LiquidBronze"},{"floor":18,"key":"BloodPotion"},{"floor":20,"key":"SteroidPotion"},{"floor":22,"key":"SkillPotion"},{"floor":24,"key":"Poison Potion"}],"is_trial":false,"path_per_floor":["M","M","M","?","M","R","E","R","T","M","E","M","$","?","R","B",null,"M","?","?","M","M","R","M","E"],"character_chosen":"IRONCLAD","items_purchased":["Inflame","Bronze Scales"],"campfire_rested":1,"item_purchase_floors":[13,13],"current_hp_per_floor":[74,74,78,78,77,77,55,55,55,51,36,37,37,37,61,31,69,44,44,44,29,28,28,22,0],"gold":137,"neow_bonus":"TEN_PERCENT_HP_BONUS","is_prod":false,"is_daily":false,"chose_seed":false,"campfire_upgraded":3,"win_rate":0,"timestamp":1560701043,"path_taken":["M","M","M","?","M","R","E","R","T","?","E","M","$","?","R","BOSS","M","?","?","M","M","R","?","E"],"build_version":"2019-01-23","purchased_purges":0,"victory":false,"max_hp_per_floor":[82,82,82,82,82,82,82,82,82,82,82,82,82,82,82,82,82,82,82,82,82,82,82,82,82],"card_choices":[{"not_picked":["Evolve","Blood for Blood"],"picked":"Shrug It Off","floor":1},{"not_picked":["Pummel","Ghostly Armor"],"picked":"True Grit","floor":2},{"not_picked":["Dropkick","Ghostly Armor"],"picked":"Cleave","floor":3},{"not_picked":["Armaments","Sword Boomerang"],"picked":"Heavy Blade","floor":5},{"not_picked":["Warcry","Juggernaut"],"picked":"Battle Trance","floor":7},{"not_picked":["Sword Boomerang","Whirlwind"],"picked":"Inflame","floor":10},{"not_picked":["Seeing Red","Disarm"],"picked":"Reaper","floor":11},{"not_picked":["Body Slam","Fire Breathing"],"picked":"Twin Strike","floor":12},{"not_picked":["Immolate","Feed"],"picked":"Limit Break","floor":16},{"not_picked":["Bloodletting","Heavy Blade"],"picked":"Armaments","floor":18},{"not_picked":["Flex","Body Slam"],"picked":"Combust","floor":21},{"not_picked":["Rage","Armaments","Havoc"],"picked":"SKIP","floor":22},{"not_picked":["Sever Soul","Burning Pact"],"picked":"Clothesline","floor":24}],"player_experience":535083,"relics_obtained":[{"floor":7,"key":"Art of War"},{"floor":9,"key":"Boot"},{"floor":11,"key":"Darkstone Periapt"}],"event_choices":[{"damage_healed":0,"gold_gain":0,"player_choice":"Upgraded","damage_taken":0,"max_hp_gain":0,"max_hp_loss":0,"event_name":"Upgrade Shrine","floor":4,"gold_loss":0,"cards_upgraded":["Bash"]},{"damage_healed":0,"gold_gain":0,"player_choice":"Leave","damage_taken":0,"max_hp_gain":0,"max_hp_loss":0,"event_name":"The Cleric","floor":14,"gold_loss":0},{"damage_healed":0,"gold_gain":0,"player_choice":"Ignored","damage_taken":0,"max_hp_gain":0,"max_hp_loss":0,"event_name":"Ghosts","floor":19,"gold_loss":0},{"damage_healed":0,"gold_gain":0,"player_choice":"Got Potions","damage_taken":0,"max_hp_gain":0,"max_hp_loss":0,"event_name":"Lab","floor":20,"gold_loss":0}],"is_beta":false,"boss_relics":[{"not_picked":["White Beast Statue","Fusion Hammer"],"picked":"Coffee Dripper"}],"items_purged_floors":[],"is_endless":false,"potions_floor_spawned":[3,5,10,11,16,18,22,24],"killed_by":"Book of Stabbing","ascension_level":18}