{"gold_per_floor":[17,17,17,37,54,83,83,112,163,173,173,193,209,89,89,193,193,205,205,218,238,238,238,249,249,249,266,293,311,311,322,322,322],"floor_reached":33,"playtime":6063,"items_purged":["Regret"],"score":334,"play_id":"f4807350-1f45-4a71-9eab-5f3337002772","local_time":"20181213194007","is_ascension_mode":true,"campfire_choices":[{"floor":7,"key":"REST"},{"floor":15,"key":"REST"},{"floor":23,"key":"REST"},{"floor":25,"key":"REST"},{"floor":30,"key":"REST"},{"floor":32,"key":"REST"}],"neow_cost":"NO_GOLD","seed_source_timestamp":3478498496675,"circlet_count":0,"master_deck":["Strike_R","Strike_R","Strike_R","Defend_R","Defend_R","Defend_R+1","Feed","Headbutt","Shrug It Off","Ghostly Armor+1","Cleave","Spot Weakness","Rampage","Headbutt","Pommel Strike","Shrug It Off","Double Tap","Blood for Blood+1","Exhume+1","Pommel Strike+1","Cleave","Writhe","Juggernaut","Exhume","Iron Wave","Armaments+1","Flex+1"],"relics":["Burning Blood","Shuriken","PreservedInsect","Darkstone Periapt","War Paint","Gremlin Horn","Astrolabe","Bottled Tornado","Juzu Bracelet"],"potions_floor_usage":[8,13,13,13,13,16,16,24,29,31,33],"damage_taken":[{"damage":0,"enemies":"2 Louse","floor":1,"turns":2},{"damage":12,"enemies":"Jaw Worm","floor":4,"turns":6},{"damage":13,"enemies":"Small Slimes","floor":5,"turns":4},{"damage":34,"enemies":"Gremlin Nob","floor":6,"turns":5},{"damage":24,"enemies":"Lagavulin","floor":8,"turns":5},{"damage":6,"enemies":"Red Slaver","floor":10,"turns":5},{"damage":10,"enemies":"Blue Slaver","floor":12,"turns":3},{"damage":1,"enemies":"Large Slime","floor":13,"turns":2},{"damage":50,"enemies":"The Guardian","floor":16,"turns":10},{"damage":19,"enemies":"Chosen","floor":18,"turns":6},{"damage":30,"enemies":"Shell Parasite","floor":20,"turns":5},{"damage":40,"enemies":"Centurion and Healer","floor":21,"turns":6},{"damage":42,"enemies":"Snecko","floor":24,"turns":6},{"damage":27,"enemies":"Snake Plant","floor":27,"turns":5},{"damage":33,"enemies":"Book of Stabbing","floor":28,"turns":4},{"damage":25,"enemies":"Sentry and Sphere","floor":29,"turns":5},{"damage":24,"enemies":"Snecko","floor":31,"turns":6},{"damage":56,"enemies":"Collector","floor":33,"turns":6}],"seed_played":"1651512016152934960","potions_obtained":[{"floor":6,"key":"Fire Potion"},{"floor":10,"key":"Strength Potion"},{"floor":12,"key":"EntropicBrew"},{"floor":13,"key":"Block Potion"},{"floor":16,"key":"Strength Potion"},{"floor":21,"key":"BloodPotion"},{"floor":28,"key":"Ancient Potion"},{"floor":29,"key":"Energy Potion"}],"is_trial":false,"path_per_floor":["M","?","$","M","M","E","R","E","T","M","?","M","M","$","R","B",null,"M","?","M","M","?","R","M","R","T","M","E","M","R","M","R","B"],"character_chosen":"IRONCLAD","items_purchased":["Shrug It Off"],"campfire_rested":6,"item_purchase_floors":[14],"current_hp_per_floor":[80,80,80,74,70,45,70,52,52,52,45,44,52,52,79,35,92,82,88,64,30,36,68,42,74,74,53,26,7,39,21,53,0],"gold":322,"neow_bonus":"TRANSFORM_TWO_CARDS","is_prod":false,"is_daily":false,"chose_seed":false,"campfire_upgraded":0,"win_rate":0,"timestamp":1544748007,"path_taken":["M","?","$","M","M","E","R","E","T","M","?","M","M","$","R","BOSS","M","?","?","M","?","R","M","R","T","M","E","M","R","M","R","BOSS"],"build_version":"2018-12-06","purchased_purges":1,"victory":false,"max_hp_per_floor":[80,80,80,80,83,86,86,86,86,86,86,89,92,92,92,92,92,95,101,101,101,107,107,107,107,107,107,107,107,107,107,107,107],"card_choices":[{"not_picked":["Thunderclap","Clash"],"picked":"Shrug It Off","floor":1},{"not_picked":["Flex","Sword Boomerang"],"picked":"Ghostly Armor","floor":4},{"not_picked":["Second Wind","Hemokinesis"],"picked":"Cleave","floor":5},{"not_picked":["Feel No Pain","Clash"],"picked":"Spot Weakness","floor":6},{"not_picked":["Clothesline","Body Slam"],"picked":"Rampage","floor":8},{"not_picked":["Clothesline","Dual Wield"],"picked":"Headbutt","floor":10},{"not_picked":["Clothesline","Reaper"],"picked":"Pommel Strike","floor":12},{"not_picked":["Thunderclap","Clash"],"picked":"Havoc","floor":13},{"not_picked":["Demon Form","Reaper"],"picked":"Double Tap","floor":16},{"not_picked":["Entrench","Bloodletting"],"picked":"Pommel Strike+1","floor":18},{"not_picked":["Sword Boomerang","Thunderclap","Pummel"],"picked":"SKIP","floor":20},{"not_picked":["Evolve+1","Sentinel"],"picked":"Cleave","floor":21},{"not_picked":["Body Slam","Reckless Charge","Clothesline+1"],"picked":"SKIP","floor":24},{"not_picked":["Clash","Sever Soul+1"],"picked":"Exhume","floor":27},{"not_picked":["Dual Wield","Evolve"],"picked":"Iron Wave","floor":28},{"not_picked":["Cleave","Bloodletting"],"picked":"Armaments+1","floor":29},{"not_picked":["Evolve","Twin Strike"],"picked":"Flex+1","floor":31}],"player_experience":75799,"relics_obtained":[{"floor":6,"key":"PreservedInsect"},{"floor":8,"key":"Darkstone Periapt"},{"floor":9,"key":"War Paint"},{"floor":26,"key":"Bottled Tornado"},{"floor":28,"key":"Juzu Bracelet"}],"event_choices":[{"damage_healed":0,"gold_gain":0,"player_choice":"Box","damage_taken":0,"relics_obtained":["Shuriken"],"max_hp_gain":0,"max_hp_loss":0,"event_name":"Big Fish","floor":2,"gold_loss":0,"cards_obtained":["Regret"]},{"damage_healed":0,"gold_gain":0,"player_choice":"Success","damage_taken":7,"relics_obtained":["Gremlin Horn"],"max_hp_gain":0,"max_hp_loss":0,"event_name":"Scrap Ooze","floor":11,"gold_loss":0},{"damage_healed":0,"gold_gain":0,"player_choice":"Cursed","damage_taken":0,"max_hp_gain":0,"max_hp_loss":0,"event_name":"Wheel of Change","floor":19,"gold_loss":0,"cards_obtained":["Decay"]},{"damage_healed":0,"gold_gain":0,"cards_transformed":["Decay","True Grit"],"player_choice":"Became Test Subject","damage_taken":0,"max_hp_gain":0,"max_hp_loss":0,"event_name":"Drug Dealer","floor":22,"gold_loss":0,"cards_obtained":["Writhe","Juggernaut"]}],"is_beta":false,"boss_relics":[{"not_picked":["Calling Bell","Tiny House"],"picked":"Astrolabe"}],"items_purged_floors":[14],"is_endless":false,"potions_floor_spawned":[6,10,12,13,16,21,28,29],"killed_by":"Collector","ascension_level":2}