{"gold_per_floor":[109,124,13,24,24,58,73,73,73,100,100,118,118,129,129,224,224,239,258,258,285,300,332,332,345,369,369,369,401,411,438,438,533,533,549,649,667,637,649,674,674,690,713,713,713,739,752,189,189,189],"floor_reached":50,"playtime":4414,"items_purged":["Strike_B"],"score":769,"play_id":"9d3f6a6f-11b8-4ed1-8278-79a8e8763de7","local_time":"20190619170829","is_ascension_mode":true,"campfire_choices":[{"data":"Self Repair","floor":8.0,"key":"SMITH"},{"data":"Hello World","floor":11.0,"key":"SMITH"},{"data":"Coolheaded","floor":15.0,"key":"SMITH"},{"data":"Rainbow","floor":24.0,"key":"SMITH"},{"floor":28.0,"key":"REST"},{"data":"Recycle","floor":32.0,"key":"SMITH"},{"floor":41,"key":"REST"},{"data":"Rainbow","floor":44,"key":"SMITH"},{"floor":49,"key":"RECALL"}],"neow_cost":"NONE","seed_source_timestamp":6578288410823,"circlet_count":0,"master_deck":["Strike_B","Defend_B","Defend_B","Defend_B","Defend_B","Zap","Dualcast","Coolheaded+1","Self Repair+1","Dramatic Entrance","Leap","Biased Cognition","Capacitor","Hello World+1","Stack","Leap","Rainbow+1","Coolheaded+1","Redo+1","Hologram+1","Turbo+1","Recycle+1","Amplify","Blizzard","Loop","Reinforced Body","Rainbow+1","Consume","Rebound+1","Glacier+1","BootSequence+1","Coolheaded","Turbo","Rebound","Conserve Battery","Loop","Turbo","Skim"],"special_seed":0,"relics":["Cracked Core","NeowsBlessing","Bag of Marbles","Sundial","Dead Branch","Runic Pyramid","Orichalcum","Ornamental Fan","PreservedInsect","Matryoshka","Vajra","Inserter","Girya","Blood Vial","Bag of Preparation","Happy Flower","Lantern","Pantograph"],"potions_floor_usage":[39,39,40],"damage_taken":[{"damage":0.0,"enemies":"Cultist","floor":1.0,"turns":1.0},{"damage":0.0,"enemies":"Jaw Worm","floor":2.0,"turns":1.0},{"damage":0.0,"enemies":"2 Louse","floor":4.0,"turns":1.0},{"damage":25.0,"enemies":"3 Sentries","floor":6.0,"turns":8.0},{"damage":15.0,"enemies":"Exordium Thugs","floor":7.0,"turns":5.0},{"damage":15.0,"enemies":"Gremlin Nob","floor":10.0,"turns":4.0},{"damage":1.0,"enemies":"2 Fungi Beasts","floor":12.0,"turns":2.0},{"damage":17.0,"enemies":"Exordium Wildlife","floor":14.0,"turns":3.0},{"damage":7.0,"enemies":"Slime Boss","floor":16.0,"turns":8.0},{"damage":20.0,"enemies":"2 Thieves","floor":18.0,"turns":2.0},{"damage":2.0,"enemies":"Chosen","floor":19.0,"turns":5.0},{"damage":9.0,"enemies":"3 Cultists","floor":22.0,"turns":4.0},{"damage":3.0,"enemies":"Gremlin Leader","floor":23.0,"turns":8.0},{"damage":13.0,"enemies":"Snake Plant","floor":25.0,"turns":5.0},{"damage":28.0,"enemies":"Slavers","floor":29.0,"turns":6.0},{"damage":0.0,"enemies":"Cultist and Chosen","floor":30.0,"turns":4.0},{"damage":22.0,"enemies":"Gremlin Leader","floor":31.0,"turns":6.0},{"damage":39.0,"enemies":"Automaton","floor":33.0,"turns":12.0},{"damage":15.0,"enemies":"Orb Walker","floor":35.0,"turns":4.0},{"damage":0.0,"enemies":"Mind Bloom Boss Battle","floor":36.0,"turns":7.0},{"damage":4.0,"enemies":"3 Shapes","floor":37.0,"turns":5.0},{"damage":17,"enemies":"Transient","floor":39,"turns":5},{"damage":31,"enemies":"Nemesis","floor":40,"turns":5},{"damage":13,"enemies":"3 Darklings","floor":42,"turns":13},{"damage":19,"enemies":"Reptomancer","floor":46,"turns":6},{"damage":17,"enemies":"Spire Growth","floor":47,"turns":6},{"damage":71,"enemies":"Awakened One","floor":50,"turns":3}],"seed_played":"-7149492156707630963","potions_obtained":[{"floor":1.0,"key":"Weak Potion"},{"floor":4.0,"key":"Ancient Potion"},{"floor":7.0,"key":"LiquidBronze"},{"floor":10.0,"key":"Weak Potion"},{"floor":16.0,"key":"Energy Potion"},{"floor":25.0,"key":"SkillPotion"},{"floor":29.0,"key":"Dexterity Potion"},{"floor":31.0,"key":"LiquidBronze"},{"floor":33.0,"key":"Energy Potion"},{"floor":37.0,"key":"SkillPotion"},{"floor":38.0,"key":"Weak Potion"},{"floor":38.0,"key":"Dexterity Potion"},{"floor":39,"key":"Poison Potion"},{"floor":40,"key":"Strength Potion"}],"is_trial":false,"path_per_floor":["M","M","$","M","?","E","M","R","T","E","R","M","?","M","R","B",null,"M","M","?","T","M","E","R","M","T","?","R","E","M","E","R","B",null,"M","?","M","?","M","E","R","M","T","R","?","E","M","$","R","B"],"character_chosen":"DEFECT","items_purchased":["Dramatic Entrance","Leap","Pantograph","Loop","PowerPotion","Turbo","Skim"],"campfire_rested":2,"item_purchase_floors":[3,3,48,48,48,48,48],"current_hp_per_floor":[68,68,68,68,68,50,42,42,42,37,37,46,46,29,29,32,64,44,52,52,52,43,50,50,47,47,47,69,61,71,49,49,20,61,46,56,62,62,45,24,46,55,55,55,55,48,43,43,43,0],"gold":189,"neow_bonus":"THREE_ENEMY_KILL","is_prod":false,"is_daily":false,"chose_seed":false,"campfire_upgraded":6,"win_rate":0,"timestamp":1560978509,"path_taken":["M","?","$","M","?","E","M","R","T","E","R","M","?","?","R","BOSS","M","M","?","?","?","E","R","M","T","?","R","E","M","E","R","BOSS","M","?","M","?","M","E","R","?","T","R","?","E","M","$","R","BOSS"],"build_version":"2019-01-23","purchased_purges":1,"victory":false,"max_hp_per_floor":[75,75,75,75,75,75,75,75,75,75,75,75,75,75,75,75,75,75,75,75,75,75,75,75,75,75,75,75,75,75,75,75,75,75,75,75,75,75,75,75,75,75,75,75,75,75,75,75,75,75],"card_choices":[{"not_picked":["Steam Power","Hologram"],"picked":"Coolheaded","floor":1.0},{"not_picked":["Ball Lightning","Melter"],"picked":"Self Repair","floor":2.0},{"not_picked":["Barrage","Beam Cell"],"picked":"Sunder","floor":4.0},{"not_picked":["Leap","Cold Snap"],"picked":"Biased Cognition","floor":6.0},{"not_picked":["Lockon","Turbo"],"picked":"Capacitor","floor":7.0},{"not_picked":["Lockon","Doom and Gloom"],"picked":"Hello World","floor":10.0},{"not_picked":["Force Field","Beam Cell"],"picked":"Stack","floor":12.0},{"not_picked":["Force Field","Turbo"],"picked":"Leap","floor":14.0},{"not_picked":["Thunder Strike","All For One"],"picked":"Rainbow","floor":16.0},{"not_picked":["Storm","Go for the Eyes"],"picked":"Coolheaded+1","floor":18.0},{"not_picked":["Rip and Tear","Conserve Battery"],"picked":"Redo+1","floor":19.0},{"not_picked":["Beam Cell","Cold Snap+1"],"picked":"Hologram+1","floor":22.0},{"not_picked":["Sweeping Beam","Scrape+1"],"picked":"Turbo+1","floor":23.0},{"not_picked":["Rebound","Streamline"],"picked":"Recycle","floor":25.0},{"not_picked":["Ball Lightning","Scrape"],"picked":"Loop","floor":29.0},{"not_picked":["Barrage","Rip and Tear"],"picked":"Reinforced Body","floor":30.0},{"not_picked":["Redo","Rip and Tear+1","Sweeping Beam+1"],"picked":"SKIP","floor":31.0},{"not_picked":["Amplify","Creative AI"],"picked":"Rainbow","floor":33.0},{"not_picked":["Gash+1","Beam Cell+1"],"picked":"Consume","floor":35.0},{"not_picked":["Cold Snap+1","Auto Shields"],"picked":"Rebound+1","floor":36.0},{"not_picked":["Steam+1","Streamline+1"],"picked":"Glacier+1","floor":37.0},{"not_picked":["Doom and Gloom","Ball Lightning+1"],"picked":"BootSequence+1","floor":39},{"not_picked":["Lockon+1","Genetic Algorithm+1"],"picked":"Coolheaded","floor":40},{"not_picked":["Meteor Strike","Stack+1"],"picked":"Turbo","floor":42},{"not_picked":["Capacitor","Barrage"],"picked":"Rebound","floor":46},{"not_picked":["Sweeping Beam","Gash+1"],"picked":"Conserve Battery","floor":47}],"player_experience":332730,"relics_obtained":[{"floor":6.0,"key":"Sundial"},{"floor":10.0,"key":"Dead Branch"},{"floor":21.0,"key":"Orichalcum"},{"floor":23.0,"key":"Ornamental Fan"},{"floor":26.0,"key":"PreservedInsect"},{"floor":29.0,"key":"Matryoshka"},{"floor":31.0,"key":"Vajra"},{"floor":36.0,"key":"Girya"},{"floor":40,"key":"Blood Vial"},{"floor":43,"key":"Bag of Preparation"},{"floor":43,"key":"Happy Flower"},{"floor":46,"key":"Lantern"}],"event_choices":[{"damage_healed":0.0,"max_hp_gain":0.0,"max_hp_loss":0.0,"gold_gain":0.0,"event_name":"Big Fish","player_choice":"Box","floor":5.0,"gold_loss":0.0,"damage_taken":0.0,"relics_obtained":["Bag of Marbles"],"cards_obtained":["Regret"]},{"cards_removed":["Regret"],"damage_healed":0.0,"max_hp_gain":0.0,"max_hp_loss":0.0,"gold_gain":0.0,"event_name":"Purifier","player_choice":"Purged","floor":13.0,"gold_loss":0.0,"damage_taken":0.0},{"damage_healed":0.0,"max_hp_gain":0.0,"max_hp_loss":0.0,"gold_gain":0.0,"event_name":"Ghosts","player_choice":"Ignored","floor":20.0,"gold_loss":0.0,"damage_taken":0.0},{"damage_healed":0.0,"max_hp_gain":0.0,"max_hp_loss":0.0,"gold_gain":0.0,"cards_transformed":["Strike_B","Strike_B"],"event_name":"Drug Dealer","player_choice":"Became Test Subject","floor":27.0,"gold_loss":0.0,"damage_taken":0.0,"cards_obtained":["Amplify","Blizzard"]},{"damage_healed":0.0,"max_hp_gain":0.0,"max_hp_loss":0.0,"gold_gain":0.0,"event_name":"MindBloom","player_choice":"Fight","floor":36.0,"gold_loss":0.0,"damage_taken":0.0},{"damage_healed":0.0,"max_hp_gain":0.0,"max_hp_loss":0.0,"gold_gain":0.0,"event_name":"The Woman in Blue","player_choice":"Bought 2 Potions","floor":38.0,"gold_loss":0.0,"damage_taken":0.0},{"cards_removed":["Sunder"],"damage_healed":0,"gold_gain":0,"player_choice":"Removed Attack","damage_taken":0,"max_hp_gain":0,"max_hp_loss":0,"event_name":"Falling","floor":45,"gold_loss":0}],"is_beta":false,"boss_relics":[{"not_picked":["Calling Bell","Astrolabe"],"picked":"Runic Pyramid"},{"not_picked":["Snecko Eye","Runic Dome"],"picked":"Inserter"}],"items_purged_floors":[48],"is_endless":false,"potions_floor_spawned":[1,4,7,10,16,25,29,31,33,37,39,40],"killed_by":"Awakened One","ascension_level":6}