{"path_per_floor":["M","M","?","M","?","R","M","M","T","M","M","R","M","M","R"],"character_chosen":"THE_SILENT","items_purchased":[],"gold_per_floor":[12,24,24,42,42,42,55,67,67,87,103,103,116,129,129],"floor_reached":16,"campfire_rested":0,"playtime":2005,"current_hp_per_floor":[70,63,56,56,66,66,59,57,57,50,49,49,49,49,49],"items_purged":[],"gold":129,"score":98,"play_id":"a7ecfe0d-7977-45fb-8a4f-5e74fa1144a1","local_time":"20180316194059","is_prod":false,"is_daily":false,"is_ascension_mode":false,"campfire_upgraded":1,"timestamp":1521243659,"path_taken":["M","M","?","M","?","R","M","M","T","M","M","R","M","M","R","BOSS"],"build_version":"2018-03-15v2","purchased_purges":0,"victory":false,"master_deck":["Defend_G","Defend_G","Defend_G","Defend_G","Strike_G","Strike_G","Strike_G","Strike_G","Survivor","Neutralize+1","Eviscerate","Dagger Throw","Quick Slash","Regret","Prepared","Slice","Dodge and Roll","Acrobatics","Footwork","Dodge and Roll"],"max_hp_per_floor":[70,70,70,70,80,80,80,80,80,80,80,80,80,80,80],"relics":["Ring of the Snake","Centennial Puzzle","Pear","Shovel","Juzu Bracelet","Ornamental Fan"],"card_choices":[{"not_picked":["Slice","Caltrops"],"picked":"Eviscerate"},{"not_picked":["PiercingWail","Skewer"],"picked":"Dagger Throw"},{"not_picked":["Leg Sweep","PiercingWail"],"picked":"Quick Slash"},{"not_picked":["Heel Hook","Flying Knee"],"picked":"Prepared"},{"not_picked":["PiercingWail","Quick Slash"],"picked":"Slice"},{"not_picked":["Flying Knee","Deadly Poison"],"picked":"Dodge and Roll"},{"not_picked":["Sucker Punch","Deadly Poison"],"picked":"Acrobatics"},{"not_picked":["Prepared","Outmaneuver"],"picked":"Footwork"},{"not_picked":["Distraction","Acrobatics"],"picked":"Dodge and Roll"}],"player_experience":194575,"potions_floor_usage":[14,16],"damage_taken":[{"damage":0,"enemies":"Jaw Worm","floor":1,"turns":6},{"damage":7,"enemies":"Small Slimes","floor":2,"turns":5},{"damage":0,"enemies":"2 Louse","floor":4,"turns":2},{"damage":7,"enemies":"Red Slaver","floor":7,"turns":5},{"damage":2,"enemies":"Blue Slaver","floor":8,"turns":5},{"damage":7,"enemies":"2 Fungi Beasts","floor":10,"turns":4},{"damage":1,"enemies":"Looter","floor":11,"turns":4},{"damage":0,"enemies":"Exordium Wildlife","floor":13,"turns":4},{"damage":9,"enemies":"Large Slime","floor":14,"turns":10},{"damage":50,"enemies":"Hexaghost","floor":16,"turns":16}],"event_choices":[{"event_name":"Scrap Ooze","player_choice":"success","floor":3,"damage_taken":7},{"event_name":"Big Fish","player_choice":"Box","floor":5,"damage_taken":0}],"boss_relics":[],"potions_floor_spawned":[4,7,10],"seed_played":"6119728774892639614","killed_by":"Hexaghost","ascension_level":0,"is_trial":false}