{"gold_per_floor":[114,174,249,48,58,58,84,84,84,84,111,111,123,142,142,241,241,241,141,141,141,141,141,141,141,141,141,25,25,25],"floor_reached":30,"playtime":639,"items_purged":["Strike_B","Strike_B"],"score":246,"play_id":"16ea7bb4-f04f-434f-bca4-24b6b5bb677c","local_time":"20190506152624","is_ascension_mode":false,"campfire_choices":[{"data":"Zap","floor":6.0,"key":"SMITH"},{"data":"Defragment","floor":8,"key":"SMITH"},{"data":"Capacitor","floor":10,"key":"SMITH"},{"floor":12,"key":"REST"},{"data":"Rip and Tear","floor":15,"key":"SMITH"},{"data":"Dualcast","floor":23,"key":"SMITH"},{"floor":25,"key":"REST"},{"floor":27,"key":"REST"}],"neow_cost":"NONE","seed_source_timestamp":281433099524,"circlet_count":0,"master_deck":["Strike_B","Strike_B","Defend_B","Defend_B","Defend_B","Defend_B","Zap+1","Dualcast+1","Streamline","Ball Lightning+1","Defragment+1","Capacitor+1","Ball Lightning+1","Cold Snap","Rip and Tear+1","Thunder Strike","Ball Lightning","Compile Driver+1","Compile Driver","Creative AI","Force Field+1","Self Repair","Steam"],"special_seed":0,"relics":["Philosopher\u0027s Stone","Whetstone","Torii","Omamori","Ectoplasm","Strawberry","Art of War"],"potions_floor_usage":[14,16,24],"damage_taken":[{"damage":0.0,"enemies":"Jaw Worm","floor":1.0,"turns":4.0},{"damage":2.0,"enemies":"2 Louse","floor":5.0,"turns":2.0},{"damage":35.0,"enemies":"3 Sentries","floor":7.0,"turns":6.0},{"damage":0,"enemies":"Cultist","floor":13,"turns":2},{"damage":7,"enemies":"3 Louse","floor":14,"turns":2},{"damage":10,"enemies":"Hexaghost","floor":16,"turns":6},{"damage":11,"enemies":"3 Byrds","floor":18,"turns":4},{"damage":1,"enemies":"Spheric Guardian","floor":20,"turns":3},{"damage":11,"enemies":"Snecko","floor":21,"turns":3},{"damage":3,"enemies":"Cultist and Chosen","floor":22,"turns":4},{"damage":42,"enemies":"Gremlin Leader","floor":24,"turns":6},{"damage":47,"enemies":"Slavers","floor":30,"turns":3}],"seed_played":"6902975024027548938","potions_obtained":[{"floor":7,"key":"FearPotion"},{"floor":14,"key":"Block Potion"},{"floor":22,"key":"Strength Potion"},{"floor":24,"key":"FocusPotion"}],"is_trial":false,"path_per_floor":["M","?","?","$","M","R","E","R","T","R","T","R","M","M","R","B",null,"M","$","M","M","M","R","E","R","T","R","$","?","E"],"character_chosen":"DEFECT","items_purchased":["Ball Lightning","Defragment","Self Repair","Steam"],"campfire_rested":3,"item_purchase_floors":[4,4,28,28],"current_hp_per_floor":[75,75,64,64,62,62,27,27,27,27,27,49,49,42,42,32,75,64,64,63,52,49,49,14,38,38,62,62,46,0],"gold":25,"neow_bonus":"BOSS_RELIC","is_prod":false,"is_daily":false,"chose_seed":false,"campfire_upgraded":5,"win_rate":0,"timestamp":1557177984,"path_taken":["M","?","?","$","M","R","E","R","T","R","?","R","M","M","R","BOSS","M","$","M","M","M","R","E","R","T","R","$","?","E"],"build_version":"2019-01-23","purchased_purges":2,"victory":false,"max_hp_per_floor":[75,75,75,75,75,75,75,75,75,75,75,75,75,75,75,75,75,75,75,75,75,75,75,82,82,82,82,82,87,87],"card_choices":[{"not_picked":["Gash","Barrage"],"picked":"Streamline","floor":1.0},{"not_picked":["Rebound","Turbo"],"picked":"Capacitor","floor":5.0},{"not_picked":["Conserve Battery","Cold Snap"],"picked":"Ball Lightning","floor":7},{"not_picked":["Gash","Compile Driver"],"picked":"Cold Snap","floor":13},{"not_picked":["Aggregate","Hyperbeam"],"picked":"Rip and Tear","floor":14},{"not_picked":["Fission","Biased Cognition"],"picked":"Thunder Strike","floor":16},{"not_picked":["Conserve Battery","Hologram"],"picked":"Ball Lightning","floor":18},{"not_picked":["Double Energy+1","Barrage"],"picked":"Compile Driver+1","floor":20},{"not_picked":["Turbo","Go for the Eyes"],"picked":"Compile Driver","floor":21},{"not_picked":["Compile Driver","Leap"],"picked":"Creative AI","floor":22},{"not_picked":["Force Field+1","Scrape","Rip and Tear"],"picked":"SKIP","floor":24},{"not_picked":["Scrape","Rip and Tear"],"picked":"Force Field+1","floor":24}],"player_experience":1368370,"relics_obtained":[{"floor":7,"key":"Whetstone"},{"floor":9,"key":"Torii"},{"floor":11,"key":"Omamori"},{"floor":24,"key":"Strawberry"},{"floor":26,"key":"Art of War"}],"event_choices":[{"damage_healed":0.0,"max_hp_gain":0.0,"max_hp_loss":0.0,"gold_gain":60.0,"event_name":"Golden Wing","player_choice":"Gained Gold","floor":2.0,"gold_loss":0.0,"damage_taken":0.0},{"damage_healed":0.0,"max_hp_gain":0.0,"max_hp_loss":0.0,"gold_gain":75.0,"event_name":"World of Goop","player_choice":"Gather Gold","floor":3.0,"gold_loss":0.0,"damage_taken":11.0},{"damage_healed":0,"gold_gain":0,"player_choice":"Shed Blood","damage_taken":21,"max_hp_gain":5,"max_hp_loss":0,"event_name":"Forgotten Altar","floor":29,"gold_loss":0}],"is_beta":false,"boss_relics":[{"not_picked":["Tiny House","Snecko Eye"],"picked":"Ectoplasm"}],"items_purged_floors":[4,19],"is_endless":false,"potions_floor_spawned":[7,14,22,24],"killed_by":"Slavers","ascension_level":0}