{"gold_per_floor":[117,135,146,161,11,11,24,24,24,24,34,52,31,31,31,31],"floor_reached":16,"playtime":534,"items_purged":[],"score":146,"play_id":"9ae4acad-12e0-497e-84fe-a15d0115c319","local_time":"20190619014441","is_ascension_mode":true,"campfire_choices":[{"data":"Dagger Spray","floor":6,"key":"SMITH"},{"floor":8,"key":"REST"},{"floor":15,"key":"REST"}],"neow_cost":"TEN_PERCENT_HP_LOSS","seed_source_timestamp":56441496806026,"circlet_count":0,"master_deck":["AscendersBane","Defend_G","Defend_G","Defend_G","Defend_G","Defend_G","Strike_G","Strike_G","Strike_G","Strike_G","Strike_G","Survivor","Neutralize","Grand Finale","Dagger Spray+1","Poisoned Stab","Bane","Acrobatics","Calculated Gamble"],"relics":["Ring of the Snake","Bronze Scales","Kunai"],"potions_floor_usage":[4],"damage_taken":[{"damage":2,"enemies":"2 Louse","floor":1,"turns":4},{"damage":3,"enemies":"Jaw Worm","floor":2,"turns":7},{"damage":7,"enemies":"Small Slimes","floor":3,"turns":3},{"damage":38,"enemies":"Exordium Wildlife","floor":4,"turns":7},{"damage":1,"enemies":"3 Louse","floor":7,"turns":3},{"damage":6,"enemies":"Looter","floor":11,"turns":3},{"damage":1,"enemies":"Blue Slaver","floor":12,"turns":4},{"damage":61,"enemies":"The Guardian","floor":16,"turns":13}],"seed_played":"5506172455309171830","potions_obtained":[{"floor":1,"key":"LiquidBronze"},{"floor":3,"key":"Regen Potion"}],"is_trial":false,"path_per_floor":["M","M","M","M","$","R","M","R","T","?","M","M","?","?","R","B"],"character_chosen":"THE_SILENT","items_purchased":["Bronze Scales"],"campfire_rested":2,"item_purchase_floors":[5],"current_hp_per_floor":[61,58,51,27,27,27,26,44,44,44,38,37,37,37,55,0],"gold":31,"neow_bonus":"THREE_RARE_CARDS","is_prod":false,"is_daily":false,"chose_seed":false,"campfire_upgraded":1,"win_rate":0,"timestamp":1560879881,"path_taken":["M","M","M","M","$","R","M","R","T","?","M","M","?","?","R","BOSS"],"build_version":"2019-01-23","purchased_purges":0,"victory":false,"max_hp_per_floor":[63,63,63,63,63,63,63,63,63,63,63,63,63,63,63,63],"card_choices":[{"not_picked":["Corpse Explosion","Storm of Steel"],"picked":"Grand Finale","floor":0},{"not_picked":["Distraction","Bane","Skewer"],"picked":"SKIP","floor":1},{"not_picked":["Crippling Poison","Dodge and Roll"],"picked":"Dagger Spray","floor":2},{"not_picked":["Sucker Punch","Dagger Throw"],"picked":"Poisoned Stab","floor":3},{"not_picked":["Choke","Heel Hook"],"picked":"Bane","floor":4},{"not_picked":["Malaise","Outmaneuver","Bouncing Flask"],"picked":"SKIP","floor":7},{"not_picked":["Dagger Throw","Bane"],"picked":"Acrobatics","floor":11},{"not_picked":["Poisoned Stab","Predator"],"picked":"Calculated Gamble","floor":12}],"player_experience":541434,"relics_obtained":[{"floor":9,"key":"Kunai"}],"event_choices":[{"damage_healed":0,"gold_gain":0,"player_choice":"Leave","damage_taken":0,"max_hp_gain":0,"max_hp_loss":0,"event_name":"The Cleric","floor":10,"gold_loss":0},{"damage_healed":0,"gold_gain":0,"player_choice":"Left Gold","damage_taken":0,"max_hp_gain":0,"max_hp_loss":0,"event_name":"World of Goop","floor":13,"gold_loss":21},{"damage_healed":0,"gold_gain":0,"player_choice":"Searched \u00270\u0027 times","damage_taken":0,"max_hp_gain":0,"max_hp_loss":0,"event_name":"Dead Adventurer","floor":14,"gold_loss":0}],"is_beta":false,"boss_relics":[],"items_purged_floors":[],"is_endless":false,"potions_floor_spawned":[1,3],"killed_by":"The Guardian","ascension_level":11}