{"gold_per_floor":[115,128,142,152,2,2,30,30,30,30,45,60,137,166,166,268,268,284,297,77,77,89,89,89,100,100,127,127,158,158,190,190,190],"floor_reached":33,"playtime":2542,"items_purged":["Strike_G"],"score":347,"play_id":"88a855ea-75a0-4051-9e6d-588c6a86044a","local_time":"20190401031112","is_ascension_mode":true,"campfire_choices":[{"data":"Envenom","floor":6.0,"key":"SMITH"},{"data":"Poisoned Stab","floor":8.0,"key":"SMITH"},{"floor":10.0,"key":"REST"},{"data":"Corpse Explosion","floor":15.0,"key":"SMITH"},{"data":"Burst","floor":23.0,"key":"SMITH"},{"floor":28.0,"key":"REST"},{"floor":32.0,"key":"REST"}],"neow_cost":"NONE","seed_source_timestamp":52462533955221,"circlet_count":0,"master_deck":["Defend_G","Defend_G","Defend_G","Defend_G","Defend_G","Strike_G","Strike_G","Strike_G","Strike_G","Survivor","Neutralize","Deadly Poison","Escape Plan","Well Laid Plans","Backflip","Envenom+1","Poisoned Stab+1","Backstab","Corpse Explosion+1","Bouncing Flask","Corpse Explosion","Deadly Poison","Poisoned Stab+1","Burst+1","Bouncing Flask","Deadly Poison","Doppelganger","Crippling Poison","Dodge and Roll+1"],"special_seed":0,"relics":["Ring of the Snake","NeowsBlessing","Bird Faced Urn","Singing Bowl","Odd Mushroom","Velvet Choker","NlothsMask","Blue Candle","WingedGreaves","Bag of Marbles"],"potions_floor_usage":[],"damage_taken":[{"damage":0.0,"enemies":"2 Louse","floor":1.0,"turns":1.0},{"damage":0.0,"enemies":"Jaw Worm","floor":2.0,"turns":1.0},{"damage":0.0,"enemies":"Small Slimes","floor":3.0,"turns":1.0},{"damage":15.0,"enemies":"Gremlin Gang","floor":4.0,"turns":7.0},{"damage":27.0,"enemies":"Lagavulin","floor":7.0,"turns":8.0},{"damage":2.0,"enemies":"Looter","floor":11.0,"turns":3.0},{"damage":0.0,"enemies":"Lots of Slimes","floor":12.0,"turns":4.0},{"damage":8.0,"enemies":"The Mushroom Lair","floor":14.0,"turns":3.0},{"damage":28.0,"enemies":"The Guardian","floor":16.0,"turns":7.0},{"damage":2.0,"enemies":"Chosen","floor":18.0,"turns":4.0},{"damage":0.0,"enemies":"Spheric Guardian","floor":19.0,"turns":2.0},{"damage":10.0,"enemies":"Chosen and Byrds","floor":22.0,"turns":3.0},{"damage":10.0,"enemies":"Snake Plant","floor":25.0,"turns":3.0},{"damage":22.0,"enemies":"Slavers","floor":27.0,"turns":2.0},{"damage":36.0,"enemies":"Gremlin Leader","floor":29.0,"turns":6.0},{"damage":33.0,"enemies":"Book of Stabbing","floor":31.0,"turns":6.0},{"damage":45,"enemies":"Collector","floor":33,"turns":5}],"seed_played":"-2194078037231059882","potions_obtained":[{"floor":1.0,"key":"SteroidPotion"},{"floor":12.0,"key":"SkillPotion"},{"floor":16.0,"key":"Poison Potion"},{"floor":18.0,"key":"Strength Potion"},{"floor":22.0,"key":"GamblersBrew"},{"floor":25.0,"key":"GhostInAJar"},{"floor":29.0,"key":"Regen Potion"}],"is_trial":false,"path_per_floor":["M","M","M","M","$","R","E","R","T","R","M","M","?","?","R","B",null,"M","M","$","?","M","R","$","M","T","E","R","E","?","E","R","B"],"character_chosen":"THE_SILENT","items_purchased":["Envenom","Burst"],"campfire_rested":3,"item_purchase_floors":[5,20],"current_hp_per_floor":[70,70,70,55,55,55,28,28,28,49,51,55,55,51,51,27,70,68,68,68,68,60,60,60,54,54,34,55,25,25,11,33,0],"gold":190,"neow_bonus":"THREE_ENEMY_KILL","is_prod":false,"is_daily":false,"chose_seed":false,"campfire_upgraded":4,"win_rate":0,"timestamp":1554102672,"path_taken":["M","M","M","M","$","R","E","R","T","R","M","M","?","?","R","BOSS","M","M","$","?","M","R","$","?","T","E","R","E","?","E","R","BOSS"],"build_version":"2019-01-23","purchased_purges":1,"victory":false,"max_hp_per_floor":[70,70,70,70,70,70,70,70,70,70,70,70,70,70,70,70,70,70,70,70,70,70,70,70,72,72,72,72,74,74,74,74,74],"card_choices":[{"not_picked":["Cloak And Dagger","Dagger Throw"],"picked":"Deadly Poison","floor":1.0},{"not_picked":["Eviscerate","Dagger Spray"],"picked":"Escape Plan","floor":2.0},{"not_picked":["Outmaneuver","Cloak And Dagger"],"picked":"Well Laid Plans","floor":3.0},{"not_picked":["Acrobatics","Blade Dance"],"picked":"Backflip","floor":4.0},{"not_picked":["PiercingWail","Sucker Punch"],"picked":"Poisoned Stab","floor":7.0},{"not_picked":["Deflect","Bane"],"picked":"Backstab","floor":11.0},{"not_picked":["Dagger Throw","Quick Slash"],"picked":"Corpse Explosion","floor":12.0},{"not_picked":["Infinite Blades","Prepared"],"picked":"Bouncing Flask","floor":14.0},{"not_picked":["Unload","Glass Knife"],"picked":"Corpse Explosion","floor":16.0},{"not_picked":["Slice","Poisoned Stab"],"picked":"Deadly Poison","floor":18.0},{"not_picked":["Predator","Slice"],"picked":"Poisoned Stab+1","floor":19.0},{"not_picked":["Sucker Punch","Well Laid Plans"],"picked":"Bouncing Flask","floor":22.0},{"not_picked":["Quick Slash","Flying Knee","Underhanded Strike+1"],"picked":"Singing Bowl","floor":25.0},{"not_picked":["Predator","Terror"],"picked":"Deadly Poison","floor":27.0},{"not_picked":["Sucker Punch","Concentrate","Backstab"],"picked":"Singing Bowl","floor":29.0},{"not_picked":["Leg Sweep+1","Glass Knife"],"picked":"Dodge and Roll+1","floor":31.0}],"player_experience":180742,"relics_obtained":[{"floor":7.0,"key":"Bird Faced Urn"},{"floor":9.0,"key":"Singing Bowl"},{"floor":14.0,"key":"Odd Mushroom"},{"floor":27.0,"key":"Blue Candle"},{"floor":29.0,"key":"WingedGreaves"},{"floor":31.0,"key":"Bag of Marbles"}],"event_choices":[{"damage_healed":0.0,"max_hp_gain":0.0,"max_hp_loss":0.0,"gold_gain":77.0,"event_name":"Golden Wing","player_choice":"Gained Gold","floor":13.0,"gold_loss":0.0,"damage_taken":0.0},{"damage_healed":0.0,"max_hp_gain":0.0,"max_hp_loss":0.0,"gold_gain":0.0,"event_name":"Mushrooms","player_choice":"Fought Mushrooms","floor":14.0,"gold_loss":0.0,"damage_taken":0.0},{"damage_healed":0.0,"max_hp_gain":0.0,"max_hp_loss":0.0,"gold_gain":0.0,"event_name":"FaceTrader","player_choice":"Trade","floor":21.0,"gold_loss":0.0,"damage_taken":0.0,"relics_obtained":["NlothsMask"]},{"damage_healed":0.0,"max_hp_gain":0.0,"max_hp_loss":0.0,"gold_gain":0.0,"event_name":"Match and Keep!","player_choice":"2 cards matched","floor":30.0,"gold_loss":0.0,"damage_taken":0.0,"cards_obtained":["Doppelganger","Crippling Poison"]}],"is_beta":false,"boss_relics":[{"not_picked":["Pandora\u0027s Box","Cursed Key"],"picked":"Velvet Choker"}],"items_purged_floors":[20],"is_endless":false,"potions_floor_spawned":[1,12,16,18,22,25,29],"killed_by":"Collector","ascension_level":1}