{"gold_per_floor":[119,129,142,19,32,32,32,63,132,150,163,197,214,245,245,345,345,355,340,360,137,137,171,181,192,216,216,236,98,124,143,143,244,244,259,120,138,64,80,80],"floor_reached":40,"playtime":2788,"items_purged":["Strike_B","Defend_B"],"score":590,"play_id":"95557057-71f4-4b75-a5ee-e9f5ab35c574","local_time":"20190518080310","is_ascension_mode":true,"campfire_choices":[{"floor":6.0,"key":"REST"},{"floor":15.0,"key":"REST"},{"floor":27.0,"key":"REST"},{"floor":32,"key":"REST"}],"neow_cost":"NONE","seed_source_timestamp":2887850551032,"circlet_count":0,"master_deck":["Defend_B","Defend_B","Defend_B","Zap","Dualcast","Chaos","Defragment","Conserve Battery","Capacitor","Glacier","Undo","Hello World","White Noise","Sunder","Redo","Reboot","FTL","Steam Power","Barrage+1","Buffer","White Noise","Defragment","Reinforced Body","Capacitor","Double Energy","Tempest+1","Go for the Eyes","Seek","Storm","Barrage+1","Defragment"],"special_seed":0,"relics":["Fusion Hammer","Torii","Meat on the Bone","Bag of Preparation","Cables","Runic Pyramid","Art of War","Ginger","Happy Flower","Orichalcum","Empty Cage"],"potions_floor_usage":[30],"damage_taken":[{"damage":1.0,"enemies":"Cultist","floor":1.0,"turns":4.0},{"damage":4.0,"enemies":"Small Slimes","floor":2.0,"turns":4.0},{"damage":5.0,"enemies":"Jaw Worm","floor":3.0,"turns":5.0},{"damage":14.0,"enemies":"3 Louse","floor":5.0,"turns":5.0},{"damage":13.0,"enemies":"3 Sentries","floor":8.0,"turns":8.0},{"damage":0.0,"enemies":"Large Slime","floor":10.0,"turns":8.0},{"damage":1.0,"enemies":"Red Slaver","floor":11.0,"turns":6.0},{"damage":19.0,"enemies":"Gremlin Nob","floor":12.0,"turns":4.0},{"damage":1.0,"enemies":"Blue Slaver","floor":13.0,"turns":4.0},{"damage":7.0,"enemies":"Lagavulin","floor":14.0,"turns":7.0},{"damage":7.0,"enemies":"Slime Boss","floor":16.0,"turns":7.0},{"damage":24.0,"enemies":"3 Byrds","floor":18.0,"turns":5.0},{"damage":2.0,"enemies":"2 Thieves","floor":19.0,"turns":4.0},{"damage":20.0,"enemies":"3 Cultists","floor":20.0,"turns":8.0},{"damage":27.0,"enemies":"Gremlin Leader","floor":23.0,"turns":9.0},{"damage":6.0,"enemies":"Chosen and Byrds","floor":24.0,"turns":6.0},{"damage":0.0,"enemies":"Cultist and Chosen","floor":25.0,"turns":7.0},{"damage":1.0,"enemies":"Snake Plant","floor":28.0,"turns":5.0},{"damage":1,"enemies":"Slavers","floor":30,"turns":9},{"damage":18,"enemies":"Centurion and Healer","floor":31,"turns":9},{"damage":7,"enemies":"Champ","floor":33,"turns":8},{"damage":0,"enemies":"Orb Walker","floor":35,"turns":4},{"damage":1,"enemies":"3 Shapes","floor":37,"turns":4},{"damage":11,"enemies":"Sphere and 2 Shapes","floor":39,"turns":4},{"damage":73,"enemies":"Reptomancer","floor":40,"turns":2}],"seed_played":"6353650080824279663","potions_obtained":[{"floor":3.0,"key":"SkillPotion"},{"floor":5.0,"key":"FocusPotion"},{"floor":8.0,"key":"Poison Potion"},{"floor":10.0,"key":"SteroidPotion"},{"floor":14.0,"key":"Weak Potion"},{"floor":18.0,"key":"Poison Potion"},{"floor":23.0,"key":"Weak Potion"},{"floor":25.0,"key":"Energy Potion"},{"floor":28.0,"key":"SpeedPotion"},{"floor":33,"key":"SteroidPotion"},{"floor":39,"key":"Poison Potion"}],"is_trial":false,"path_per_floor":["M","M","M","$","M","R","$","E","T","M","M","E","M","E","R","B",null,"M","M","M","$","?","E","M","M","T","R","M","$","E","M","R","B",null,"M","$","M","$","M","E"],"character_chosen":"DEFECT","items_purchased":["Capacitor","Energy Potion","Art of War","Capacitor","Double Energy","Storm","Defragment"],"campfire_rested":4,"item_purchase_floors":[4,4,21,29,29,36,38],"current_hp_per_floor":[67,63,58,58,44,66,66,53,53,53,52,45,44,49,71,64,72,48,46,38,38,38,23,29,41,41,63,62,62,61,43,65,58,71,71,71,70,70,59,0],"gold":80,"neow_bonus":"BOSS_RELIC","is_prod":false,"is_daily":false,"chose_seed":false,"campfire_upgraded":0,"win_rate":0,"timestamp":1558180990,"path_taken":["M","?","M","$","M","R","$","E","T","M","?","E","M","E","R","BOSS","M","M","?","$","?","E","M","M","T","R","M","$","E","M","R","BOSS","M","$","M","$","M","E"],"build_version":"2019-01-23","purchased_purges":2,"victory":false,"max_hp_per_floor":[75,75,75,75,75,75,75,75,75,75,75,75,75,75,75,75,75,75,75,75,75,75,75,75,75,75,75,75,75,75,75,75,75,75,75,75,75,75,75,75],"card_choices":[{"not_picked":["Rebound","Sweeping Beam"],"picked":"Chaos","floor":1.0},{"not_picked":["Double Energy","BootSequence"],"picked":"Defragment","floor":2.0},{"not_picked":["Compile Driver","Beam Cell"],"picked":"Conserve Battery","floor":3.0},{"not_picked":["Barrage","Go for the Eyes"],"picked":"Glacier","floor":5.0},{"not_picked":["Chill","Steam Power"],"picked":"Undo","floor":8.0},{"not_picked":["Steam","Coolheaded"],"picked":"Hello World","floor":10.0},{"not_picked":["Leap","Hyperbeam"],"picked":"White Noise","floor":11.0},{"not_picked":["Loop","Darkness"],"picked":"Sunder","floor":12.0},{"not_picked":["Barrage","Streamline","Beam Cell"],"picked":"SKIP","floor":13.0},{"not_picked":["Melter","Aggregate"],"picked":"Redo","floor":14.0},{"not_picked":["Core Surge","Thunder Strike"],"picked":"Reboot","floor":16.0},{"not_picked":["Conserve Battery","Hello World+1"],"picked":"FTL","floor":18.0},{"not_picked":["Leap+1","Sweeping Beam"],"picked":"Steam Power","floor":19.0},{"not_picked":["Hologram+1","Steam"],"picked":"Barrage+1","floor":20.0},{"not_picked":["Auto Shields","Coolheaded"],"picked":"Buffer","floor":23.0},{"not_picked":["Coolheaded","Skim"],"picked":"White Noise","floor":24.0},{"not_picked":["Darkness","Conserve Battery+1"],"picked":"Defragment","floor":25.0},{"not_picked":["Double Energy","Chaos+1"],"picked":"Reinforced Body","floor":28.0},{"not_picked":["Capacitor","Beam Cell"],"picked":"Tempest+1","floor":30},{"not_picked":["Rebound","Streamline"],"picked":"Go for the Eyes","floor":31},{"not_picked":["Buffer","Reboot"],"picked":"Seek","floor":33},{"not_picked":["Gash+1","Skim+1","Coolheaded+1"],"picked":"SKIP","floor":35},{"not_picked":["Redo","Stack+1"],"picked":"Barrage+1","floor":37},{"not_picked":["Rebound","Compile Driver+1","Genetic Algorithm"],"picked":"SKIP","floor":39}],"player_experience":274122,"relics_obtained":[{"floor":8.0,"key":"Torii"},{"floor":9.0,"key":"Meat on the Bone"},{"floor":12.0,"key":"Bag of Preparation"},{"floor":14.0,"key":"Cables"},{"floor":23.0,"key":"Ginger"},{"floor":26.0,"key":"Happy Flower"},{"floor":30,"key":"Orichalcum"}],"event_choices":[{"cards_removed":["Strike_B"],"damage_healed":0.0,"max_hp_gain":0.0,"max_hp_loss":0.0,"gold_gain":0.0,"event_name":"Back to Basics","player_choice":"Elegance","floor":22.0,"gold_loss":0.0,"damage_taken":0.0}],"is_beta":false,"boss_relics":[{"not_picked":["Philosopher\u0027s Stone","Snecko Eye"],"picked":"Runic Pyramid"},{"not_picked":["Eternal Feather","Busted Crown"],"picked":"Empty Cage"}],"items_purged_floors":[21,36],"is_endless":false,"potions_floor_spawned":[3,5,8,10,14,18,23,25,28,33,39],"killed_by":"Reptomancer","ascension_level":6}