{"gold_per_floor":[20,32,46,63,63,63,96,96,166,166,187,187,201,241,241,362,362,381,53,78,102,202,242,260,260,260,285,285,304,342,358,358,486,486,504,135,135,135,158,177,177],"floor_reached":41,"playtime":2956,"items_purged":["Strike_R"],"score":662,"play_id":"0cc4172e-01aa-442c-98d4-07fe3d0e542f","local_time":"20190527021905","is_ascension_mode":true,"campfire_choices":[{"data":"Inflame","floor":6.0,"key":"SMITH"},{"data":"Heavy Blade","floor":8.0,"key":"SMITH"},{"floor":10.0,"key":"DIG"},{"floor":12.0,"key":"DIG"},{"data":"Seeing Red","floor":15.0,"key":"SMITH"},{"data":"Infernal Blade","floor":25.0,"key":"SMITH"},{"floor":28.0,"key":"REST"},{"floor":32.0,"key":"REST"}],"neow_cost":"NO_GOLD","seed_source_timestamp":35057362328781,"circlet_count":0,"master_deck":["Strike_R","Defend_R","Defend_R","Defend_R","Bash","Inflame+1","Demon Form","Pommel Strike","Heavy Blade+1","Anger","Spot Weakness","Burning Pact","Heavy Blade","Seeing Red+1","Double Tap","Infernal Blade","Disarm","Thunderclap","Headbutt","Heavy Blade","Infernal Blade+1","Shockwave","Heavy Blade","Headbutt","Feed","Spot Weakness","Metallicize+1","Madness","Madness","Bloodletting+1"],"special_seed":0,"relics":["Burning Blood","Golden Idol","Shovel","Meat on the Bone","Bronze Scales","Strawberry","Orichalcum","Empty Cage","Gremlin Horn","Bird Faced Urn","Frozen Egg 2","Shuriken","Coffee Dripper","PreservedInsect"],"potions_floor_usage":[],"damage_taken":[{"damage":16.0,"enemies":"Small Slimes","floor":1.0,"turns":5.0},{"damage":6.0,"enemies":"Cultist","floor":2.0,"turns":3.0},{"damage":4.0,"enemies":"2 Louse","floor":3.0,"turns":3.0},{"damage":17.0,"enemies":"Lots of Slimes","floor":4.0,"turns":5.0},{"damage":15.0,"enemies":"3 Sentries","floor":7.0,"turns":5.0},{"damage":13.0,"enemies":"Red Slaver","floor":11.0,"turns":3.0},{"damage":11.0,"enemies":"Looter","floor":13.0,"turns":2.0},{"damage":10.0,"enemies":"Gremlin Nob","floor":14.0,"turns":3.0},{"damage":37.0,"enemies":"The Guardian","floor":16.0,"turns":8.0},{"damage":6.0,"enemies":"Spheric Guardian","floor":18.0,"turns":3.0},{"damage":14.0,"enemies":"2 Thieves","floor":20.0,"turns":4.0},{"damage":8.0,"enemies":"3 Cultists","floor":21.0,"turns":4.0},{"damage":59.0,"enemies":"Book of Stabbing","floor":23.0,"turns":5.0},{"damage":17.0,"enemies":"Shelled Parasite and Fungi","floor":24.0,"turns":3.0},{"damage":21.0,"enemies":"Sentry and Sphere","floor":27.0,"turns":4.0},{"damage":14.0,"enemies":"Snecko","floor":29.0,"turns":4.0},{"damage":40.0,"enemies":"Slavers","floor":30.0,"turns":5.0},{"damage":11.0,"enemies":"3 Cultists","floor":31.0,"turns":4.0},{"damage":42.0,"enemies":"Collector","floor":33.0,"turns":6.0},{"damage":11.0,"enemies":"Orb Walker","floor":35.0,"turns":2.0},{"damage":50.0,"enemies":"3 Darklings","floor":39.0,"turns":4.0},{"damage":38.0,"enemies":"Maw","floor":40.0,"turns":8.0},{"damage":65,"enemies":"Nemesis","floor":41,"turns":4}],"seed_played":"-1090055412947530122","potions_obtained":[{"floor":1.0,"key":"SkillPotion"},{"floor":7.0,"key":"PowerPotion"},{"floor":18.0,"key":"PowerPotion"},{"floor":20.0,"key":"Ancient Potion"},{"floor":29.0,"key":"Fire Potion"},{"floor":31.0,"key":"Fire Potion"},{"floor":33.0,"key":"Weak Potion"},{"floor":35.0,"key":"Regen Potion"},{"floor":40.0,"key":"FearPotion"}],"is_trial":false,"path_per_floor":["M","M","M","M","?","R","E","R","T","R","M","R","M","E","R","B",null,"M","$","M","M","?","E","M","R","T","M","R","M","E","M","R","B",null,"M","$","?","?","M","M","E"],"character_chosen":"IRONCLAD","items_purchased":["Gremlin Horn","Disarm","PreservedInsect","Regen Potion","Metallicize+1"],"campfire_rested":2,"item_purchase_floors":[19,19,36,36,36],"current_hp_per_floor":[62,62,64,53,53,53,44,44,44,44,49,56,51,59,59,40,75,75,75,67,65,65,24,29,29,29,30,56,50,30,37,63,43,76,73,73,62,62,46,50,0],"gold":177,"neow_bonus":"TRANSFORM_TWO_CARDS","is_prod":false,"is_daily":false,"chose_seed":false,"campfire_upgraded":4,"win_rate":0,"timestamp":1558937945,"path_taken":["M","M","M","M","?","R","E","R","T","R","M","R","M","E","R","BOSS","M","$","M","M","?","E","M","R","T","M","R","M","E","M","R","BOSS","M","$","?","?","M","M","E"],"build_version":"2019-01-23","purchased_purges":1,"victory":false,"max_hp_per_floor":[80,80,80,80,80,80,80,80,80,80,80,87,87,87,87,87,87,87,87,87,87,87,87,87,87,87,87,87,87,87,87,87,87,87,87,87,87,87,87,90,90],"card_choices":[{"not_picked":["Armaments","Perfected Strike"],"picked":"Pommel Strike","floor":1.0},{"not_picked":["Wild Strike","Anger","Twin Strike"],"picked":"SKIP","floor":2.0},{"not_picked":["Havoc","Pummel"],"picked":"Heavy Blade","floor":3.0},{"not_picked":["Wild Strike","Rupture"],"picked":"Anger","floor":4.0},{"not_picked":["Demon Form","Battle Trance"],"picked":"Spot Weakness","floor":7.0},{"not_picked":["Sever Soul","Perfected Strike"],"picked":"Burning Pact","floor":11.0},{"not_picked":["Wild Strike","Pommel Strike"],"picked":"Heavy Blade","floor":13.0},{"not_picked":["Flex","Heavy Blade"],"picked":"Seeing Red","floor":14.0},{"not_picked":["Dark Embrace","Brutality"],"picked":"Double Tap","floor":16.0},{"not_picked":["Burning Pact","Pommel Strike"],"picked":"Infernal Blade","floor":18.0},{"not_picked":["Iron Wave","Body Slam+1"],"picked":"Thunderclap","floor":20.0},{"not_picked":["True Grit","Anger+1"],"picked":"Headbutt","floor":21.0},{"not_picked":["Wild Strike","Iron Wave"],"picked":"Heavy Blade","floor":23.0},{"not_picked":["Rage","Reckless Charge"],"picked":"Infernal Blade","floor":24.0},{"not_picked":["Wild Strike","Offering"],"picked":"Shockwave","floor":27.0},{"not_picked":["Twin Strike","Rupture+1","Clash"],"picked":"SKIP","floor":29.0},{"not_picked":["Uppercut","Pommel Strike+1"],"picked":"Heavy Blade","floor":30.0},{"not_picked":["Rage","Thunderclap+1"],"picked":"Headbutt","floor":31.0},{"not_picked":["Bludgeon","Dark Embrace+1"],"picked":"Feed","floor":33.0},{"not_picked":["Rupture+1","Disarm"],"picked":"Spot Weakness","floor":35.0},{"not_picked":["Rampage","Flex+1"],"picked":"Bloodletting+1","floor":39.0},{"not_picked":["Hemokinesis+1","Iron Wave+1","Power Through"],"picked":"SKIP","floor":40.0}],"player_experience":289979,"relics_obtained":[{"floor":7.0,"key":"Shovel"},{"floor":9.0,"key":"Meat on the Bone"},{"floor":10.0,"key":"Bronze Scales"},{"floor":12.0,"key":"Strawberry"},{"floor":14.0,"key":"Orichalcum"},{"floor":23.0,"key":"Bird Faced Urn"},{"floor":26.0,"key":"Frozen Egg 2"},{"floor":30.0,"key":"Shuriken"}],"event_choices":[{"damage_healed":0.0,"max_hp_gain":0.0,"max_hp_loss":0.0,"gold_gain":0.0,"event_name":"Golden Idol","player_choice":"Take Wound","floor":5.0,"gold_loss":0.0,"damage_taken":0.0,"relics_obtained":["Golden Idol"],"cards_obtained":["Injury"]},{"damage_healed":0.0,"max_hp_gain":0.0,"max_hp_loss":0.0,"gold_gain":100.0,"event_name":"Golden Shrine","player_choice":"Pray","floor":22.0,"gold_loss":0.0,"damage_taken":0.0},{"damage_healed":0.0,"max_hp_gain":0.0,"max_hp_loss":0.0,"gold_gain":0.0,"event_name":"Winding Halls","player_choice":"Embrace Madness","floor":37.0,"gold_loss":0.0,"damage_taken":11.0,"cards_obtained":["Madness","Madness"]},{"cards_removed":["Defend_R"],"damage_healed":0.0,"max_hp_gain":0.0,"max_hp_loss":0.0,"gold_gain":0.0,"event_name":"Falling","player_choice":"Removed Skill","floor":38.0,"gold_loss":0.0,"damage_taken":0.0}],"is_beta":false,"boss_relics":[{"not_picked":["Cursed Key","Pandora\u0027s Box"],"picked":"Empty Cage"},{"not_picked":["Tiny House","Black Star"],"picked":"Coffee Dripper"}],"items_purged_floors":[36],"is_endless":false,"potions_floor_spawned":[1,7,18,20,29,31,33,35,40],"killed_by":"Nemesis","ascension_level":7}