{"gold_per_floor":[213,138,156,156,331,331,35,35,60,60,78,78,93,110,110,212,212,224,99,114,214,214,214,230,230,230,230,230,245,262,112,112,217,217,227,227,227,52,65,65,0,0,26,26,36,36,36,52,52,52],"floor_reached":51,"playtime":1293,"items_purged":["Defend_R","Doubt","Strike_R","Strike_R","Strike_R"],"score":658,"play_id":"ef31b8e6-f2d3-4e69-a944-d07399c77a59","local_time":"20190520064547","is_ascension_mode":false,"campfire_choices":[{"data":"Bash","floor":6.0,"key":"SMITH"},{"data":"Uppercut","floor":8.0,"key":"SMITH"},{"data":"Heavy Blade","floor":10.0,"key":"SMITH"},{"data":"Shrug It Off","floor":12.0,"key":"SMITH"},{"data":"Flex","floor":15.0,"key":"SMITH"},{"floor":23.0,"key":"REST"},{"floor":32.0,"key":"REST"},{"floor":40,"key":"RECALL"}],"neow_cost":"NONE","seed_source_timestamp":49629553107475,"circlet_count":0,"master_deck":["Strike_R","Strike_R","Defend_R","Defend_R","Defend_R","Bash+1","Battle Trance","Heavy Blade+1","Uppercut+1","Shrug It Off+1","Twin Strike","Flex+1","Body Slam+1","Power Through+1","Immolate","Inflame","Metallicize+1","Juggernaut","Flex","Panacea","Secret Technique","Magnetism","Uppercut+1","Shockwave+1"],"special_seed":0,"relics":["Burning Blood","Dream Catcher","Tiny Chest","Strawberry","Fusion Hammer","Unceasing Top","Blue Candle","Omamori","Coffee Dripper","Red Mask","Oddly Smooth Stone","Bottled Flame","Centennial Puzzle"],"potions_floor_usage":[39,50],"damage_taken":[{"damage":1.0,"enemies":"Cultist","floor":1.0,"turns":3.0},{"damage":2.0,"enemies":"Small Slimes","floor":3.0,"turns":3.0},{"damage":3.0,"enemies":"Jaw Worm","floor":11.0,"turns":3.0},{"damage":9.0,"enemies":"Blue Slaver","floor":13.0,"turns":3.0},{"damage":0.0,"enemies":"Gremlin Gang","floor":14.0,"turns":3.0},{"damage":29.0,"enemies":"Slime Boss","floor":16.0,"turns":9.0},{"damage":0.0,"enemies":"Chosen","floor":18.0,"turns":3.0},{"damage":4.0,"enemies":"Shell Parasite","floor":20.0,"turns":4.0},{"damage":9.0,"enemies":"Colosseum Slavers","floor":21.0,"turns":4.0},{"damage":2.0,"enemies":"Colosseum Nobs","floor":21.0,"turns":4.0},{"damage":0.0,"enemies":"Snake Plant","floor":24.0,"turns":3.0},{"damage":0.0,"enemies":"Shelled Parasite and Fungi","floor":29.0,"turns":4.0},{"damage":0.0,"enemies":"Snecko","floor":30.0,"turns":2.0},{"damage":69.0,"enemies":"Automaton","floor":33.0,"turns":10.0},{"damage":10,"enemies":"Orb Walker","floor":35,"turns":2},{"damage":11,"enemies":"3 Darklings","floor":39,"turns":6},{"damage":6,"enemies":"4 Shapes","floor":45,"turns":4},{"damage":16,"enemies":"Jaw Worm Horde","floor":48,"turns":3},{"damage":34,"enemies":"Time Eater","floor":50,"turns":10}],"seed_played":"5466211963644068727","potions_obtained":[{"floor":11.0,"key":"Explosive Potion"},{"floor":13.0,"key":"Block Potion"},{"floor":16.0,"key":"Poison Potion"},{"floor":18.0,"key":"Energy Potion"},{"floor":20.0,"key":"FearPotion"},{"floor":21.0,"key":"SneckoOil"},{"floor":22.0,"key":"Strength Potion"},{"floor":22.0,"key":"EssenceOfSteel"},{"floor":29.0,"key":"SpeedPotion"},{"floor":35,"key":"Explosive Potion"},{"floor":39,"key":"EssenceOfSteel"}],"is_trial":false,"path_per_floor":["M","$","M","?","?","R","$","R","T","R","M","R","M","M","R","B",null,"M","$","M","?","?","R","M","?","T","?","?","M","M","$","R","B",null,"M","$","?","$","M","R","?","R","T","T","M","R","?","M","R","B",null],"character_chosen":"IRONCLAD","items_purchased":["Uppercut","Tiny Chest"],"campfire_rested":2,"item_purchase_floors":[7,7],"current_hp_per_floor":[80,80,80,77,77,77,77,77,84,84,87,87,84,87,87,64,87,87,87,87,87,87,87,87,87,87,70,70,76,82,82,92,29,92,88,88,78,78,73,73,73,73,73,73,73,73,73,63,63,35],"gold":52,"neow_bonus":"HUNDRED_GOLD","is_prod":false,"is_daily":false,"chose_seed":false,"campfire_upgraded":5,"win_rate":0,"timestamp":1558356347,"path_taken":["M","$","?","?","?","R","$","R","T","R","M","R","M","M","R","BOSS","M","$","M","?","?","R","?","?","T","?","?","?","M","$","R","BOSS","BOSS","M","$","?","$","M","R","?","R","T","?","M","R","?","?","R","BOSS"],"build_version":"2019-01-23","purchased_purges":5,"victory":true,"max_hp_per_floor":[80,80,80,80,80,80,80,80,87,87,87,87,87,87,87,87,87,87,87,87,87,87,87,87,87,87,92,92,92,92,92,92,92,92,92,92,92,92,92,92,92,92,92,92,92,92,92,92,92,92],"card_choices":[{"not_picked":["Havoc","Anger"],"picked":"Battle Trance","floor":1.0},{"not_picked":["Clothesline","Body Slam"],"picked":"Heavy Blade","floor":3.0},{"not_picked":["Wild Strike","Anger"],"picked":"Shrug It Off","floor":11.0},{"not_picked":["Cleave","Entrench"],"picked":"Twin Strike","floor":13.0},{"not_picked":["Juggernaut","Iron Wave"],"picked":"Flex","floor":14.0},{"not_picked":["Iron Wave","Perfected Strike+1","Battle Trance"],"picked":"SKIP","floor":18.0},{"not_picked":["Infernal Blade","Warcry"],"picked":"Body Slam+1","floor":20.0},{"not_picked":["Flame Barrier","Reaper"],"picked":"Power Through+1","floor":21.0},{"not_picked":["Rampage+1","Shockwave"],"picked":"Immolate","floor":24.0},{"not_picked":["Clothesline+1","Thunderclap"],"picked":"Inflame","floor":29.0},{"not_picked":["Twin Strike","Armaments","Searing Blow"],"picked":"SKIP","floor":30.0},{"not_picked":["Headbutt","Cleave"],"picked":"Metallicize+1","floor":32.0},{"not_picked":["Feed","Double Tap"],"picked":"Juggernaut","floor":33.0},{"not_picked":["Body Slam","Pommel Strike"],"picked":"Flex","floor":35},{"not_picked":["Mayhem","Deep Breath"],"picked":"Panacea","floor":37},{"not_picked":["PanicButton","Impatience"],"picked":"Secret Technique","floor":37},{"not_picked":["Madness","Jack Of All Trades"],"picked":"Magnetism","floor":37},{"not_picked":["Rampage","Cleave+1"],"picked":"Uppercut+1","floor":39},{"not_picked":["Clash","Sword Boomerang"],"picked":"Shockwave+1","floor":45},{"not_picked":["Rupture+1","Twin Strike","Seeing Red"],"picked":"SKIP","floor":48}],"player_experience":1453472,"relics_obtained":[{"floor":9.0,"key":"Strawberry"},{"floor":21.0,"key":"Unceasing Top"},{"floor":21.0,"key":"Blue Candle"},{"floor":26.0,"key":"Omamori"},{"floor":43,"key":"Oddly Smooth Stone"},{"floor":44,"key":"Bottled Flame"}],"event_choices":[{"damage_healed":0.0,"max_hp_gain":0.0,"max_hp_loss":0.0,"gold_gain":0.0,"event_name":"Scrap Ooze","player_choice":"Success","floor":4.0,"gold_loss":0.0,"damage_taken":3.0,"relics_obtained":["Dream Catcher"]},{"damage_healed":0.0,"max_hp_gain":0.0,"max_hp_loss":0.0,"gold_gain":175.0,"event_name":"Liars Game","player_choice":"AGREE","floor":5.0,"gold_loss":0.0,"damage_taken":0.0,"cards_obtained":["Doubt"]},{"damage_healed":0.0,"max_hp_gain":0.0,"max_hp_loss":0.0,"gold_gain":0.0,"event_name":"Colosseum","player_choice":"Fight","floor":21.0,"gold_loss":0.0,"damage_taken":0.0},{"damage_healed":0.0,"max_hp_gain":0.0,"max_hp_loss":0.0,"gold_gain":0.0,"event_name":"Colosseum","player_choice":"Fought Nobs","floor":21.0,"gold_loss":0.0,"damage_taken":0.0},{"damage_healed":0.0,"max_hp_gain":0.0,"max_hp_loss":0.0,"gold_gain":0.0,"event_name":"Lab","player_choice":"Got Potions","floor":22.0,"gold_loss":0.0,"damage_taken":0.0},{"damage_healed":0.0,"max_hp_gain":0.0,"max_hp_loss":0.0,"gold_gain":0.0,"event_name":"Ghosts","player_choice":"Ignored","floor":25.0,"gold_loss":0.0,"damage_taken":0.0},{"damage_healed":0.0,"max_hp_gain":5.0,"max_hp_loss":0.0,"gold_gain":0.0,"event_name":"Forgotten Altar","player_choice":"Shed Blood","floor":27.0,"gold_loss":0.0,"damage_taken":22.0},{"damage_healed":0.0,"max_hp_gain":0.0,"max_hp_loss":0.0,"gold_gain":0.0,"event_name":"Vampires","player_choice":"Ignored","floor":28.0,"gold_loss":0.0,"damage_taken":0.0},{"damage_healed":0,"gold_gain":0,"player_choice":"Memory 3","damage_taken":10,"max_hp_gain":0,"max_hp_loss":0,"event_name":"SensoryStone","floor":37,"gold_loss":0},{"damage_healed":0,"gold_gain":0,"player_choice":"Paid","damage_taken":0,"relics_obtained":["Red Mask"],"max_hp_gain":0,"max_hp_loss":0,"event_name":"Tomb of Lord Red Mask","floor":41,"gold_loss":65},{"damage_healed":0,"gold_gain":0,"player_choice":"Gave Potion","damage_taken":0,"relics_obtained":["Centennial Puzzle"],"max_hp_gain":0,"max_hp_loss":0,"event_name":"WeMeetAgain","floor":47,"gold_loss":0}],"is_beta":false,"boss_relics":[{"not_picked":["Snecko Eye","Ectoplasm"],"picked":"Fusion Hammer"},{"not_picked":["Orrery","Runic Pyramid"],"picked":"Coffee Dripper"}],"items_purged_floors":[2,7,19,31,38],"is_endless":false,"potions_floor_spawned":[11,13,16,18,20,21,29,35,39],"ascension_level":0}