{"gold_per_floor":[219,233,233,1,1,41,41,62,62,62,80,98,121,11,11,141,141,162,162,162,175,196,196,234,234,234,234],"floor_reached":27,"playtime":756,"items_purged":["Injury","Strike_R"],"score":373,"play_id":"98af3bbb-5fa4-4c5a-a943-cec9d35ce6f0","local_time":"20190618203055","is_ascension_mode":true,"campfire_choices":[{"floor":7,"key":"REST"},{"data":"Sword Boomerang","floor":10,"key":"SMITH"},{"data":"Spot Weakness","floor":15,"key":"SMITH"},{"data":"Inflame","floor":23,"key":"SMITH"},{"data":"Rage","floor":25,"key":"SMITH"}],"neow_cost":"NONE","seed_source_timestamp":0,"circlet_count":0,"master_deck":["AscendersBane","Bash","Sword Boomerang+1","Spot Weakness+1","Sword Boomerang","Carnage","Feed","Dual Wield","Flex","Cleave","Iron Wave","Seeing Red","Reaper","Flame Barrier+1","Inflame+1","Iron Wave","Inflame+1","Rage+1"],"special_seed":0,"relics":["Burning Blood","Golden Idol","Membership Card","Smiling Mask","Letter Opener","Pandora\u0027s Box","GremlinMask","Shovel","Dodecahedron"],"potions_floor_usage":[8,16,16,22,24,24],"damage_taken":[{"damage":6.0,"enemies":"Cultist","floor":1.0,"turns":4.0},{"damage":8.0,"enemies":"Jaw Worm","floor":2.0,"turns":4.0},{"damage":67,"enemies":"Lagavulin","floor":6,"turns":7},{"damage":0,"enemies":"2 Louse","floor":8,"turns":1},{"damage":9,"enemies":"Exordium Wildlife","floor":11,"turns":4},{"damage":1,"enemies":"2 Fungi Beasts","floor":12,"turns":3},{"damage":6,"enemies":"Looter","floor":13,"turns":2},{"damage":29,"enemies":"The Guardian","floor":16,"turns":8},{"damage":14,"enemies":"Shell Parasite","floor":18,"turns":2},{"damage":0,"enemies":"3 Byrds","floor":21,"turns":2},{"damage":11,"enemies":"Centurion and Healer","floor":22,"turns":4},{"damage":73,"enemies":"Slavers","floor":24,"turns":4},{"damage":55,"enemies":"Shelled Parasite and Fungi","floor":27,"turns":4}],"seed_played":"4043165032997712636","potions_obtained":[{"floor":6,"key":"Explosive Potion"},{"floor":8,"key":"GamblersBrew"},{"floor":13,"key":"BloodPotion"},{"floor":16,"key":"Energy Potion"},{"floor":18,"key":"Weak Potion"},{"floor":22,"key":"LiquidBronze"}],"is_trial":false,"path_per_floor":["M","M","?","$","?","E","R","M","T","R","M","M","M","$","R","B",null,"M","?","?","M","M","R","E","R","T","M"],"character_chosen":"IRONCLAD","items_purchased":["Membership Card","Carnage","Dexterity Potion"],"campfire_rested":1,"item_purchase_floors":[4,14,14],"current_hp_per_floor":[72,70,70,70,70,9,33,39,39,39,36,41,41,41,41,26,67,59,59,59,65,76,76,39,39,39,0],"gold":234,"neow_bonus":"HUNDRED_GOLD","is_prod":false,"is_daily":false,"chose_seed":false,"campfire_upgraded":4,"win_rate":0,"timestamp":1560861055,"path_taken":["M","?","?","$","?","E","R","M","T","R","M","M","M","?","R","BOSS","M","?","?","M","M","R","E","R","T","M"],"build_version":"2019-01-23","purchased_purges":2,"victory":false,"max_hp_per_floor":[80,80,80,80,80,80,80,80,80,80,80,80,80,80,80,80,80,80,80,80,80,83,83,83,83,83,83],"card_choices":[{"not_picked":["Body Slam","Anger"],"picked":"Sword Boomerang","floor":1.0},{"not_picked":["Reckless Charge","Pummel","Intimidate"],"picked":"SKIP","floor":2.0},{"not_picked":["Armaments","Havoc"],"picked":"Spot Weakness","floor":6},{"not_picked":["Thunderclap","Headbutt","Hemokinesis"],"picked":"SKIP","floor":8},{"not_picked":["Blood for Blood","Hemokinesis"],"picked":"Sword Boomerang","floor":11},{"not_picked":["Anger","Armaments","Heavy Blade"],"picked":"SKIP","floor":12},{"not_picked":["Armaments","Sentinel","Reckless Charge"],"picked":"SKIP","floor":13},{"not_picked":["Fiend Fire","Brutality"],"picked":"Feed","floor":16},{"not_picked":["Entrench","Ghostly Armor"],"picked":"Flame Barrier+1","floor":18},{"not_picked":["Feel No Pain","Thunderclap"],"picked":"Inflame+1","floor":21},{"not_picked":["Entrench","Iron Wave","Clash+1"],"picked":"SKIP","floor":22},{"not_picked":["Thunderclap","Fire Breathing"],"picked":"Rage","floor":24}],"player_experience":533403,"relics_obtained":[{"floor":6,"key":"Smiling Mask"},{"floor":9,"key":"Letter Opener"},{"floor":24,"key":"Shovel"},{"floor":26,"key":"Dodecahedron"}],"event_choices":[{"damage_healed":0.0,"max_hp_gain":0.0,"max_hp_loss":0.0,"gold_gain":0.0,"event_name":"Golden Idol","player_choice":"Take Wound","floor":3.0,"gold_loss":0.0,"damage_taken":0.0,"relics_obtained":["Golden Idol"],"cards_obtained":["Injury"]},{"damage_healed":0,"gold_gain":0,"player_choice":"Leave","damage_taken":0,"max_hp_gain":0,"max_hp_loss":0,"event_name":"The Cleric","floor":5,"gold_loss":0},{"damage_healed":0,"gold_gain":0,"cards_transformed":["Hemokinesis","Reckless Charge"],"player_choice":"Became Test Subject","damage_taken":0,"max_hp_gain":0,"max_hp_loss":0,"event_name":"Drug Dealer","floor":19,"gold_loss":0,"cards_obtained":["Inflame","Iron Wave"]},{"damage_healed":0,"gold_gain":0,"player_choice":"Trade","damage_taken":0,"relics_obtained":["GremlinMask"],"max_hp_gain":0,"max_hp_loss":0,"event_name":"FaceTrader","floor":20,"gold_loss":0}],"is_beta":false,"boss_relics":[{"not_picked":["White Beast Statue","Astrolabe"],"picked":"Pandora\u0027s Box"}],"items_purged_floors":[4,14],"is_endless":false,"potions_floor_spawned":[6,8,13,16,18,22],"killed_by":"Shelled Parasite and Fungi","ascension_level":12}