{"gold_per_floor":[119,119,133,133,147,147,2,35,62,62,73,47,72,72,72,169,169,185,18,29,29,29,29,46,9,9,27,43,43,60,70,70,70],"floor_reached":33,"playtime":1016,"items_purged":["Strike_G","Strike_G"],"score":398,"play_id":"1639085f-6ac8-4ca7-b7a4-9681262038b9","local_time":"20190625154223","is_ascension_mode":true,"campfire_choices":[{"data":"Dagger Spray","floor":6,"key":"SMITH"},{"data":"Neutralize","floor":10,"key":"SMITH"},{"data":"Footwork","floor":15,"key":"SMITH"},{"data":"Noxious Fumes","floor":23,"key":"SMITH"},{"data":"Calculated Gamble","floor":29,"key":"SMITH"},{"floor":32,"key":"REST"}],"neow_cost":"NONE","seed_source_timestamp":2918722157166,"circlet_count":0,"master_deck":["AscendersBane","Defend_G","Defend_G","Defend_G","Defend_G","Defend_G","Strike_G","Strike_G","Survivor","Neutralize+1","Quick Slash","Dagger Spray+1","Dash","Footwork+1","Poisoned Stab","Deadly Poison","Deadly Poison","Die Die Die","Calculated Gamble+1","Noxious Fumes+1","Bouncing Flask+1","Poisoned Stab","Blur","Deadly Poison"],"relics":["Ring of the Snake","Snake Skull","Blue Candle","Art of War","Blood Vial","Oddly Smooth Stone","White Beast Statue","Nunchaku"],"potions_floor_usage":[8,18,24,24,28,28,31,33,33],"damage_taken":[{"damage":0,"enemies":"2 Louse","floor":1,"turns":4},{"damage":2,"enemies":"Jaw Worm","floor":3,"turns":5},{"damage":0,"enemies":"Small Slimes","floor":5,"turns":3},{"damage":13,"enemies":"3 Sentries","floor":8,"turns":6},{"damage":1,"enemies":"Exordium Wildlife","floor":11,"turns":2},{"damage":25,"enemies":"Lagavulin","floor":13,"turns":7},{"damage":13,"enemies":"Hexaghost","floor":16,"turns":10},{"damage":6,"enemies":"Shell Parasite","floor":18,"turns":6},{"damage":6,"enemies":"Spheric Guardian","floor":20,"turns":4},{"damage":13,"enemies":"Snake Plant","floor":24,"turns":3},{"damage":15,"enemies":"Snecko","floor":27,"turns":4},{"damage":5,"enemies":"Shelled Parasite and Fungi","floor":28,"turns":6},{"damage":11,"enemies":"Centurion and Healer","floor":30,"turns":7},{"damage":6,"enemies":"Snecko","floor":31,"turns":5},{"damage":32,"enemies":"Automaton","floor":33,"turns":6}],"seed_played":"-2697129784201573513","potions_obtained":[{"floor":1,"key":"EssenceOfSteel"},{"floor":5,"key":"PowerPotion"},{"floor":11,"key":"Explosive Potion"},{"floor":18,"key":"Swift Potion"},{"floor":24,"key":"Dexterity Potion"},{"floor":27,"key":"Weak Potion"},{"floor":28,"key":"Strength Potion"},{"floor":30,"key":"FearPotion"},{"floor":31,"key":"SkillPotion"}],"is_trial":false,"path_per_floor":["M","?","M","T","M","R","$","E","T","R","M","$","E","?","R","B",null,"M","$","M","$","?","R","M","$","T","M","M","R","M","M","R","B"],"character_chosen":"THE_SILENT","items_purchased":["Footwork","Deadly Poison","Noxious Fumes","Blur"],"campfire_rested":1,"item_purchase_floors":[7,12,19,25],"current_hp_per_floor":[63,63,61,61,61,61,61,48,48,48,49,49,26,26,26,15,56,52,52,48,48,48,48,37,37,37,24,21,21,12,8,29,0],"gold":70,"neow_bonus":"RANDOM_COMMON_RELIC","is_prod":false,"is_daily":false,"chose_seed":false,"campfire_upgraded":5,"win_rate":0,"timestamp":1561448543,"path_taken":["M","?","M","?","M","R","$","E","T","R","M","$","E","?","R","BOSS","M","$","M","$","?","R","M","?","T","M","M","R","M","M","R","BOSS"],"build_version":"2019-01-23","purchased_purges":2,"victory":false,"max_hp_per_floor":[70,70,70,70,70,70,70,70,70,70,70,70,70,70,70,70,70,70,70,70,70,70,70,70,70,70,70,70,70,70,70,70,70],"card_choices":[{"not_picked":["Expertise","Prepared"],"picked":"Quick Slash","floor":1},{"not_picked":["Acrobatics","Dodge and Roll"],"picked":"Dagger Spray","floor":3},{"not_picked":["Underhanded Strike","Slice"],"picked":"Dash","floor":5},{"not_picked":["Accuracy","Quick Slash","Concentrate"],"picked":"SKIP","floor":8},{"not_picked":["Endless Agony","Storm of Steel"],"picked":"Poisoned Stab","floor":11},{"not_picked":["Dash","Dagger Spray"],"picked":"Deadly Poison","floor":13},{"not_picked":["A Thousand Cuts","Grand Finale"],"picked":"Die Die Die","floor":16},{"not_picked":["Underhanded Strike","Flying Knee"],"picked":"Calculated Gamble","floor":18},{"not_picked":["Escape Plan+1","Blade Dance"],"picked":"Bouncing Flask+1","floor":20},{"not_picked":["Dagger Throw","Prepared"],"picked":"Poisoned Stab","floor":24},{"not_picked":["Underhanded Strike","Doppelganger","Acrobatics"],"picked":"SKIP","floor":27},{"not_picked":["PiercingWail","Slice","Dagger Throw"],"picked":"SKIP","floor":28},{"not_picked":["Dagger Throw+1","Poisoned Stab"],"picked":"Deadly Poison","floor":30},{"not_picked":["Underhanded Strike","Sucker Punch","Masterful Stab"],"picked":"SKIP","floor":31}],"player_experience":555790,"relics_obtained":[{"floor":4,"key":"Blue Candle"},{"floor":8,"key":"Art of War"},{"floor":9,"key":"Blood Vial"},{"floor":13,"key":"Oddly Smooth Stone"},{"floor":26,"key":"Nunchaku"}],"event_choices":[{"damage_healed":0,"gold_gain":0,"player_choice":"Ignored","damage_taken":0,"max_hp_gain":0,"max_hp_loss":0,"event_name":"Golden Wing","floor":2,"gold_loss":0},{"damage_healed":0,"gold_gain":0,"player_choice":"Fled","damage_taken":0,"max_hp_gain":0,"max_hp_loss":0,"event_name":"Scrap Ooze","floor":14,"gold_loss":0},{"cards_removed":["Strike_G"],"damage_healed":0,"gold_gain":0,"player_choice":"Card Removal","damage_taken":0,"max_hp_gain":0,"max_hp_loss":0,"event_name":"Wheel of Change","floor":22,"gold_loss":0}],"is_beta":false,"boss_relics":[{"not_picked":["Runic Pyramid","Coffee Dripper"],"picked":"White Beast Statue"}],"items_purged_floors":[7,19],"is_endless":false,"potions_floor_spawned":[1,5,11,16,18,20,24,27,28,30,31],"killed_by":"Automaton","ascension_level":11}