{"gold_per_floor":[115,133,133,148,163,192,162,194,194,194,204,237,237,250,250,353,403,418,418,518,530,9,9,9],"floor_reached":24,"playtime":1325,"items_purged":[],"score":434,"play_id":"04da77d2-439f-40d3-8b13-b758c1027669","local_time":"20190507050908","is_ascension_mode":true,"campfire_choices":[{"data":"Darkness","floor":10.0,"key":"SMITH"},{"floor":15.0,"key":"REST"},{"data":"Reboot","floor":23,"key":"SMITH"}],"neow_cost":"PERCENT_DAMAGE","seed_source_timestamp":59086265121930,"circlet_count":0,"master_deck":["Strike_B","Defend_B","Defend_B","Defend_B","Defend_B","Zap","Dualcast","Creative AI","Leap","Darkness+1","Leap","Rainbow","Steam","Ball Lightning","Chaos","Compile Driver","Redo","Coolheaded","Electrodynamics+1","Leap","Sunder","Hologram","Skim","Reboot+1","Double Energy"],"special_seed":0,"relics":["Cracked Core","Cables","Sundial","Dodecahedron","Tiny House","Du-Vu Doll","Meat on the Bone","Pantograph"],"potions_floor_usage":[20,20],"damage_taken":[{"damage":10.0,"enemies":"2 Louse","floor":1.0,"turns":3.0},{"damage":0.0,"enemies":"Cultist","floor":2.0,"turns":5.0},{"damage":0.0,"enemies":"Jaw Worm","floor":4.0,"turns":3.0},{"damage":3.0,"enemies":"Blue Slaver","floor":5.0,"turns":4.0},{"damage":12.0,"enemies":"Lagavulin","floor":6.0,"turns":8.0},{"damage":0.0,"enemies":"Looter","floor":7.0,"turns":4.0},{"damage":19.0,"enemies":"Gremlin Nob","floor":8.0,"turns":4.0},{"damage":3.0,"enemies":"Large Slime","floor":11.0,"turns":3.0},{"damage":6.0,"enemies":"Lagavulin","floor":12.0,"turns":5.0},{"damage":11.0,"enemies":"Lots of Slimes","floor":14.0,"turns":5.0},{"damage":24.0,"enemies":"Hexaghost","floor":16.0,"turns":7.0},{"damage":0.0,"enemies":"Spheric Guardian","floor":18.0,"turns":3.0},{"damage":11,"enemies":"Colosseum Slavers","floor":20,"turns":3},{"damage":19,"enemies":"Colosseum Nobs","floor":20,"turns":3},{"damage":20,"enemies":"2 Thieves","floor":21,"turns":4},{"damage":46,"enemies":"Slavers","floor":24,"turns":2}],"seed_played":"6406426028982424739","potions_obtained":[{"floor":4.0,"key":"SpeedPotion"},{"floor":5.0,"key":"FocusPotion"},{"floor":11.0,"key":"Poison Potion"},{"floor":14.0,"key":"Block Potion"},{"floor":16.0,"key":"Explosive Potion"},{"floor":17.0,"key":"FairyPotion"},{"floor":20,"key":"Strength Potion"}],"is_trial":false,"path_per_floor":["M","M","?","M","M","E","M","E","T","R","M","E","?","M","R","B",null,"M","?","?","M","$","R","E"],"character_chosen":"DEFECT","items_purchased":["Pantograph","Reboot","Double Energy","Energy Potion"],"campfire_rested":1,"item_purchase_floors":[22,22,22,22],"current_hp_per_floor":[44,44,85,85,82,70,70,51,51,51,48,42,35,24,49,25,90,90,72,42,34,34,34,0],"gold":9,"neow_bonus":"TRANSFORM_TWO_CARDS","is_prod":false,"is_daily":false,"chose_seed":false,"campfire_upgraded":2,"win_rate":0,"timestamp":1557220148,"path_taken":["M","M","?","M","?","E","M","E","T","R","M","E","?","M","R","BOSS","M","?","?","M","$","R","E"],"build_version":"2019-01-23","purchased_purges":0,"victory":false,"max_hp_per_floor":[75,75,85,85,85,85,85,85,85,85,85,85,85,85,85,85,90,90,95,95,95,95,95,95],"card_choices":[{"not_picked":["Barrage","Go for the Eyes"],"picked":"Leap","floor":1.0},{"not_picked":["White Noise","Leap"],"picked":"Darkness","floor":2.0},{"not_picked":["Beam Cell","Recycle"],"picked":"Leap","floor":4.0},{"not_picked":["Blizzard","Reprogram"],"picked":"Rainbow","floor":5.0},{"not_picked":["Cold Snap","Streamline"],"picked":"Steam","floor":6.0},{"not_picked":["Stack","Hologram"],"picked":"Ball Lightning","floor":7.0},{"not_picked":["Rebound","Conserve Battery"],"picked":"Chaos","floor":8.0},{"not_picked":["Sweeping Beam","Hello World"],"picked":"Compile Driver","floor":11.0},{"not_picked":["Barrage","Steam"],"picked":"Redo","floor":12.0},{"not_picked":["Heatsinks","Cold Snap"],"picked":"Coolheaded","floor":14.0},{"not_picked":["All For One","Reboot"],"picked":"Electrodynamics","floor":16.0},{"not_picked":["Static Discharge","Rip and Tear"],"picked":"Leap","floor":17.0},{"not_picked":["Cold Snap","Gash"],"picked":"Sunder","floor":18.0},{"not_picked":["Go for the Eyes","Ball Lightning+1"],"picked":"Hologram","floor":20},{"not_picked":["Rebound","Glacier"],"picked":"Skim","floor":21}],"player_experience":230707,"relics_obtained":[{"floor":6.0,"key":"Cables"},{"floor":8.0,"key":"Sundial"},{"floor":12.0,"key":"Dodecahedron"},{"floor":20,"key":"Du-Vu Doll"},{"floor":20,"key":"Meat on the Bone"}],"event_choices":[{"cards_removed":["Meteor Strike"],"damage_healed":31.0,"max_hp_gain":10.0,"max_hp_loss":0.0,"gold_gain":0.0,"event_name":"Bonfire Elementals","player_choice":"Offered Rare","floor":3.0,"gold_loss":0.0,"damage_taken":0.0},{"cards_removed":["Strike_B"],"damage_healed":0.0,"max_hp_gain":0.0,"max_hp_loss":0.0,"gold_gain":0.0,"event_name":"Golden Wing","player_choice":"Card Removal","floor":13.0,"gold_loss":0.0,"damage_taken":7.0},{"damage_healed":0.0,"max_hp_gain":5.0,"max_hp_loss":0.0,"gold_gain":0.0,"event_name":"Forgotten Altar","player_choice":"Shed Blood","floor":19.0,"gold_loss":0.0,"damage_taken":23.0},{"damage_healed":0,"gold_gain":0,"player_choice":"Fight","damage_taken":0,"max_hp_gain":0,"max_hp_loss":0,"event_name":"Colosseum","floor":20,"gold_loss":0},{"damage_healed":0,"gold_gain":0,"player_choice":"Fought Nobs","damage_taken":0,"max_hp_gain":0,"max_hp_loss":0,"event_name":"Colosseum","floor":20,"gold_loss":0}],"is_beta":false,"boss_relics":[{"not_picked":["Calling Bell","Eternal Feather"],"picked":"Tiny House"}],"items_purged_floors":[],"is_endless":false,"potions_floor_spawned":[4,5,11,14,16,20,20],"killed_by":"Slavers","ascension_level":4}