{"gold_per_floor":[119,129,143,143,161,188,7,7,30,44,44,44,44,58,58,157,157,176,16,16,31,43,104,104,116,116,135,169,192,192,207,207,307,307,321,340,16,27,27,27,55,66,66,66,93,93,107,120,120,120],"floor_reached":50,"playtime":3980,"items_purged":["Phantasmal Killer"],"score":846,"play_id":"5e197745-c419-46e2-9981-a46b0d204fd1","local_time":"20190618235503","is_ascension_mode":true,"campfire_choices":[{"floor":8.0,"key":"REST"},{"data":"Neutralize","floor":13.0,"key":"SMITH"},{"floor":15.0,"key":"REST"},{"data":"Cloak And Dagger","floor":24.0,"key":"SMITH"},{"floor":30.0,"key":"REST"},{"floor":32.0,"key":"REST"},{"data":"Footwork","floor":40,"key":"SMITH"},{"data":"Footwork","floor":46,"key":"SMITH"},{"floor":49,"key":"REST"}],"neow_cost":"NONE","seed_source_timestamp":0,"circlet_count":0,"master_deck":["AscendersBane","Survivor","Neutralize+1","Dagger Spray","Dash+1","Quick Slash+1","Footwork+1","PiercingWail","Neutralize+1","Glass Knife","Infinite Blades","Sucker Punch","Poisoned Stab","Finisher","Accuracy","Slice","Cloak And Dagger+1","Footwork+1","Footwork+1","Deflect","Dash","Backflip","Dagger Spray","Backstab","Dodge and Roll+1","Cloak And Dagger","A Thousand Cuts","Dodge and Roll","Noxious Fumes","Backflip","Crippling Poison+1","Doubt","Well Laid Plans","Backstab+1"],"special_seed":0,"relics":["Ring of the Snake","Boot","Oddly Smooth Stone","Whetstone","Pandora\u0027s Box","Tiny Chest","Blue Candle","Anchor","PreservedInsect","Philosopher\u0027s Stone","Bottled Lightning","Happy Flower","Bottled Flame","Bronze Scales"],"potions_floor_usage":[38,38,38,38,48,48],"damage_taken":[{"damage":0.0,"enemies":"2 Louse","floor":1.0,"turns":3.0},{"damage":0.0,"enemies":"Cultist","floor":2.0,"turns":4.0},{"damage":2.0,"enemies":"Small Slimes","floor":3.0,"turns":5.0},{"damage":13.0,"enemies":"Exordium Thugs","floor":5.0,"turns":5.0},{"damage":35.0,"enemies":"3 Sentries","floor":6.0,"turns":8.0},{"damage":0.0,"enemies":"Lots of Slimes","floor":10.0,"turns":2.0},{"damage":0.0,"enemies":"3 Louse","floor":14.0,"turns":2.0},{"damage":34.0,"enemies":"Slime Boss","floor":16.0,"turns":16.0},{"damage":0.0,"enemies":"3 Byrds","floor":18.0,"turns":4.0},{"damage":16.0,"enemies":"Chosen","floor":21.0,"turns":5.0},{"damage":9.0,"enemies":"Centurion and Healer","floor":22.0,"turns":8.0},{"damage":4.0,"enemies":"Gremlin Leader","floor":23.0,"turns":6.0},{"damage":0.0,"enemies":"Cultist and Chosen","floor":25.0,"turns":6.0},{"damage":15.0,"enemies":"Shelled Parasite and Fungi","floor":27.0,"turns":7.0},{"damage":5.0,"enemies":"Book of Stabbing","floor":28.0,"turns":6.0},{"damage":1.0,"enemies":"Snake Plant","floor":31.0,"turns":5.0},{"damage":44.0,"enemies":"Collector","floor":33.0,"turns":19.0},{"damage":10.0,"enemies":"3 Shapes","floor":35.0,"turns":8.0},{"damage":29.0,"enemies":"3 Darklings","floor":36.0,"turns":8.0},{"damage":2,"enemies":"4 Shapes","floor":38,"turns":7},{"damage":2,"enemies":"Giant Head","floor":41,"turns":9},{"damage":43,"enemies":"Transient","floor":42,"turns":5},{"damage":8,"enemies":"Nemesis","floor":45,"turns":6},{"damage":11,"enemies":"Sphere and 2 Shapes","floor":47,"turns":6},{"damage":0,"enemies":"Jaw Worm Horde","floor":48,"turns":2},{"damage":61,"enemies":"Awakened One","floor":50,"turns":4}],"seed_played":"8068096603650283226","potions_obtained":[{"floor":2.0,"key":"SkillPotion"},{"floor":3.0,"key":"Energy Potion"},{"floor":6.0,"key":"Poison Potion"},{"floor":16.0,"key":"FearPotion"},{"floor":21.0,"key":"Weak Potion"},{"floor":22.0,"key":"Swift Potion"},{"floor":27.0,"key":"LiquidBronze"},{"floor":33.0,"key":"Fire Potion"},{"floor":35.0,"key":"FearPotion"},{"floor":36.0,"key":"EntropicBrew"},{"floor":42,"key":"SteroidPotion"},{"floor":45,"key":"SteroidPotion"}],"is_trial":false,"path_per_floor":["M","M","M","?","M","E","$","R","T","M","?","$","R","M","R","B",null,"M","$","?","M","M","E","R","M","T","M","E","T","R","M","R","B",null,"M","M","$","M","?","R","E","M","T","?","E","R","M","M","R","B"],"character_chosen":"THE_SILENT","items_purchased":["Footwork","Oddly Smooth Stone","Deflect","Dash","Noxious Fumes","Bottled Lightning"],"campfire_rested":5,"item_purchase_floors":[7,7,19,19,37,37],"current_hp_per_floor":[63,63,61,61,48,13,13,34,34,34,34,34,34,34,55,21,58,58,58,63,47,38,34,34,34,34,19,14,14,35,34,55,11,55,45,16,16,14,61,61,59,16,16,61,53,53,42,42,60,0],"gold":120,"neow_bonus":"UPGRADE_CARD","is_prod":false,"is_daily":false,"chose_seed":false,"campfire_upgraded":4,"win_rate":0,"timestamp":1560873303,"path_taken":["M","M","M","?","?","E","$","R","T","M","?","?","R","M","R","BOSS","M","?","?","M","?","E","R","M","T","M","E","?","R","M","R","BOSS","M","M","$","M","?","R","E","M","T","?","E","R","M","M","R","BOSS"],"build_version":"2019-01-23","purchased_purges":1,"victory":false,"max_hp_per_floor":[70,70,70,70,70,70,70,70,70,70,70,70,70,70,70,70,70,70,70,70,70,70,70,70,70,70,70,70,70,70,70,70,70,70,70,70,70,70,61,61,61,61,61,61,61,61,61,61,61,61],"card_choices":[{"not_picked":["Infinite Blades","Riddle With Holes"],"picked":"Dagger Spray","floor":1.0},{"not_picked":["Endless Agony","Catalyst","Escape Plan"],"picked":"SKIP","floor":2.0},{"not_picked":["Calculated Gamble","Dagger Throw"],"picked":"Dash","floor":3.0},{"not_picked":["Prepared","Tactician"],"picked":"Quick Slash","floor":5.0},{"not_picked":["Reflex","Underhanded Strike","Skewer"],"picked":"SKIP","floor":6.0},{"not_picked":["Poisoned Stab","Acrobatics"],"picked":"PiercingWail","floor":10.0},{"not_picked":["Concentrate","Slice","Sucker Punch"],"picked":"SKIP","floor":14.0},{"not_picked":["Doppelganger","Wraith Form v2"],"picked":"Glass Knife","floor":16.0},{"not_picked":["Dagger Spray+1","Prepared"],"picked":"Footwork+1","floor":18.0},{"not_picked":["Poisoned Stab+1","Heel Hook+1"],"picked":"Backflip","floor":21.0},{"not_picked":["Skewer","Poisoned Stab"],"picked":"Dagger Spray","floor":22.0},{"not_picked":["Sucker Punch","Finisher"],"picked":"Backstab","floor":23.0},{"not_picked":["Underhanded Strike+1","Accuracy"],"picked":"Dodge and Roll+1","floor":25.0},{"not_picked":["Reflex","Skewer+1","Distraction"],"picked":"SKIP","floor":27.0},{"not_picked":["Bouncing Flask","Quick Slash+1"],"picked":"Cloak And Dagger","floor":28.0},{"not_picked":["Choke","Concentrate","Masterful Stab"],"picked":"SKIP","floor":31.0},{"not_picked":["Bullet Time","Phantasmal Killer"],"picked":"A Thousand Cuts","floor":33.0},{"not_picked":["Sucker Punch+1","Cloak And Dagger"],"picked":"Dodge and Roll","floor":35.0},{"not_picked":["Choke+1","Underhanded Strike","Bouncing Flask"],"picked":"SKIP","floor":36.0},{"not_picked":["Dodge and Roll","Bane"],"picked":"Backflip","floor":38},{"not_picked":["Infinite Blades","Underhanded Strike+1"],"picked":"Crippling Poison+1","floor":41},{"not_picked":["Setup+1","Flying Knee","Masterful Stab"],"picked":"SKIP","floor":42},{"not_picked":["Slice+1","Poisoned Stab+1"],"picked":"Well Laid Plans","floor":45},{"not_picked":["Outmaneuver","Burst"],"picked":"Backstab+1","floor":47},{"not_picked":["Cloak And Dagger","Concentrate","Quick Slash"],"picked":"SKIP","floor":48}],"player_experience":535983,"relics_obtained":[{"floor":6.0,"key":"Boot"},{"floor":9.0,"key":"Whetstone"},{"floor":23.0,"key":"Tiny Chest"},{"floor":26.0,"key":"Blue Candle"},{"floor":28.0,"key":"Anchor"},{"floor":29.0,"key":"PreservedInsect"},{"floor":41,"key":"Happy Flower"},{"floor":43,"key":"Bottled Flame"},{"floor":45,"key":"Bronze Scales"}],"event_choices":[{"cards_removed":["Strike_G"],"damage_healed":0.0,"max_hp_gain":0.0,"max_hp_loss":0.0,"gold_gain":0.0,"event_name":"Purifier","player_choice":"Purged","floor":4.0,"gold_loss":0.0,"damage_taken":0.0},{"damage_healed":0.0,"max_hp_gain":0.0,"max_hp_loss":0.0,"gold_gain":0.0,"event_name":"Match and Keep!","player_choice":"2 cards matched","floor":11.0,"gold_loss":0.0,"damage_taken":0.0,"cards_obtained":["Phantasmal Killer","Neutralize"]},{"cards_removed":["Outmaneuver"],"damage_healed":5.0,"max_hp_gain":0.0,"max_hp_loss":0.0,"gold_gain":0.0,"event_name":"Bonfire Elementals","player_choice":"Offered Common","floor":20.0,"gold_loss":0.0,"damage_taken":0.0},{"cards_removed":["Outmaneuver"],"damage_healed":5.0,"max_hp_gain":0.0,"max_hp_loss":0.0,"gold_gain":0.0,"event_name":"Bonfire Elementals","player_choice":"Offered Special","floor":20.0,"gold_loss":0.0,"damage_taken":0.0},{"damage_healed":61,"gold_gain":0,"player_choice":"Heal","damage_taken":0,"max_hp_gain":0,"max_hp_loss":9,"event_name":"The Moai Head","floor":39,"gold_loss":0},{"damage_healed":45,"gold_gain":0,"player_choice":"Heal","damage_taken":0,"max_hp_gain":0,"max_hp_loss":0,"event_name":"MindBloom","floor":44,"gold_loss":0,"cards_obtained":["Doubt"]}],"is_beta":false,"boss_relics":[{"not_picked":["Coffee Dripper","Sozu"],"picked":"Pandora\u0027s Box"},{"not_picked":["Eternal Feather","Tiny House"],"picked":"Philosopher\u0027s Stone"}],"items_purged_floors":[19],"is_endless":false,"potions_floor_spawned":[2,3,6,16,21,22,27,31,33,35,36,42,45,47],"killed_by":"Awakened One","ascension_level":11}