{"gold_per_floor":[114,132,207,217,16,49,25,56,108,108],"floor_reached":10,"playtime":2992,"items_purged":["Bash"],"score":87,"play_id":"6a11d35e-5cfd-481a-b760-cf0388c15b90","local_time":"20190503231810","is_ascension_mode":true,"campfire_choices":[],"neow_cost":"NONE","seed_source_timestamp":28720571119025,"circlet_count":0,"master_deck":["Strike_R+1","Strike_R","Strike_R","Strike_R","Defend_R","Defend_R","Defend_R","Pommel Strike","Inflame","Iron Wave+1","Perfected Strike","Power Through","Armaments","Armaments","Twin Strike"],"special_seed":0,"relics":["Empty Cage","Ornamental Fan","Whetstone","Ancient Tea Set"],"potions_floor_usage":[],"damage_taken":[{"damage":8.0,"enemies":"Jaw Worm","floor":1.0,"turns":5.0},{"damage":7.0,"enemies":"2 Louse","floor":2.0,"turns":3.0},{"damage":1.0,"enemies":"Cultist","floor":4.0,"turns":4.0},{"damage":25.0,"enemies":"3 Sentries","floor":6.0,"turns":7.0},{"damage":22.0,"enemies":"Gremlin Nob","floor":8.0,"turns":4.0},{"damage":10,"enemies":"Gremlin Gang","floor":10,"turns":1}],"seed_played":"8383237358367266488","potions_obtained":[{"floor":4.0,"key":"Poison Potion"},{"floor":6.0,"key":"LiquidBronze"}],"is_trial":false,"path_per_floor":["M","M","?","M","$","E","$","E","T","M"],"character_chosen":"IRONCLAD","items_purchased":["Perfected Strike","Power Through","Armaments"],"campfire_rested":0,"item_purchase_floors":[5,5,7],"current_hp_per_floor":[72,65,54,53,53,28,28,6,6,0],"gold":108,"neow_bonus":"BOSS_RELIC","is_prod":false,"is_daily":false,"chose_seed":false,"campfire_upgraded":0,"win_rate":0,"timestamp":1556939890,"path_taken":["M","M","?","M","$","E","$","E","T","M"],"build_version":"2019-01-23","purchased_purges":1,"victory":false,"max_hp_per_floor":[80,80,80,80,80,80,80,80,80,80],"card_choices":[{"not_picked":["Wild Strike","Evolve"],"picked":"Pommel Strike","floor":1.0},{"not_picked":["Pommel Strike","Blood for Blood"],"picked":"Inflame","floor":2.0},{"not_picked":["True Grit","Thunderclap"],"picked":"Iron Wave","floor":4.0},{"not_picked":["Anger","Metallicize"],"picked":"Armaments","floor":6.0},{"not_picked":["Pummel","Cleave"],"picked":"Twin Strike","floor":8.0}],"player_experience":194622,"relics_obtained":[{"floor":6.0,"key":"Ornamental Fan"},{"floor":8.0,"key":"Whetstone"},{"floor":9.0,"key":"Ancient Tea Set"}],"event_choices":[{"damage_healed":0.0,"max_hp_gain":0.0,"max_hp_loss":0.0,"gold_gain":75.0,"event_name":"World of Goop","player_choice":"Gather Gold","floor":3.0,"gold_loss":0.0,"damage_taken":11.0}],"is_beta":false,"boss_relics":[],"items_purged_floors":[5],"is_endless":false,"potions_floor_spawned":[4,6],"killed_by":"Gremlin Gang","ascension_level":3}