{"path_per_floor":["M","$","M","M","M","E","R","?","T","M","M","?","M","M","R","B",null,"M","M","?","M","$","M","M","R","T","?","E","R","M","E","R","B",null,"M","M","?","M","?","E","R","M","T","M","M","M","R","$","R","B"],"character_chosen":"THE_SILENT","items_purchased":["Noxious Fumes","Acrobatics","Noxious Fumes","Ice Cream","Acrobatics"],"gold_per_floor":[109,71,89,102,119,144,144,144,144,156,170,170,185,195,195,295,295,312,295,295,315,158,175,188,188,188,188,218,218,230,258,258,358,358,374,394,394,408,408,440,440,459,539,559,571,590,590,125,125,125],"floor_reached":51,"campfire_rested":6,"playtime":9385,"current_hp_per_floor":[62,62,60,60,48,22,40,40,40,38,38,38,38,47,47,39,63,63,63,63,47,47,47,35,35,35,35,25,43,43,25,43,29,63,19,19,19,19,19,16,34,29,29,29,29,25,43,43,61,44],"items_purged":["Defend_G","Defend_G"],"gold":125,"score":727,"play_id":"8fb26c48-c1b0-4d8f-b144-96d1c3e1011b","local_time":"20180317021637","is_prod":false,"is_daily":false,"is_ascension_mode":false,"campfire_upgraded":2,"timestamp":1521267397,"path_taken":["M","$","M","?","M","E","R","?","T","M","M","?","M","M","R","BOSS","M","M","?","M","$","M","M","R","T","?","E","R","M","E","R","BOSS","M","?","?","M","?","E","R","M","T","M","?","M","R","$","R","BOSS"],"build_version":"2018-03-15v2","purchased_purges":2,"victory":true,"master_deck":["Defend_G","Defend_G","Strike_G","Strike_G","Survivor","Neutralize","Dagger Throw","Noxious Fumes","Infinite Blades+1","Noxious Fumes","Calculated Gamble+1","Dodge and Roll+1","Eviscerate","Prepared+1","Reflex+1","Tactician+1","Doubt","Normality","Doubt","Expertise+1","Calculated Gamble+1","Acrobatics+1","Noxious Fumes","Eviscerate","Finisher","Acrobatics+1","Blur+1","Blur+1","Tools of the Trade","Eviscerate","Slice","Tactician+1","Endless Agony","Dagger Throw+1","Slice","Acrobatics+1"],"max_hp_per_floor":[63,63,63,63,63,63,63,63,63,63,63,63,63,63,63,63,63,63,63,63,63,63,63,63,63,63,63,63,63,63,63,63,63,63,63,63,63,63,63,63,63,63,63,63,63,63,63,63,63,63],"relics":["Ring of the Snake","Pen Nib","Tough Bandages","Toxic Egg 2","Calling Bell","Du-Vu Doll","Anchor","Ornamental Fan","Bronze Scales","Darkstone Periapt","Orichalcum","Runic Pyramid","Kunai","Mercury Hourglass","Ice Cream"],"card_choices":[{"not_picked":["Quick Slash","Dash"],"picked":"Dagger Throw"},{"not_picked":["Prepared","PiercingWail"],"picked":"Infinite Blades"},{"not_picked":["Acrobatics","Outmaneuver"],"picked":"Noxious Fumes"},{"not_picked":["Malaise","Crippling Poison"],"picked":"Calculated Gamble"},{"not_picked":["PiercingWail","Dagger Spray"],"picked":"Dodge and Roll"},{"not_picked":["Footwork","Blur"],"picked":"Eviscerate"},{"not_picked":["Flying Knee","Malaise"],"picked":"Prepared"},{"not_picked":["Backflip","Poisoned Stab"],"picked":"Reflex"},{"not_picked":["Corpse Explosion","Venomology"],"picked":"Tactician"},{"not_picked":["Caltrops","Dodge and Roll"],"picked":"Footwork"},{"not_picked":["Slice","Escape Plan"],"picked":"Expertise"},{"not_picked":["Outmaneuver","Quick Slash"],"picked":"Calculated Gamble"},{"not_picked":["Backflip","Outmaneuver"],"picked":"Eviscerate"},{"not_picked":["Underhanded Strike","Malaise"],"picked":"Finisher"},{"not_picked":["Bane","PiercingWail"],"picked":"Acrobatics"},{"not_picked":["Deadly Poison","Flying Knee"],"picked":"Blur"},{"not_picked":["Dodge and Roll","Escape Plan"],"picked":"Blur"},{"not_picked":["Envenom","Night Terror"],"picked":"Tools of the Trade"},{"not_picked":["Quick Slash","Escape Plan"],"picked":"Eviscerate"},{"not_picked":["Outmaneuver","Flying Knee"],"picked":"Slice"},{"not_picked":["Eviscerate","Predator"],"picked":"Tactician"},{"not_picked":["PiercingWail","Riddle With Holes"],"picked":"Endless Agony"},{"not_picked":["Dodge and Roll","Heel Hook"],"picked":"Dagger Throw"},{"not_picked":["Quick Slash","Poisoned Stab"],"picked":"Slice"}],"player_experience":210740,"potions_floor_usage":[14,24,33,33,50,50,50],"damage_taken":[{"damage":1,"enemies":"Cultist","floor":1,"turns":4},{"damage":2,"enemies":"Jaw Worm","floor":3,"turns":4},{"damage":0,"enemies":"2 Louse","floor":4,"turns":4},{"damage":12,"enemies":"Red Slaver","floor":5,"turns":5},{"damage":26,"enemies":"Lagavulin","floor":6,"turns":7},{"damage":2,"enemies":"Large Slime","floor":10,"turns":4},{"damage":0,"enemies":"Looter","floor":11,"turns":4},{"damage":0,"enemies":"Red Slaver","floor":13,"turns":3},{"damage":0,"enemies":"Exordium Wildlife","floor":14,"turns":4},{"damage":8,"enemies":"The Guardian","floor":16,"turns":10},{"damage":0,"enemies":"Spheric Guardian","floor":18,"turns":4},{"damage":0,"enemies":"2 Thieves","floor":19,"turns":4},{"damage":16,"enemies":"Centurion and Healer","floor":21,"turns":8},{"damage":0,"enemies":"Snake Plant","floor":23,"turns":6},{"damage":12,"enemies":"Snecko","floor":24,"turns":4},{"damage":10,"enemies":"Book of Stabbing","floor":28,"turns":6},{"damage":0,"enemies":"Centurion and Healer","floor":30,"turns":6},{"damage":18,"enemies":"Gremlin Leader","floor":31,"turns":5},{"damage":14,"enemies":"Automaton","floor":33,"turns":10},{"damage":44,"enemies":"3 Shapes","floor":35,"turns":4},{"damage":0,"enemies":"Orb Walker","floor":36,"turns":4},{"damage":0,"enemies":"Maw","floor":38,"turns":8},{"damage":3,"enemies":"Giant Head","floor":40,"turns":8},{"damage":5,"enemies":"4 Shapes","floor":42,"turns":4},{"damage":0,"enemies":"3 Darklings","floor":44,"turns":4},{"damage":0,"enemies":"Maw","floor":45,"turns":6},{"damage":4,"enemies":"Sphere and 2 Shapes","floor":46,"turns":3},{"damage":17,"enemies":"Awakened One","floor":50,"turns":12}],"event_choices":[{"event_name":"Big Fish","player_choice":"Box","floor":8,"damage_taken":0},{"event_name":"Living Wall","player_choice":"Forget","floor":12,"damage_taken":0},{"event_name":"Wheel of Change","player_choice":"Card Removal","floor":20,"damage_taken":0},{"event_name":"Back to Basics","player_choice":"Elegance","floor":27,"damage_taken":0},{"event_name":"Mysterious Sphere","player_choice":"Ignore","floor":39,"damage_taken":0}],"boss_relics":[{"not_picked":["Question Card","Lizard Tail"],"picked":"Calling Bell"},{"not_picked":["Tiny House","Velvet Choker"],"picked":"Runic Pyramid"}],"potions_floor_spawned":[4,6,11,13,18,24,28,35,42,45,46],"seed_played":"2155138130436825896","ascension_level":0,"is_trial":false}