{"gold_per_floor":[112,112,112,123,46,71,81,81,81,105,117,158,187,218,230,242],"floor_reached":16,"playtime":950,"items_purged":[],"score":138,"play_id":"a84e513c-dc43-4825-abf2-bfb0704c1c96","local_time":"20190624190734","is_ascension_mode":true,"campfire_choices":[{"floor":8,"key":"REST"},{"data":"Blade Dance","floor":11,"key":"SMITH"},{"floor":15,"key":"REST"}],"neow_cost":"NONE","seed_source_timestamp":6029395607345487,"circlet_count":0,"master_deck":["Defend_G","Defend_G","Defend_G","Defend_G","Strike_G","Strike_G","Strike_G","Strike_G","Survivor","Neutralize","Expertise","Blade Dance+1","Accuracy","Tactician","Accuracy"],"relics":["Ring of the Snake","Bottled Tornado","MawBank","Odd Mushroom"],"potions_floor_usage":[6,16],"damage_taken":[{"damage":3,"enemies":"Jaw Worm","floor":1,"turns":9},{"damage":0,"enemies":"Small Slimes","floor":4,"turns":5},{"damage":28,"enemies":"Gremlin Nob","floor":6,"turns":5},{"damage":0,"enemies":"2 Louse","floor":7,"turns":4},{"damage":0,"enemies":"2 Fungi Beasts","floor":10,"turns":5},{"damage":3,"enemies":"The Mushroom Lair","floor":12,"turns":5},{"damage":10,"enemies":"Large Slime","floor":13,"turns":12},{"damage":5,"enemies":"Red Slaver","floor":14,"turns":3},{"damage":66,"enemies":"Slime Boss","floor":16,"turns":11}],"seed_played":"7410941170672600525","potions_obtained":[{"floor":1,"key":"Poison Potion"},{"floor":4,"key":"Dexterity Potion"},{"floor":14,"key":"AttackPotion"}],"is_trial":false,"path_per_floor":["M","?","?","M","$","E","M","R","T","M","R","?","M","M","R","B"],"character_chosen":"THE_SILENT","items_purchased":["Accuracy"],"campfire_rested":2,"item_purchase_floors":[5],"current_hp_per_floor":[60,65,58,58,58,30,30,52,52,52,52,49,39,34,56,0],"gold":242,"neow_bonus":"REMOVE_CARD","is_prod":false,"is_daily":false,"chose_seed":false,"campfire_upgraded":1,"win_rate":0,"timestamp":1561421254,"path_taken":["M","?","?","M","$","E","M","R","T","M","R","?","M","M","R","BOSS"],"build_version":"2019-01-23","purchased_purges":0,"victory":false,"max_hp_per_floor":[70,75,75,75,75,75,75,75,75,75,75,75,75,75,75,75],"card_choices":[{"not_picked":["Calculated Gamble","Bane"],"picked":"Expertise","floor":1},{"not_picked":["Deflect","Bouncing Flask"],"picked":"Blade Dance","floor":4},{"not_picked":["Underhanded Strike","PiercingWail","Flechettes"],"picked":"SKIP","floor":6},{"not_picked":["Outmaneuver","Leg Sweep","Dagger Throw"],"picked":"SKIP","floor":7},{"not_picked":["Sucker Punch","Deadly Poison","Outmaneuver"],"picked":"SKIP","floor":10},{"not_picked":["Slice","Flechettes"],"picked":"Tactician","floor":12},{"not_picked":["Reflex","Dagger Spray","Glass Knife"],"picked":"SKIP","floor":13},{"not_picked":["Bane","Flying Knee"],"picked":"Accuracy","floor":14}],"player_experience":177043,"relics_obtained":[{"floor":6,"key":"Bottled Tornado"},{"floor":9,"key":"MawBank"},{"floor":12,"key":"Odd Mushroom"}],"event_choices":[{"damage_healed":0,"gold_gain":0,"player_choice":"Donut","damage_taken":0,"max_hp_gain":5,"max_hp_loss":0,"event_name":"Big Fish","floor":2,"gold_loss":0},{"cards_removed":["Defend_G"],"damage_healed":0,"gold_gain":0,"player_choice":"Card Removal","damage_taken":7,"max_hp_gain":0,"max_hp_loss":0,"event_name":"Golden Wing","floor":3,"gold_loss":0},{"damage_healed":0,"gold_gain":0,"player_choice":"Fought Mushrooms","damage_taken":0,"max_hp_gain":0,"max_hp_loss":0,"event_name":"Mushrooms","floor":12,"gold_loss":0}],"is_beta":false,"boss_relics":[],"items_purged_floors":[],"is_endless":false,"potions_floor_spawned":[1,4,14],"killed_by":"Slime Boss","ascension_level":7}