{"gold_per_floor":[365,440,440,197,197,197,229,229,307,90,90,90,90,126,126,225,225,246,27,0,20,20,20,58,73,73,12,26,26,46,46,46,142,142,167,167,1166,414,414,482,501,501,501,19,37,37,62,82,82,82,82,82,19,59,59],"floor_reached":55,"playtime":36037,"items_purged":["Strike_G","Normality","Normality"],"score":1276,"play_id":"2ff1ae9b-1453-4845-9dc9-43f600b19d4b","local_time":"20190601004803","is_ascension_mode":true,"campfire_choices":[{"data":"Neutralize","floor":6.0,"key":"SMITH"},{"floor":8.0,"key":"REST"},{"floor":12.0,"key":"REST"},{"data":"Noxious Fumes","floor":15.0,"key":"SMITH"},{"data":"Caltrops","floor":23.0,"key":"SMITH"},{"data":"Night Terror","floor":32,"key":"SMITH"},{"data":"Footwork","floor":42,"key":"SMITH"},{"data":"Expertise","floor":46,"key":"SMITH"},{"floor":49,"key":"RECALL"},{"data":"Envenom","floor":52,"key":"SMITH"}],"neow_cost":"CURSE","seed_source_timestamp":0,"circlet_count":0,"master_deck":["AscendersBane","Defend_G","Defend_G","Defend_G","Defend_G","Defend_G","Survivor","Neutralize+1","Noxious Fumes+1","Predator","Footwork+1","Caltrops+1","PiercingWail+1","Night Terror+1","Infinite Blades","Acrobatics","Deflect+1","Bite+1","Bite+1","Bite+1","Bite+1","Bite+1","Envenom+1","Riddle With Holes+1","Well Laid Plans+1","Blur+1","Backflip","Backflip","Panache","Expertise+1","Crippling Poison"],"special_seed":0,"relics":["Ring of the Snake","Pen Nib","Molten Egg 2","Gremlin Horn","Golden Idol","Pantograph","Mummified Hand","Coffee Dripper","ClockworkSouvenir","Bottled Lightning","The Courier","Astrolabe","TwistedFunnel","Blue Candle","Tiny Chest","Toy Ornithopter","Centennial Puzzle","Anchor"],"potions_floor_usage":[33,35,40,45,50,54,55],"damage_taken":[{"damage":6.0,"enemies":"Jaw Worm","floor":1.0,"turns":8.0},{"damage":34.0,"enemies":"Gremlin Nob","floor":7.0,"turns":6.0},{"damage":32.0,"enemies":"Lagavulin","floor":14.0,"turns":8.0},{"damage":17.0,"enemies":"Hexaghost","floor":16.0,"turns":11.0},{"damage":4.0,"enemies":"Spheric Guardian","floor":18.0,"turns":4.0},{"damage":0.0,"enemies":"2 Thieves","floor":21.0,"turns":4.0},{"damage":12.0,"enemies":"Book of Stabbing","floor":24.0,"turns":5.0},{"damage":0.0,"enemies":"Snake Plant","floor":25.0,"turns":2.0},{"damage":15.0,"enemies":"Sentry and Sphere","floor":28.0,"turns":9.0},{"damage":3,"enemies":"Cultist and Chosen","floor":30,"turns":6},{"damage":60,"enemies":"Champ","floor":33,"turns":17},{"damage":21,"enemies":"Orb Walker","floor":35,"turns":4},{"damage":37,"enemies":"Nemesis","floor":40,"turns":9},{"damage":21,"enemies":"3 Darklings","floor":41,"turns":4},{"damage":4,"enemies":"Sphere and 2 Shapes","floor":45,"turns":5},{"damage":7,"enemies":"Spire Growth","floor":47,"turns":5},{"damage":3,"enemies":"Jaw Worm Horde","floor":48,"turns":4},{"damage":20,"enemies":"Donu and Deca","floor":50,"turns":11},{"damage":37,"enemies":"Shield and Spear","floor":54,"turns":9},{"damage":69,"enemies":"The Heart","floor":55,"turns":6}],"seed_played":"6518546656431249516","potions_obtained":[{"floor":14.0,"key":"Strength Potion"},{"floor":18.0,"key":"SneckoOil"},{"floor":21.0,"key":"Dexterity Potion"},{"floor":25.0,"key":"Swift Potion"},{"floor":28.0,"key":"GamblersBrew"},{"floor":33,"key":"Weak Potion"},{"floor":45,"key":"Energy Potion"}],"is_trial":false,"path_per_floor":["M","?","?","$","?","R","E","R","T","$","?","R","T","E","R","B",null,"M","$","?","M","?","R","E","M","T","$","M","$","M","?","R","B",null,"M","?","?","$","?","E","M","R","T","$","M","R","M","M","R","B",null,"R","$","E","B"],"character_chosen":"THE_SILENT","items_purchased":["Predator","Pen Nib","Caltrops","PowerPotion","ClockworkSouvenir","Infinite Blades","TwistedFunnel","Blue Candle","Backflip","Panache","Expertise","Crippling Poison","Toy Ornithopter","Fire Potion","Weak Potion","Centennial Puzzle","LiquidBronze"],"campfire_rested":2,"item_purchase_floors":[4,4,10,10,19,27,38,38,38,38,38,38,44,44,44,44,53],"current_hp_per_floor":[53,42,35,35,35,35,1,20,20,20,20,38,38,6,6,14,49,45,45,45,45,45,45,33,33,33,33,18,18,15,15,15,15,35,26,26,26,26,26,16,7,7,7,7,23,23,37,40,40,40,40,40,40,40,0],"gold":59,"neow_bonus":"TWO_FIFTY_GOLD","is_prod":false,"is_daily":false,"chose_seed":false,"campfire_upgraded":7,"win_rate":0,"timestamp":1559364483,"path_taken":["M","?","?","$","?","R","E","R","T","$","?","R","?","E","R","BOSS","M","$","?","M","?","R","E","M","T","$","M","?","M","?","R","BOSS","M","?","?","$","?","E","M","R","T","$","M","R","?","M","R","BOSS","R","$","E","BOSS"],"build_version":"2019-01-23","purchased_purges":3,"victory":false,"max_hp_per_floor":[66,66,66,66,66,66,66,66,66,66,60,60,60,60,60,60,60,60,60,60,60,60,60,60,60,60,60,60,60,60,42,42,42,42,42,40,40,40,40,40,40,40,40,40,40,40,40,40,40,40,40,40,40,40,40],"card_choices":[{"not_picked":["Underhanded Strike","Cloak And Dagger"],"picked":"Noxious Fumes","floor":1.0},{"not_picked":["Accuracy","Venomology"],"picked":"Footwork","floor":7.0},{"not_picked":["Tactician","Flying Knee+1"],"picked":"Deflect","floor":14.0},{"not_picked":["Storm of Steel","After Image"],"picked":"Unload+1","floor":16.0},{"not_picked":["Blade Dance+1","Endless Agony+1","Masterful Stab+1"],"picked":"SKIP","floor":18.0},{"not_picked":["Quick Slash+1","Slice+1"],"picked":"PiercingWail+1","floor":21.0},{"not_picked":["Acrobatics","Corpse Explosion"],"picked":"Night Terror","floor":24.0},{"not_picked":["Bane+1","Blade Dance"],"picked":"Calculated Gamble","floor":25.0},{"not_picked":["Slice+1","Accuracy"],"picked":"Acrobatics","floor":28.0},{"not_picked":["Eviscerate+1","Poisoned Stab+1"],"picked":"Deflect+1","floor":30},{"not_picked":["A Thousand Cuts","Doppelganger"],"picked":"Envenom","floor":33},{"not_picked":["Flying Knee+1","Catalyst"],"picked":"Backflip","floor":35},{"not_picked":["Die Die Die+1","Skewer+1","Predator+1"],"picked":"SKIP","floor":40},{"not_picked":["Dagger Throw+1","Leg Sweep+1","Deadly Poison+1"],"picked":"SKIP","floor":41},{"not_picked":["Dagger Throw+1","Blade Dance","Heel Hook+1"],"picked":"SKIP","floor":45},{"not_picked":["Dagger Throw+1","Poisoned Stab+1","Deadly Poison"],"picked":"SKIP","floor":47},{"not_picked":["Die Die Die+1","Prepared+1","Deflect"],"picked":"SKIP","floor":48},{"not_picked":["Setup+1","Prepared","Crippling Poison"],"picked":"SKIP","floor":54}],"player_experience":2217131,"relics_obtained":[{"floor":7.0,"key":"Molten Egg 2"},{"floor":9.0,"key":"Gremlin Horn"},{"floor":13.0,"key":"Pantograph"},{"floor":14.0,"key":"Mummified Hand"},{"floor":24.0,"key":"Bottled Lightning"},{"floor":26.0,"key":"The Courier"},{"floor":40,"key":"Tiny Chest"},{"floor":54,"key":"Anchor"}],"event_choices":[{"damage_healed":0.0,"max_hp_gain":0.0,"max_hp_loss":0.0,"gold_gain":75.0,"event_name":"World of Goop","player_choice":"Gather Gold","floor":2.0,"gold_loss":0.0,"damage_taken":11.0},{"cards_removed":["Decay"],"damage_healed":0.0,"max_hp_gain":0.0,"max_hp_loss":0.0,"gold_gain":0.0,"event_name":"Golden Wing","player_choice":"Card Removal","floor":3.0,"gold_loss":0.0,"damage_taken":7.0},{"damage_healed":0.0,"max_hp_gain":0.0,"max_hp_loss":0.0,"gold_gain":0.0,"event_name":"Liars Game","player_choice":"Ignored","floor":5.0,"gold_loss":0.0,"damage_taken":0.0},{"damage_healed":0.0,"max_hp_gain":0.0,"max_hp_loss":6.0,"gold_gain":0.0,"event_name":"Golden Idol","player_choice":"Lose Max HP","floor":11.0,"gold_loss":0.0,"damage_taken":0.0,"relics_obtained":["Golden Idol"]},{"damage_healed":0.0,"max_hp_gain":0.0,"max_hp_loss":0.0,"gold_gain":0.0,"event_name":"Masked Bandits","player_choice":"Paid Fearfully","floor":20.0,"gold_loss":27.0,"damage_taken":0.0},{"cards_removed":["Strike_G"],"damage_healed":0.0,"max_hp_gain":0.0,"max_hp_loss":0.0,"gold_gain":0.0,"event_name":"Bonfire Elementals","player_choice":"Offered Basic","floor":22.0,"gold_loss":0.0,"damage_taken":0.0},{"damage_healed":0,"gold_gain":0,"player_choice":"Became a vampire","damage_taken":0,"max_hp_gain":0,"max_hp_loss":18,"event_name":"Vampires","floor":31,"gold_loss":0,"cards_obtained":["Bite","Bite","Bite","Bite","Bite"]},{"damage_healed":0,"gold_gain":0,"player_choice":"Max HP","damage_taken":0,"max_hp_gain":0,"max_hp_loss":2,"event_name":"Winding Halls","floor":36,"gold_loss":0},{"damage_healed":0,"gold_gain":999,"player_choice":"Gold","damage_taken":0,"max_hp_gain":0,"max_hp_loss":0,"event_name":"MindBloom","floor":37,"gold_loss":0,"cards_obtained":["Normality","Normality"]},{"damage_healed":0,"gold_gain":0,"player_choice":"Ignored","damage_taken":0,"max_hp_gain":0,"max_hp_loss":0,"event_name":"SecretPortal","floor":39,"gold_loss":0}],"is_beta":false,"boss_relics":[{"not_picked":["Empty Cage","White Beast Statue"],"picked":"Coffee Dripper"},{"not_picked":["Pandora\u0027s Box","HoveringKite"],"picked":"Astrolabe"}],"items_purged_floors":[10,38,44],"is_endless":false,"potions_floor_spawned":[14,18,21,25,28,33,45,47],"killed_by":"The Heart","ascension_level":16}