{"gold_per_floor":[113,113,113,113,134,174,174,174,224,249,249,285,285,328,328,426,426,426,341,178,178,118,118,118,118,118,118,118,118,118,118],"floor_reached":31,"playtime":1589,"items_purged":[],"score":600,"play_id":"a725df79-ab4b-42cc-8340-b47a182a2695","local_time":"20190623205242","is_ascension_mode":true,"campfire_choices":[{"floor":8.0,"key":"REST"},{"floor":13.0,"key":"REST"},{"data":"Inflame","floor":15.0,"key":"SMITH"},{"data":"Demon Form","floor":23.0,"key":"SMITH"},{"data":"Impervious","floor":28.0,"key":"SMITH"}],"neow_cost":"NONE","seed_source_timestamp":0,"circlet_count":0,"master_deck":["AscendersBane","Strike_R","Strike_R","Strike_R+1","Strike_R","Defend_R","Defend_R","Defend_R","Defend_R","Bash","Clothesline+1","Pommel Strike","Anger","Inflame+1","Iron Wave","Impervious+1","Demon Form+1","Burning Pact+1","Flame Barrier","Feel No Pain+1","Shrug It Off"],"special_seed":0,"relics":["Burning Blood","NeowsBlessing","Gambling Chip","Golden Idol","Pen Nib","Omamori","Thread and Needle","Dream Catcher","Ectoplasm","Orichalcum","Oddly Smooth Stone","Molten Egg 2","Dodecahedron","Magic Flower"],"potions_floor_usage":[31],"damage_taken":[{"damage":0.0,"enemies":"2 Louse","floor":1.0,"turns":1.0},{"damage":0.0,"enemies":"Jaw Worm","floor":5.0,"turns":1.0},{"damage":0.0,"enemies":"Lagavulin","floor":6.0,"turns":1.0},{"damage":3.0,"enemies":"Small Slimes","floor":10.0,"turns":4.0},{"damage":35.0,"enemies":"3 Sentries","floor":12.0,"turns":7.0},{"damage":13.0,"enemies":"Lagavulin","floor":14.0,"turns":4.0},{"damage":38.0,"enemies":"Hexaghost","floor":16.0,"turns":8.0},{"damage":8.0,"enemies":"Chosen","floor":18.0,"turns":4.0},{"damage":12.0,"enemies":"2 Thieves","floor":22.0,"turns":4.0},{"damage":13.0,"enemies":"Cultist and Chosen","floor":24.0,"turns":6.0},{"damage":13.0,"enemies":"Gremlin Leader","floor":25.0,"turns":7.0},{"damage":9.0,"enemies":"Centurion and Healer","floor":27.0,"turns":5.0},{"damage":14.0,"enemies":"Snake Plant","floor":29.0,"turns":4.0},{"damage":29.0,"enemies":"Book of Stabbing","floor":30.0,"turns":7.0},{"damage":20,"enemies":"Chosen and Byrds","floor":31,"turns":4}],"seed_played":"-30489807341745032","potions_obtained":[{"floor":10.0,"key":"Energy Potion"},{"floor":12.0,"key":"Regen Potion"},{"floor":14.0,"key":"BloodPotion"},{"floor":18.0,"key":"Poison Potion"},{"floor":21.0,"key":"Fruit Juice"},{"floor":21.0,"key":"SteroidPotion"},{"floor":25.0,"key":"SkillPotion"},{"floor":27.0,"key":"EssenceOfSteel"},{"floor":29.0,"key":"Fire Potion"}],"is_trial":false,"path_per_floor":["M","?","?","?","M","E","?","R","T","M","?","E","R","E","R","B",null,"M","?","$","?","M","R","M","E","T","M","R","M","E","M"],"character_chosen":"IRONCLAD","items_purchased":["Oddly Smooth Stone"],"campfire_rested":2,"item_purchase_floors":[20],"current_hp_per_floor":[74,69,74,46,52,58,34,58,58,61,54,25,49,54,54,30,68,66,66,66,71,65,65,58,51,51,48,48,40,17,0],"gold":118,"neow_bonus":"THREE_ENEMY_KILL","is_prod":false,"is_daily":false,"chose_seed":false,"campfire_upgraded":3,"win_rate":0,"timestamp":1561348362,"path_taken":["M","?","?","?","M","E","?","R","T","M","?","E","R","E","R","BOSS","M","?","$","?","M","R","M","E","T","M","R","M","E","M"],"build_version":"2019-01-23","purchased_purges":0,"victory":false,"max_hp_per_floor":[75,75,80,80,80,80,80,80,80,80,80,80,80,80,80,80,80,80,80,80,85,85,85,85,85,85,85,85,85,85,85],"card_choices":[{"not_picked":["Perfected Strike","Intimidate"],"picked":"Clothesline","floor":1.0},{"not_picked":["Twin Strike","Warcry"],"picked":"Pommel Strike","floor":5.0},{"not_picked":["Ghostly Armor","Spot Weakness"],"picked":"Anger","floor":6.0},{"not_picked":["Metallicize","Perfected Strike"],"picked":"Inflame","floor":10.0},{"not_picked":["Fire Breathing","Flex"],"picked":"Iron Wave","floor":12.0},{"not_picked":["Infernal Blade","True Grit"],"picked":"Impervious","floor":14.0},{"not_picked":["Juggernaut","Berserk"],"picked":"Demon Form","floor":16.0},{"not_picked":["Pommel Strike","Thunderclap"],"picked":"Burning Pact+1","floor":18.0},{"not_picked":["Sword Boomerang","Havoc"],"picked":"Flame Barrier","floor":22.0},{"not_picked":["Flex+1","Power Through"],"picked":"Feel No Pain+1","floor":24.0},{"not_picked":["Juggernaut","Blood for Blood","Rupture"],"picked":"SKIP","floor":25.0},{"not_picked":["Perfected Strike+1","Carnage+1","Infernal Blade"],"picked":"SKIP","floor":27.0},{"not_picked":["Disarm","Armaments+1"],"picked":"Shrug It Off","floor":29.0},{"not_picked":["Bloodletting","Berserk","Pommel Strike+1"],"picked":"SKIP","floor":30.0}],"player_experience":538121,"relics_obtained":[{"floor":6.0,"key":"Pen Nib"},{"floor":9.0,"key":"Omamori"},{"floor":12.0,"key":"Thread and Needle"},{"floor":14.0,"key":"Dream Catcher"},{"floor":25.0,"key":"Molten Egg 2"},{"floor":26.0,"key":"Dodecahedron"},{"floor":30.0,"key":"Magic Flower"}],"event_choices":[{"damage_healed":0.0,"max_hp_gain":0.0,"max_hp_loss":0.0,"gold_gain":0.0,"event_name":"Scrap Ooze","player_choice":"Success","floor":2.0,"gold_loss":0.0,"damage_taken":5.0,"relics_obtained":["Gambling Chip"]},{"damage_healed":0.0,"max_hp_gain":5.0,"max_hp_loss":0.0,"gold_gain":0.0,"event_name":"Big Fish","player_choice":"Donut","floor":3.0,"gold_loss":0.0,"damage_taken":0.0},{"damage_healed":0.0,"max_hp_gain":0.0,"max_hp_loss":0.0,"gold_gain":0.0,"event_name":"Golden Idol","player_choice":"Take Damage","floor":4.0,"gold_loss":0.0,"damage_taken":28.0,"relics_obtained":["Golden Idol"]},{"damage_healed":0.0,"max_hp_gain":0.0,"max_hp_loss":0.0,"gold_gain":0.0,"event_name":"Shining Light","player_choice":"Entered Light","floor":7.0,"gold_loss":0.0,"damage_taken":24.0,"cards_upgraded":["Strike_R","Clothesline"]},{"cards_removed":["Strike_R"],"damage_healed":0.0,"max_hp_gain":0.0,"max_hp_loss":0.0,"gold_gain":0.0,"event_name":"Golden Wing","player_choice":"Card Removal","floor":11.0,"gold_loss":0.0,"damage_taken":7.0},{"damage_healed":0.0,"max_hp_gain":0.0,"max_hp_loss":0.0,"gold_gain":0.0,"event_name":"Addict","player_choice":"Obtained Relic","floor":19.0,"gold_loss":85.0,"damage_taken":0.0,"relics_obtained":["Orichalcum"]},{"damage_healed":0.0,"max_hp_gain":0.0,"max_hp_loss":0.0,"gold_gain":0.0,"event_name":"Lab","player_choice":"Got Potions","floor":21.0,"gold_loss":0.0,"damage_taken":0.0}],"is_beta":false,"boss_relics":[{"not_picked":["Calling Bell","Cursed Key"],"picked":"Ectoplasm"}],"items_purged_floors":[],"is_endless":false,"potions_floor_spawned":[10,12,14,18,25,27,29],"killed_by":"Chosen and Byrds","ascension_level":18}