{"gold_per_floor":[116,136,154,171,7,23,53,78,104,104,131,131,166,179,179,274,274,293,304,304,56,56,85,99,131,180,180,180,194,194,194,194,294,294,308,308,323,323,335,367,367,378,451,469,487,519,25,35,35,35],"floor_reached":50,"playtime":4590,"items_purged":[],"score":614,"play_id":"beb38a47-3f5a-4af4-b723-777532af7f7f","local_time":"20181116002509","is_ascension_mode":false,"campfire_choices":[{"floor":10,"key":"REST"},{"data":"Inflame","floor":12,"key":"SMITH"},{"floor":15,"key":"REST"},{"floor":28,"key":"REST"},{"data":"Bludgeon","floor":30,"key":"SMITH"},{"data":"Perfected Strike","floor":32,"key":"SMITH"},{"floor":41,"key":"REST"},{"floor":49,"key":"REST"}],"neow_cost":"","seed_source_timestamp":28132377457661,"circlet_count":0,"master_deck":["Strike_R+1","Strike_R","Strike_R","Strike_R","Strike_R+1","Defend_R+1","Defend_R","Defend_R","Defend_R","Bash","Pommel Strike","Combust","Pommel Strike","Flame Barrier","Inflame+1","Bandage Up+1","Armaments","Shrug It Off","Blood for Blood+1","Perfected Strike","Cleave","Bludgeon+1","Clothesline+1","Metallicize","Anger","Combust","Dramatic Entrance","Finesse","Perfected Strike+1","Anger","Armaments","Seeing Red+1","Demon Form","Headbutt","Flash of Steel","The Bomb","Secret Weapon","Cleave","Armaments+1","Inflame+1","Metallicize+1","Fire Breathing+1","Secret Technique","Panacea","Pommel Strike"],"relics":["Burning Blood","Centennial Puzzle","Bronze Scales","Anchor","Bag of Marbles","Whetstone","Velvet Choker","Pen Nib","Mercury Hourglass","War Paint","Ancient Tea Set","Nilry\u0027s Codex","Mark of Pain","NlothsMask","Potion Belt","Orichalcum","Lantern"],"potions_floor_usage":[13,16,16,16,33,33,42,44,45,46,50,50],"damage_taken":[{"damage":5,"enemies":"Cultist","floor":1,"turns":6},{"damage":0,"enemies":"2 Louse","floor":2,"turns":3},{"damage":7,"enemies":"Jaw Worm","floor":3,"turns":4},{"damage":36,"enemies":"Gremlin Gang","floor":4,"turns":4},{"damage":12,"enemies":"3 Louse","floor":6,"turns":4},{"damage":26,"enemies":"Gremlin Nob","floor":7,"turns":5},{"damage":18,"enemies":"3 Sentries","floor":11,"turns":6},{"damage":16,"enemies":"Lagavulin","floor":13,"turns":7},{"damage":10,"enemies":"Exordium Thugs","floor":14,"turns":4},{"damage":45,"enemies":"The Guardian","floor":16,"turns":7},{"damage":0,"enemies":"Chosen","floor":18,"turns":3},{"damage":2,"enemies":"2 Thieves","floor":19,"turns":3},{"damage":15,"enemies":"Book of Stabbing","floor":23,"turns":5},{"damage":12,"enemies":"Snecko","floor":24,"turns":3},{"damage":4,"enemies":"Gremlin Leader","floor":25,"turns":4},{"damage":6,"enemies":"Snake Plant","floor":29,"turns":2},{"damage":22,"enemies":"Champ","floor":33,"turns":6},{"damage":0,"enemies":"Orb Walker","floor":35,"turns":3},{"damage":18,"enemies":"3 Darklings","floor":37,"turns":4},{"damage":7,"enemies":"Sphere and 2 Shapes","floor":39,"turns":3},{"damage":45,"enemies":"Nemesis","floor":40,"turns":3},{"damage":32,"enemies":"Maw","floor":42,"turns":7},{"damage":4,"enemies":"Spire Growth","floor":44,"turns":3},{"damage":1,"enemies":"Transient","floor":45,"turns":5},{"damage":15,"enemies":"Reptomancer","floor":46,"turns":4},{"damage":10,"enemies":"4 Shapes","floor":48,"turns":3},{"damage":65,"enemies":"Awakened One","floor":50,"turns":5}],"seed_played":"6298252601286069488","potions_obtained":[{"floor":4,"key":"Swift Potion"},{"floor":6,"key":"FearPotion"},{"floor":11,"key":"SteroidPotion"},{"floor":13,"key":"SmokeBomb"},{"floor":14,"key":"BloodPotion"},{"floor":18,"key":"GamblersBrew"},{"floor":23,"key":"Swift Potion"},{"floor":29,"key":"SpeedPotion"},{"floor":39,"key":"Ancient Potion"},{"floor":40,"key":"AttackPotion"},{"floor":42,"key":"FearPotion"},{"floor":44,"key":"SpeedPotion"},{"floor":46,"key":"SmokeBomb"}],"is_trial":false,"path_per_floor":["M","M","M","M","$","M","E","T","T","R","E","R","E","M","R","B",null,"M","M","?","$","?","E","M","E","T","?","R","M","R","?","R","B",null,"M","?","M","?","M","E","R","M","T","M","M","E","$","M","R","B"],"character_chosen":"IRONCLAD","items_purchased":["Inflame","Bandage Up","Pen Nib","Anger","Combust","Lantern","Secret Technique","Panacea","PowerPotion"],"campfire_rested":5,"item_purchase_floors":[5,5,21,21,21,47,47,47,47],"current_hp_per_floor":[80,80,79,49,49,47,31,31,31,55,47,47,41,41,65,38,80,80,80,80,80,56,51,49,51,51,35,59,65,65,65,65,55,80,80,70,64,64,69,30,54,34,34,36,47,44,44,40,64,0],"gold":35,"neow_bonus":"","is_prod":false,"is_daily":false,"chose_seed":false,"campfire_upgraded":3,"win_rate":0.0,"timestamp":1542345909,"path_taken":["M","M","M","M","?","M","E","?","T","R","E","R","E","M","R","BOSS","M","M","?","$","?","E","?","E","T","?","R","M","R","?","R","BOSS","M","?","M","?","M","E","R","M","T","M","?","E","$","M","R","BOSS"],"build_version":"2018-11-15","purchased_purges":0,"victory":false,"max_hp_per_floor":[80,80,80,80,80,80,80,80,80,80,80,80,80,80,80,80,80,80,80,80,80,80,80,80,80,80,80,80,80,80,80,80,80,80,80,80,80,80,80,80,80,80,80,80,80,80,80,80,80,80],"card_choices":[{"not_picked":["Armaments","Body Slam"],"picked":"Pommel Strike","floor":1},{"not_picked":["Rampage","Sever Soul"],"picked":"Combust","floor":2},{"not_picked":["Sword Boomerang","Rupture"],"picked":"Pommel Strike","floor":3},{"not_picked":["Battle Trance","Twin Strike"],"picked":"Flame Barrier","floor":4},{"not_picked":["Feel No Pain","Anger"],"picked":"Armaments","floor":6},{"not_picked":["Feed","Thunderclap"],"picked":"Shrug It Off","floor":7},{"not_picked":["Corruption","Pummel"],"picked":"Blood for Blood","floor":11},{"not_picked":["Barricade","Uppercut"],"picked":"Perfected Strike","floor":13},{"not_picked":["Armaments","Burning Pact"],"picked":"Cleave","floor":14},{"not_picked":["Offering","Fiend Fire"],"picked":"Bludgeon","floor":16},{"not_picked":["Headbutt","Burning Pact"],"picked":"Clothesline+1","floor":18},{"not_picked":["Second Wind","Shrug It Off"],"picked":"Metallicize","floor":19},{"not_picked":["Reaper","Burning Pact"],"picked":"Perfected Strike","floor":23},{"not_picked":["True Grit","Pummel+1"],"picked":"Anger","floor":24},{"not_picked":["Rampage","Hemokinesis"],"picked":"Armaments","floor":25},{"not_picked":["Inflame","Headbutt"],"picked":"Seeing Red+1","floor":29},{"not_picked":["Juggernaut","Double Tap"],"picked":"Demon Form","floor":33},{"not_picked":["True Grit","Uppercut"],"picked":"Headbutt","floor":35},{"not_picked":["Panacea","Madness"],"picked":"Flash of Steel","floor":36},{"not_picked":["Thinking Ahead","Forethought"],"picked":"The Bomb","floor":36},{"not_picked":["HandOfGreed","Impatience"],"picked":"Secret Weapon","floor":36},{"not_picked":["Anger","Sword Boomerang+1"],"picked":"Cleave","floor":37},{"not_picked":["Flex","Blood for Blood","Twin Strike"],"picked":"SKIP","floor":39},{"not_picked":["Juggernaut","Reckless Charge+1"],"picked":"Armaments+1","floor":40},{"not_picked":["True Grit","Cleave"],"picked":"Inflame+1","floor":42},{"not_picked":["Flame Barrier+1","Headbutt"],"picked":"Metallicize+1","floor":44},{"not_picked":["Anger+1","Sever Soul+1"],"picked":"Fire Breathing+1","floor":45},{"not_picked":["Flex+1","Thunderclap+1","Sword Boomerang"],"picked":"SKIP","floor":46},{"not_picked":["Iron Wave","Cleave+1"],"picked":"Pommel Strike","floor":48}],"player_experience":0,"relics_obtained":[{"floor":7,"key":"Centennial Puzzle"},{"floor":8,"key":"Bronze Scales"},{"floor":9,"key":"Anchor"},{"floor":11,"key":"Bag of Marbles"},{"floor":13,"key":"Whetstone"},{"floor":23,"key":"Mercury Hourglass"},{"floor":25,"key":"War Paint"},{"floor":26,"key":"Ancient Tea Set"},{"floor":27,"key":"Nilry\u0027s Codex"},{"floor":40,"key":"Potion Belt"},{"floor":46,"key":"Orichalcum"}],"event_choices":[{"damage_healed":0,"gold_gain":0,"player_choice":"Ignored","damage_taken":0,"max_hp_gain":0,"max_hp_loss":0,"event_name":"Beggar","floor":20,"gold_loss":0},{"damage_healed":0,"gold_gain":0,"player_choice":"CARD CARD ","damage_taken":24,"max_hp_gain":0,"max_hp_loss":0,"event_name":"Knowing Skull","floor":22,"potions_obtained":[],"gold_loss":0,"cards_obtained":["Dramatic Entrance","Finesse"]},{"damage_healed":0,"gold_gain":0,"player_choice":"Obtained Book","damage_taken":16,"max_hp_gain":0,"max_hp_loss":0,"event_name":"Cursed Tome","floor":27,"gold_loss":0},{"damage_healed":0,"gold_gain":0,"player_choice":"Upgraded","damage_taken":0,"max_hp_gain":0,"max_hp_loss":0,"event_name":"Upgrade Shrine","floor":31,"gold_loss":0,"cards_upgraded":["Blood for Blood"]},{"damage_healed":0,"gold_gain":0,"player_choice":"Memory 3","damage_taken":10,"max_hp_gain":0,"max_hp_loss":0,"event_name":"SensoryStone","floor":36,"gold_loss":0},{"damage_healed":0,"gold_gain":0,"player_choice":"Trade","damage_taken":0,"relics_obtained":["NlothsMask"],"max_hp_gain":0,"max_hp_loss":0,"event_name":"FaceTrader","floor":38,"gold_loss":0}],"is_beta":false,"boss_relics":[{"not_picked":["Eternal Feather","Runic Cube"],"picked":"Velvet Choker"},{"not_picked":["Philosopher\u0027s Stone","Calling Bell"],"picked":"Mark of Pain"}],"items_purged_floors":[],"is_endless":false,"potions_floor_spawned":[4,6,11,13,14,18,23,29,39,40,42,44,46],"killed_by":"Awakened One","ascension_level":0}