{"gold_per_floor":[117,135,135,83,94,127,127,159,212,161,161,177,202,217,217,322,322,332,332,332,351,364,364,395,344,344,73,92,92,92,108,108,213,213,225,580,580,596,696,696,725,725,725,745,763,8,8,8,8,8],"floor_reached":51,"playtime":1824,"items_purged":["Strike_R"],"score":1266,"play_id":"e13e2261-6ed2-4344-88d0-c9e9f7247116","local_time":"20190618210648","is_ascension_mode":true,"campfire_choices":[{"data":"Limit Break","floor":7.0,"key":"SMITH"},{"data":"Flex","floor":15.0,"key":"SMITH"},{"data":"Offering","floor":23.0,"key":"SMITH"},{"data":"Whirlwind","floor":29.0,"key":"SMITH"},{"floor":32.0,"key":"REST"},{"floor":40.0,"key":"REST"},{"data":"Reaper","floor":42.0,"key":"SMITH"},{"floor":47.0,"key":"REST"},{"floor":49.0,"key":"REST"}],"neow_cost":"NONE","seed_source_timestamp":0,"circlet_count":0,"master_deck":["AscendersBane","Strike_R","Defend_R","Defend_R","Defend_R","Defend_R","Bash+1","Limit Break+1","Flex+1","Cleave","Warcry","Cleave","Reaper+1","Flex","Offering+1","Apotheosis+1","Whirlwind+1","Seeing Red+1","Rupture","Armaments+1","Exhume+1","Spot Weakness+1","Twin Strike","Pummel+1","Thinking Ahead+1","Shrug It Off+1","Shrug It Off+1","Twin Strike","Madness+1","Madness+1"],"special_seed":0,"relics":["Burning Blood","Gremlin Horn","Bag of Marbles","Dream Catcher","Strawberry","Busted Crown","FaceOfCleric","Paper Frog","Toxic Egg 2","Orrery","Old Coin","StoneCalendar","Lantern","Peace Pipe","Bottled Lightning","Pear"],"potions_floor_usage":[50],"damage_taken":[{"damage":10.0,"enemies":"Small Slimes","floor":1.0,"turns":3.0},{"damage":1.0,"enemies":"Cultist","floor":2.0,"turns":3.0},{"damage":2.0,"enemies":"Jaw Worm","floor":5.0,"turns":3.0},{"damage":35.0,"enemies":"3 Sentries","floor":6.0,"turns":6.0},{"damage":24.0,"enemies":"Gremlin Nob","floor":8.0,"turns":4.0},{"damage":0.0,"enemies":"Exordium Wildlife","floor":12.0,"turns":3.0},{"damage":0.0,"enemies":"3 Sentries","floor":13.0,"turns":2.0},{"damage":12.0,"enemies":"3 Louse","floor":14.0,"turns":2.0},{"damage":73.0,"enemies":"The Guardian","floor":16.0,"turns":12.0},{"damage":6.0,"enemies":"3 Byrds","floor":18.0,"turns":2.0},{"damage":18.0,"enemies":"Colosseum Slavers","floor":19.0,"turns":2.0},{"damage":63.0,"enemies":"Spheric Guardian","floor":21.0,"turns":6.0},{"damage":6.0,"enemies":"Cultist and Chosen","floor":22.0,"turns":1.0},{"damage":50.0,"enemies":"Book of Stabbing","floor":24.0,"turns":4.0},{"damage":6.0,"enemies":"Snake Plant","floor":28.0,"turns":1.0},{"damage":12.0,"enemies":"Centurion and Healer","floor":31.0,"turns":2.0},{"damage":20.0,"enemies":"Champ","floor":33.0,"turns":5.0},{"damage":42.0,"enemies":"3 Shapes","floor":35.0,"turns":7.0},{"damage":70.0,"enemies":"2 Orb Walkers","floor":36.0,"turns":4.0},{"damage":11.0,"enemies":"3 Darklings","floor":38.0,"turns":3.0},{"damage":0.0,"enemies":"Mind Bloom Boss Battle","floor":39.0,"turns":4.0},{"damage":6.0,"enemies":"Nemesis","floor":41.0,"turns":3.0},{"damage":16.0,"enemies":"Maw","floor":44.0,"turns":5.0},{"damage":47.0,"enemies":"4 Shapes","floor":45.0,"turns":4.0},{"damage":116,"enemies":"Time Eater","floor":50,"turns":8}],"seed_played":"203557309265523645","potions_obtained":[{"floor":5.0,"key":"SkillPotion"},{"floor":6.0,"key":"FearPotion"},{"floor":8.0,"key":"Swift Potion"},{"floor":14.0,"key":"BloodPotion"},{"floor":21.0,"key":"Swift Potion"},{"floor":31.0,"key":"AttackPotion"},{"floor":33.0,"key":"BloodPotion"},{"floor":36.0,"key":"AttackPotion"},{"floor":38.0,"key":"PowerPotion"}],"is_trial":false,"path_per_floor":["M","M","?","$","M","E","R","E","T","$","?","M","E","M","R","B",null,"M","?","?","M","M","R","E","$","T","$","M","R","?","M","R","B",null,"M","?","?","M","?","R","E","R","T","M","M","$","R","?","R","B",null],"character_chosen":"IRONCLAD","items_purchased":["Cleave","AttackPotion","PowerPotion","Apotheosis+1","Whirlwind","Bottled Lightning","BloodPotion","Shrug It Off+1","Pear","Twin Strike"],"campfire_rested":4,"item_purchase_floors":[4,10,25,27,27,46,46,46,46,46],"current_hp_per_floor":[68,73,73,73,77,56,56,44,44,44,44,56,81,75,75,24,71,78,76,76,20,69,69,44,44,44,44,45,45,45,40,67,86,91,56,44,44,40,57,86,87,87,87,78,38,48,81,67,100,23],"gold":8,"neow_bonus":"ONE_RANDOM_RARE_CARD","is_prod":false,"is_daily":false,"chose_seed":false,"campfire_upgraded":5,"win_rate":0,"timestamp":1560863208,"path_taken":["M","M","?","$","?","E","R","E","T","$","?","M","E","M","R","BOSS","M","?","?","M","?","R","E","$","T","$","M","R","?","M","R","BOSS","M","?","?","M","?","R","E","R","T","?","?","$","R","?","R","BOSS"],"build_version":"2019-01-23","purchased_purges":1,"victory":true,"max_hp_per_floor":[80,80,80,80,80,80,80,80,80,80,80,80,87,87,87,87,87,87,87,87,88,89,89,90,90,90,90,91,91,91,92,92,93,93,94,95,95,96,97,97,98,98,98,99,100,110,110,110,110,111],"card_choices":[{"not_picked":["Havoc","Corruption"],"picked":"Flex","floor":1.0},{"not_picked":["Dual Wield","True Grit"],"picked":"Cleave","floor":2.0},{"not_picked":["Iron Wave","Ghostly Armor"],"picked":"Reaper","floor":5.0},{"not_picked":["True Grit","Warcry"],"picked":"Flex","floor":6.0},{"not_picked":["Searing Blow","Rampage","Combust"],"picked":"SKIP","floor":8.0},{"not_picked":["Headbutt","Warcry","Clash"],"picked":"SKIP","floor":12.0},{"not_picked":["Barricade","Pummel","Warcry"],"picked":"SKIP","floor":13.0},{"not_picked":["Rage","Heavy Blade","Iron Wave"],"picked":"SKIP","floor":14.0},{"not_picked":["Feed","Exhume"],"picked":"Offering","floor":16.0},{"not_picked":["Body Slam"],"picked":"SKIP","floor":18.0},{"not_picked":["Body Slam"],"picked":"SKIP","floor":21.0},{"not_picked":["Second Wind+1"],"picked":"SKIP","floor":22.0},{"not_picked":["Wild Strike+1"],"picked":"SKIP","floor":24.0},{"not_picked":["Iron Wave"],"picked":"SKIP","floor":28.0},{"not_picked":["Wild Strike"],"picked":"SKIP","floor":31.0},{"not_picked":[],"picked":"Armaments+1","floor":32.0},{"not_picked":[],"picked":"Exhume+1","floor":33.0},{"not_picked":[],"picked":"Spot Weakness+1","floor":34.0},{"not_picked":[],"picked":"Twin Strike","floor":34.0},{"not_picked":["Body Slam"],"picked":"SKIP","floor":35.0},{"not_picked":[],"picked":"Pummel+1","floor":36.0},{"not_picked":[],"picked":"Thinking Ahead+1","floor":37.0},{"not_picked":["Sever Soul"],"picked":"SKIP","floor":38.0},{"not_picked":["Anger"],"picked":"SKIP","floor":41.0},{"not_picked":["Reckless Charge"],"picked":"SKIP","floor":44.0},{"not_picked":[],"picked":"Shrug It Off+1","floor":45.0}],"player_experience":534159,"relics_obtained":[{"floor":6.0,"key":"Gremlin Horn"},{"floor":8.0,"key":"Bag of Marbles"},{"floor":9.0,"key":"Dream Catcher"},{"floor":13.0,"key":"Strawberry"},{"floor":24.0,"key":"Paper Frog"},{"floor":26.0,"key":"Toxic Egg 2"},{"floor":36.0,"key":"Old Coin"},{"floor":39.0,"key":"StoneCalendar"},{"floor":41.0,"key":"Lantern"},{"floor":43.0,"key":"Peace Pipe"}],"event_choices":[{"damage_healed":0.0,"max_hp_gain":0.0,"max_hp_loss":0.0,"gold_gain":0.0,"cards_transformed":["Strike_R"],"event_name":"Transmorgrifier","player_choice":"Transformed","floor":3.0,"gold_loss":0.0,"damage_taken":0.0,"cards_obtained":["Warcry"]},{"damage_healed":0.0,"max_hp_gain":0.0,"max_hp_loss":0.0,"gold_gain":0.0,"event_name":"Living Wall","player_choice":"Grow","floor":11.0,"gold_loss":0.0,"damage_taken":0.0,"cards_upgraded":["Bash"]},{"damage_healed":0.0,"max_hp_gain":0.0,"max_hp_loss":0.0,"gold_gain":0.0,"event_name":"Colosseum","player_choice":"Fight","floor":19.0,"gold_loss":0.0,"damage_taken":0.0},{"damage_healed":0.0,"max_hp_gain":0.0,"max_hp_loss":0.0,"gold_gain":0.0,"event_name":"Colosseum","player_choice":"Fled From Nobs","floor":19.0,"gold_loss":0.0,"damage_taken":0.0},{"damage_healed":0.0,"max_hp_gain":0.0,"max_hp_loss":0.0,"gold_gain":0.0,"event_name":"FaceTrader","player_choice":"Trade","floor":20.0,"gold_loss":0.0,"damage_taken":0.0,"relics_obtained":["FaceOfCleric"]},{"damage_healed":0.0,"max_hp_gain":0.0,"max_hp_loss":0.0,"gold_gain":0.0,"cards_transformed":["Strike_R","Strike_R"],"event_name":"Drug Dealer","player_choice":"Became Test Subject","floor":30.0,"gold_loss":0.0,"damage_taken":0.0,"cards_obtained":["Seeing Red","Rupture"]},{"damage_healed":0.0,"max_hp_gain":0.0,"max_hp_loss":0.0,"gold_gain":0.0,"event_name":"Mysterious Sphere","player_choice":"Fight","floor":36.0,"gold_loss":0.0,"damage_taken":0.0},{"damage_healed":0.0,"max_hp_gain":0.0,"max_hp_loss":0.0,"gold_gain":0.0,"event_name":"SensoryStone","player_choice":"Memory 1","floor":37.0,"gold_loss":0.0,"damage_taken":0.0},{"damage_healed":0.0,"max_hp_gain":0.0,"max_hp_loss":0.0,"gold_gain":0.0,"event_name":"MindBloom","player_choice":"Fight","floor":39.0,"gold_loss":0.0,"damage_taken":0.0},{"damage_healed":0.0,"max_hp_gain":0.0,"max_hp_loss":0.0,"gold_gain":0.0,"event_name":"Winding Halls","player_choice":"Embrace Madness","floor":48.0,"gold_loss":0.0,"damage_taken":14.0,"cards_obtained":["Madness","Madness"]}],"is_beta":false,"boss_relics":[{"not_picked":["Mark of Pain","Black Star"],"picked":"Busted Crown"},{"not_picked":["Runic Dome","Calling Bell"],"picked":"Orrery"}],"items_purged_floors":[46],"is_endless":false,"potions_floor_spawned":[5,6,8,14,19,21,31,33,36,38],"ascension_level":12}