{"gold_per_floor":[112,13,33,108,8,35,0,0,0,19,19,51,51,61,61,156,156,130,229,242,242],"floor_reached":21,"playtime":1695,"items_purged":["Strike_G","Defend_G"],"score":206,"play_id":"7f521cc1-c8a8-4c0a-b498-00a8e0d7386f","local_time":"20190611205738","is_ascension_mode":true,"campfire_choices":[{"data":"Reflex","floor":8,"key":"SMITH"},{"floor":13,"key":"REST"},{"floor":15,"key":"REST"}],"neow_cost":"NONE","seed_source_timestamp":4912033410419658,"circlet_count":0,"master_deck":["Defend_G","Defend_G","Defend_G","Defend_G","Strike_G","Strike_G","Strike_G","Survivor","Neutralize+1","Calculated Gamble","Acrobatics","Caltrops","Reflex+1","Adrenaline","Deflect"],"relics":["Ring of the Snake","Letter Opener","Darkstone Periapt","Bottled Lightning","Busted Crown"],"potions_floor_usage":[16,16],"damage_taken":[{"damage":0,"enemies":"Cultist","floor":1,"turns":6},{"damage":0,"enemies":"Jaw Worm","floor":3,"turns":6},{"damage":21,"enemies":"Gremlin Nob","floor":6,"turns":6},{"damage":2,"enemies":"2 Louse","floor":10,"turns":4},{"damage":28,"enemies":"Lagavulin","floor":12,"turns":14},{"damage":11,"enemies":"Large Slime","floor":14,"turns":11},{"damage":43,"enemies":"The Guardian","floor":16,"turns":20},{"damage":15,"enemies":"2 Thieves","floor":18,"turns":5},{"damage":31,"enemies":"Chosen","floor":20,"turns":8},{"damage":24,"enemies":"Centurion and Healer","floor":21,"turns":13}],"seed_played":"-7104364768813947780","potions_obtained":[{"floor":3,"key":"Poison Potion"},{"floor":10,"key":"EssenceOfSteel"},{"floor":16,"key":"Swift Potion"},{"floor":20,"key":"Block Potion"}],"is_trial":false,"path_per_floor":["M","$","M","?","$","E","?","R","T","M","?","E","R","M","R","B",null,"M","?","M","M"],"character_chosen":"THE_SILENT","items_purchased":["Acrobatics"],"campfire_rested":2,"item_purchase_floors":[2],"current_hp_per_floor":[70,70,70,59,59,38,55,55,55,53,46,18,39,28,49,6,70,55,55,24,0],"gold":242,"neow_bonus":"UPGRADE_CARD","is_prod":false,"is_daily":false,"chose_seed":false,"campfire_upgraded":1,"win_rate":0,"timestamp":1560304658,"path_taken":["M","$","?","?","$","E","?","R","T","M","?","E","R","M","R","BOSS","M","?","M","M"],"build_version":"2019-01-23","purchased_purges":2,"victory":false,"max_hp_per_floor":[70,70,70,70,70,70,70,70,70,70,70,70,70,70,70,70,70,70,70,70,70],"card_choices":[{"not_picked":["Slice","Backflip"],"picked":"Calculated Gamble","floor":1},{"not_picked":["Cloak And Dagger","Dagger Throw"],"picked":"Caltrops","floor":3},{"not_picked":["Deadly Poison","Underhanded Strike"],"picked":"Reflex","floor":6},{"not_picked":["Bane","Poisoned Stab","PiercingWail"],"picked":"SKIP","floor":10},{"not_picked":["Accuracy","Venomology","Slice"],"picked":"SKIP","floor":12},{"not_picked":["Sucker Punch","Flying Knee","Bane"],"picked":"SKIP","floor":14},{"not_picked":["Tools of the Trade","Storm of Steel"],"picked":"Adrenaline","floor":16},{"not_picked":[],"picked":"Deflect","floor":18},{"not_picked":["Leg Sweep"],"picked":"SKIP","floor":20}],"player_experience":77679,"relics_obtained":[{"floor":6,"key":"Letter Opener"},{"floor":9,"key":"Darkstone Periapt"},{"floor":12,"key":"Bottled Lightning"}],"event_choices":[{"damage_healed":0,"gold_gain":75,"player_choice":"Gather Gold","damage_taken":11,"max_hp_gain":0,"max_hp_loss":0,"event_name":"World of Goop","floor":4,"gold_loss":0},{"damage_healed":17,"gold_gain":0,"player_choice":"Healed","damage_taken":0,"max_hp_gain":0,"max_hp_loss":0,"event_name":"The Cleric","floor":7,"gold_loss":35},{"cards_removed":["Strike_G"],"damage_healed":0,"gold_gain":0,"player_choice":"Card Removal","damage_taken":7,"max_hp_gain":0,"max_hp_loss":0,"event_name":"Golden Wing","floor":11,"gold_loss":0},{"damage_healed":0,"gold_gain":99,"player_choice":"Stole From Cult","damage_taken":0,"max_hp_gain":0,"max_hp_loss":0,"event_name":"Nest","floor":19,"gold_loss":0}],"is_beta":false,"boss_relics":[{"not_picked":["Cursed Key","Runic Dome"],"picked":"Busted Crown"}],"items_purged_floors":[2,5],"is_endless":false,"potions_floor_spawned":[3,10,16,20],"killed_by":"Centurion and Healer","ascension_level":2}