{"gold_per_floor":[210,385,235,254,154,154,214,214,214,244,244,254,268,343,343,441,441,457,156,167,167,167,167,194,194,194,194,44,44,58,71,71,174,174,185,185,97,97,58,58,69,69,69,82,82,82,92,102,102,102],"floor_reached":51,"playtime":1673,"items_purged":["Doubt","Strike_B","Defend_B","Clumsy","Chill"],"score":761,"play_id":"20411834-4d21-4591-b66f-0aa0f1903fa8","local_time":"20190530072105","is_ascension_mode":false,"campfire_choices":[{"data":"Zap","floor":6.0,"key":"SMITH"},{"floor":11.0,"key":"REST"},{"data":"Chaos","floor":15.0,"key":"SMITH"},{"data":"Dualcast","floor":23.0,"key":"SMITH"},{"data":"Tempest","floor":25.0,"key":"SMITH"},{"data":"Chaos","floor":29,"key":"SMITH"},{"data":"Zap","floor":32,"key":"SMITH"},{"data":"Defragment","floor":40,"key":"SMITH"},{"data":"Capacitor","floor":42,"key":"SMITH"},{"data":"Reinforced Body","floor":46,"key":"SMITH"},{"data":"Fusion","floor":49,"key":"SMITH"}],"neow_cost":"NONE","seed_source_timestamp":17725397041311,"circlet_count":0,"master_deck":["Zap+1","Dualcast+1","Chaos+1","White Noise","Conserve Battery","Conserve Battery","Tempest+1","Reinforced Body","Machine Learning","Chaos+1","Capacitor+1","Reinforced Body+1","Leap","Zap+1","White Noise","Electrodynamics","Cold Snap+1","Master of Strategy","Defragment+1","Coolheaded+1","Fusion+1"],"special_seed":0,"relics":["Cracked Core","Gambling Chip","DataDisk","Pear","Cursed Key","Membership Card","Blood Vial","Centennial Puzzle","Omamori","Empty Cage","Ice Cream"],"potions_floor_usage":[50,50],"damage_taken":[{"damage":0.0,"enemies":"Cultist","floor":1.0,"turns":4.0},{"damage":0.0,"enemies":"Small Slimes","floor":4.0,"turns":4.0},{"damage":26.0,"enemies":"Gremlin Nob","floor":7.0,"turns":4.0},{"damage":29.0,"enemies":"Gremlin Nob","floor":10.0,"turns":5.0},{"damage":0.0,"enemies":"2 Louse","floor":12.0,"turns":3.0},{"damage":0.0,"enemies":"Gremlin Gang","floor":13.0,"turns":5.0},{"damage":0.0,"enemies":"The Guardian","floor":16.0,"turns":14.0},{"damage":0.0,"enemies":"Shell Parasite","floor":18.0,"turns":7.0},{"damage":6.0,"enemies":"2 Thieves","floor":20.0,"turns":3.0},{"damage":0.0,"enemies":"Gremlin Leader","floor":24.0,"turns":5.0},{"damage":9,"enemies":"Shelled Parasite and Fungi","floor":30,"turns":2},{"damage":0,"enemies":"3 Cultists","floor":31,"turns":5},{"damage":14,"enemies":"Automaton","floor":33,"turns":11},{"damage":3,"enemies":"3 Darklings","floor":35,"turns":3},{"damage":9,"enemies":"3 Shapes","floor":41,"turns":3},{"damage":0,"enemies":"Writhing Mass","floor":44,"turns":5},{"damage":8,"enemies":"Spire Growth","floor":47,"turns":4},{"damage":0,"enemies":"Jaw Worm Horde","floor":48,"turns":2},{"damage":12,"enemies":"Donu and Deca","floor":50,"turns":9}],"seed_played":"7295663763929452021","potions_obtained":[{"floor":1.0,"key":"Strength Potion"},{"floor":4.0,"key":"Swift Potion"},{"floor":16.0,"key":"Energy Potion"},{"floor":18.0,"key":"PowerPotion"},{"floor":20.0,"key":"SteroidPotion"},{"floor":41,"key":"EssenceOfSteel"},{"floor":44,"key":"EssenceOfSteel"}],"is_trial":false,"path_per_floor":["M","?","$","M","$","R","?","?","T","E","R","M","M","?","R","B",null,"M","$","M","?","?","R","E","R","T","?","$","R","M","M","R","B",null,"M","?","$","?","$","R","M","R","T","M","?","R","M","M","R","B",null],"character_chosen":"DEFECT","items_purchased":["White Noise","Membership Card","Capacitor","Omamori","Defragment"],"campfire_rested":1,"item_purchase_floors":[3,19,19,28,39],"current_hp_per_floor":[75,75,75,75,75,75,49,49,49,30,55,55,55,44,44,44,85,85,85,79,79,79,79,79,79,79,79,79,79,72,74,74,62,85,82,82,82,82,82,82,75,75,75,77,77,77,71,73,73,63],"gold":102,"neow_bonus":"HUNDRED_GOLD","is_prod":false,"is_daily":false,"chose_seed":false,"campfire_upgraded":10,"win_rate":0,"timestamp":1559222465,"path_taken":["M","?","$","M","$","R","?","?","T","E","R","M","?","?","R","BOSS","M","$","M","?","?","R","E","R","T","?","$","R","?","?","R","BOSS","M","?","?","?","$","R","?","R","T","M","?","R","M","M","R","BOSS"],"build_version":"2019-01-23","purchased_purges":5,"victory":true,"max_hp_per_floor":[75,75,75,75,75,75,75,75,75,85,85,85,85,85,85,85,85,85,85,85,85,85,85,85,85,85,85,85,85,85,85,85,85,85,85,85,85,85,85,85,85,85,85,85,81,81,81,81,81,81],"card_choices":[{"not_picked":["Static Discharge","Go for the Eyes"],"picked":"Chaos","floor":1.0},{"not_picked":["Chill","Turbo"],"picked":"Conserve Battery","floor":4.0},{"not_picked":["Go for the Eyes","Barrage"],"picked":"Chill","floor":7.0},{"not_picked":["Auto Shields","Chill"],"picked":"Conserve Battery","floor":10.0},{"not_picked":["Cold Snap","Coolheaded"],"picked":"Tempest","floor":12.0},{"not_picked":["Hologram","Leap"],"picked":"Reinforced Body","floor":13.0},{"not_picked":["Amplify","Hyperbeam"],"picked":"Machine Learning","floor":16.0},{"not_picked":["Darkness","Rebound"],"picked":"Chaos","floor":18.0},{"not_picked":["Chill+1","Streamline","Melter"],"picked":"SKIP","floor":20.0},{"not_picked":["Go for the Eyes","Redo","Turbo+1"],"picked":"SKIP","floor":24.0},{"not_picked":["Redo","Turbo+1","Stack+1"],"picked":"SKIP","floor":30},{"not_picked":["Compile Driver","Gash+1"],"picked":"White Noise","floor":31},{"not_picked":["Biased Cognition","Echo Form"],"picked":"Electrodynamics","floor":33},{"not_picked":["Rip and Tear","Go for the Eyes+1"],"picked":"Cold Snap+1","floor":35},{"not_picked":["Panacea","Transmutation"],"picked":"Master of Strategy","floor":36},{"not_picked":["Coolheaded","Darkness","Redo+1"],"picked":"SKIP","floor":41},{"not_picked":["Compile Driver","Sunder+1","Chill"],"picked":"SKIP","floor":44},{"not_picked":["Stack+1","Steam"],"picked":"Coolheaded+1","floor":47},{"not_picked":["Go for the Eyes","Force Field"],"picked":"Fusion","floor":48}],"player_experience":1473527,"relics_obtained":[{"floor":7.0,"key":"Gambling Chip"},{"floor":9.0,"key":"DataDisk"},{"floor":10.0,"key":"Pear"},{"floor":24.0,"key":"Blood Vial"},{"floor":26.0,"key":"Centennial Puzzle"},{"floor":43,"key":"Ice Cream"}],"event_choices":[{"damage_healed":0.0,"max_hp_gain":0.0,"max_hp_loss":0.0,"gold_gain":175.0,"event_name":"Liars Game","player_choice":"AGREE","floor":2.0,"gold_loss":0.0,"damage_taken":0.0,"cards_obtained":["Doubt"]},{"damage_healed":0.0,"max_hp_gain":0.0,"max_hp_loss":0.0,"gold_gain":0.0,"event_name":"Dead Adventurer","player_choice":"Searched \u00271\u0027 times","floor":7.0,"gold_loss":0.0,"damage_taken":0.0},{"cards_removed":["Strike_B"],"damage_healed":0.0,"max_hp_gain":0.0,"max_hp_loss":0.0,"gold_gain":0.0,"event_name":"Bonfire Elementals","player_choice":"Offered Basic","floor":8.0,"gold_loss":0.0,"damage_taken":0.0},{"damage_healed":0.0,"max_hp_gain":0.0,"max_hp_loss":0.0,"gold_gain":75.0,"event_name":"World of Goop","player_choice":"Gather Gold","floor":14.0,"gold_loss":0.0,"damage_taken":11.0},{"damage_healed":0.0,"max_hp_gain":0.0,"max_hp_loss":0.0,"gold_gain":0.0,"cards_transformed":["Strike_B","Defend_B"],"event_name":"Drug Dealer","player_choice":"Became Test Subject","floor":21.0,"gold_loss":0.0,"damage_taken":0.0,"cards_obtained":["Reinforced Body","Leap"]},{"cards_removed":["Defend_B"],"damage_healed":0.0,"max_hp_gain":0.0,"max_hp_loss":0.0,"gold_gain":0.0,"event_name":"Back to Basics","player_choice":"Elegance","floor":22.0,"gold_loss":0.0,"damage_taken":0.0},{"damage_healed":0.0,"max_hp_gain":0.0,"max_hp_loss":0.0,"gold_gain":0.0,"event_name":"Match and Keep!","player_choice":"1 cards matched","floor":27.0,"gold_loss":0.0,"damage_taken":0.0,"cards_obtained":["Zap"]},{"damage_healed":0,"gold_gain":0,"player_choice":"Memory 1","damage_taken":0,"max_hp_gain":0,"max_hp_loss":0,"event_name":"SensoryStone","floor":36,"gold_loss":0},{"damage_healed":0,"gold_gain":0,"player_choice":"Bought 0 Potions","damage_taken":0,"max_hp_gain":0,"max_hp_loss":0,"event_name":"The Woman in Blue","floor":38,"gold_loss":0},{"damage_healed":0,"gold_gain":0,"player_choice":"Max HP","damage_taken":0,"max_hp_gain":0,"max_hp_loss":4,"event_name":"Winding Halls","floor":45,"gold_loss":0}],"is_beta":false,"boss_relics":[{"not_picked":["Snecko Eye","Tiny House"],"picked":"Cursed Key"},{"not_picked":["Eternal Feather","White Beast Statue"],"picked":"Empty Cage"}],"items_purged_floors":[3,5,19,28,37],"is_endless":false,"potions_floor_spawned":[1,4,16,18,20,41,44],"ascension_level":0}