{"gold_per_floor":[119,44,57,74,149,181,181,181,181,181,193,193],"floor_reached":12,"playtime":428,"items_purged":["Strike_R"],"score":90,"play_id":"e9f6a6d6-9991-477a-a599-8d61ea34f1a1","local_time":"20190618215008","is_ascension_mode":true,"campfire_choices":[{"floor":8,"key":"REST"},{"data":"Strike_R","floor":10,"key":"PURGE"}],"neow_cost":"NONE","seed_source_timestamp":5521268200376109,"circlet_count":0,"master_deck":["Strike_R","Strike_R","Strike_R","Defend_R","Defend_R","Defend_R","Defend_R","Bash+1","Shrug It Off","Cleave","True Grit"],"relics":["Burning Blood","Question Card","Bottled Lightning","Peace Pipe"],"potions_floor_usage":[],"damage_taken":[{"damage":0,"enemies":"2 Louse","floor":1,"turns":3},{"damage":4,"enemies":"Jaw Worm","floor":3,"turns":3},{"damage":0,"enemies":"Cultist","floor":4,"turns":4},{"damage":54,"enemies":"Lagavulin","floor":6,"turns":10},{"damage":7,"enemies":"2 Fungi Beasts","floor":11,"turns":4},{"damage":69,"enemies":"Gremlin Nob","floor":12,"turns":5}],"seed_played":"3741091711666633367","potions_obtained":[{"floor":1,"key":"BloodPotion"},{"floor":3,"key":"Energy Potion"}],"is_trial":false,"path_per_floor":["M","$","M","M","?","E","T","R","T","R","M","E"],"character_chosen":"IRONCLAD","items_purchased":[],"campfire_rested":1,"item_purchase_floors":[],"current_hp_per_floor":[80,80,80,80,69,21,21,45,45,45,44,0],"gold":193,"neow_bonus":"UPGRADE_CARD","is_prod":false,"is_daily":false,"chose_seed":false,"campfire_upgraded":0,"win_rate":0,"timestamp":1560912608,"path_taken":["M","$","M","M","?","E","?","R","T","R","?","E"],"build_version":"2019-01-23","purchased_purges":1,"victory":false,"max_hp_per_floor":[80,80,80,80,80,80,80,80,80,80,80,80],"card_choices":[{"not_picked":["Uppercut","Headbutt"],"picked":"Shrug It Off","floor":1},{"not_picked":["Headbutt","Sentinel","Seeing Red"],"picked":"SKIP","floor":3},{"not_picked":["Flex","Heavy Blade"],"picked":"Cleave","floor":4},{"not_picked":["Armaments","Carnage","Hemokinesis"],"picked":"SKIP","floor":6},{"not_picked":["Wild Strike","Warcry","Power Through"],"picked":"True Grit","floor":11}],"player_experience":119606,"relics_obtained":[{"floor":6,"key":"Question Card"},{"floor":7,"key":"Bottled Lightning"},{"floor":9,"key":"Peace Pipe"}],"event_choices":[{"damage_healed":0,"gold_gain":75,"player_choice":"Gather Gold","damage_taken":11,"max_hp_gain":0,"max_hp_loss":0,"event_name":"World of Goop","floor":5,"gold_loss":0}],"is_beta":false,"boss_relics":[],"items_purged_floors":[2],"is_endless":false,"potions_floor_spawned":[1,3],"killed_by":"Gremlin Nob","ascension_level":3}