{"gold_per_floor":[114,114,114,127,72,97,114,148,148,170,190,205,238,250,250,350,350,360,36,36,9,22,38,69,80,80,80,80,90,119,135,135,234,234,253,253,353,106,106,140,168,199,226,246,246,246,246,265,265,265,265,265,4,4],"floor_reached":54,"playtime":3971,"items_purged":["Strike_R"],"score":1369,"play_id":"5693f5c9-a8d2-4f62-a816-67479ef58263","local_time":"20190623025852","is_ascension_mode":true,"campfire_choices":[{"data":"Spot Weakness","floor":15.0,"key":"SMITH"},{"data":"Limit Break","floor":28.0,"key":"SMITH"},{"data":"Double Tap","floor":32.0,"key":"SMITH"},{"data":"1","floor":45.0,"key":"LIFT"},{"floor":49.0,"key":"RECALL"},{"data":"2","floor":52.0,"key":"LIFT"}],"neow_cost":"NONE","seed_source_timestamp":41096753529939,"circlet_count":0,"master_deck":["AscendersBane","Strike_R","Strike_R+1","Strike_R","Strike_R","Defend_R","Defend_R+1","Defend_R","Defend_R","Bash","Cleave","Cleave","Power Through","Spot Weakness+1","Whirlwind","Shockwave","Shrug It Off","Rage","Double Tap+1","Combust","Reaper","Power Through","Battle Trance+1","RitualDagger","True Grit","Havoc+1","True Grit+1","Shrug It Off+1","Limit Break+1","Heavy Blade","Shrug It Off","Demon Form","Flame Barrier+1","Infernal Blade","Thunderclap","Body Slam+1","Flex+1","True Grit+1","Armaments+1","Madness","Madness","Offering"],"special_seed":0,"relics":["Burning Blood","NeowsBlessing","Bag of Marbles","Pocketwatch","Lantern","Omamori","Matryoshka","Odd Mushroom","Sundial","Black Star","Gremlin Horn","War Paint","Mummified Hand","Happy Flower","Kunai","WingedGreaves","Calipers","Runic Pyramid","Girya","Question Card","Pantograph","Molten Egg 2","Torii","Red Skull","Potion Belt","Blood Vial","Bronze Scales","Bottled Lightning"],"potions_floor_usage":[],"damage_taken":[{"damage":0.0,"enemies":"Small Slimes","floor":1.0,"turns":1.0},{"damage":0.0,"enemies":"Jaw Worm","floor":4.0,"turns":1.0},{"damage":0.0,"enemies":"Gremlin Nob","floor":6.0,"turns":1.0},{"damage":0.0,"enemies":"2 Louse","floor":7.0,"turns":1.0},{"damage":10.0,"enemies":"3 Sentries","floor":8.0,"turns":5.0},{"damage":0.0,"enemies":"The Mushroom Lair","floor":10.0,"turns":1.0},{"damage":0.0,"enemies":"Lots of Slimes","floor":11.0,"turns":1.0},{"damage":0.0,"enemies":"Exordium Wildlife","floor":12.0,"turns":1.0},{"damage":0.0,"enemies":"Lagavulin","floor":13.0,"turns":7.0},{"damage":8.0,"enemies":"Blue Slaver","floor":14.0,"turns":3.0},{"damage":61.0,"enemies":"The Guardian","floor":16.0,"turns":10.0},{"damage":29.0,"enemies":"Shell Parasite","floor":18.0,"turns":7.0},{"damage":8.0,"enemies":"Spheric Guardian","floor":22.0,"turns":4.0},{"damage":5.0,"enemies":"3 Cultists","floor":23.0,"turns":3.0},{"damage":65.0,"enemies":"Book of Stabbing","floor":24.0,"turns":8.0},{"damage":0.0,"enemies":"Centurion and Healer","floor":25.0,"turns":7.0},{"damage":45.0,"enemies":"Sentry and Sphere","floor":29.0,"turns":10.0},{"damage":33.0,"enemies":"Slavers","floor":30.0,"turns":5.0},{"damage":13.0,"enemies":"Snecko","floor":31.0,"turns":5.0},{"damage":61.0,"enemies":"Collector","floor":33.0,"turns":8.0},{"damage":50.0,"enemies":"3 Darklings","floor":35.0,"turns":8.0},{"damage":1.0,"enemies":"Mind Bloom Boss Battle","floor":37.0,"turns":8.0},{"damage":26.0,"enemies":"Reptomancer","floor":40.0,"turns":9.0},{"damage":39.0,"enemies":"Nemesis","floor":41.0,"turns":9.0},{"damage":60.0,"enemies":"Giant Head","floor":42.0,"turns":8.0},{"damage":16.0,"enemies":"3 Shapes","floor":44.0,"turns":7.0},{"damage":41.0,"enemies":"Writhing Mass","floor":48.0,"turns":7.0},{"damage":89.0,"enemies":"Donu and Deca","floor":50.0,"turns":8.0},{"damage":86,"enemies":"Shield and Spear","floor":54,"turns":5}],"seed_played":"4911270713776602874","potions_obtained":[{"floor":6.0,"key":"Block Potion"},{"floor":7.0,"key":"PowerPotion"},{"floor":18.0,"key":"SteroidPotion"},{"floor":22.0,"key":"Poison Potion"},{"floor":24.0,"key":"SkillPotion"},{"floor":31.0,"key":"SteroidPotion"},{"floor":35.0,"key":"SpeedPotion"},{"floor":37.0,"key":"BloodPotion"},{"floor":42.0,"key":"Block Potion"},{"floor":44.0,"key":"Swift Potion"},{"floor":48.0,"key":"BloodPotion"}],"is_trial":false,"path_per_floor":["M","?","?","M","?","E","M","E","T","?","M","M","E","M","R","B",null,"M","$","?","$","M","M","E","M","T","?","R","M","E","M","R","B",null,"M","?","?","$","?","E","E","E","T","M","R","?","T","M","R","B",null,"R","$","E"],"character_chosen":"IRONCLAD","items_purchased":["Gremlin Horn","Battle Trance","True Grit","Infernal Blade","Thunderclap","SteroidPotion","Bottled Lightning"],"campfire_rested":0,"item_purchase_floors":[19,19,21,38,38,38,53],"current_hp_per_floor":[78,66,50,56,56,62,68,64,64,70,76,80,80,78,78,23,66,55,55,49,49,47,72,13,27,27,53,53,22,49,54,54,8,62,36,70,70,70,70,70,70,70,70,60,60,51,51,39,39,38,62,62,62,0],"gold":4,"neow_bonus":"THREE_ENEMY_KILL","is_prod":false,"is_daily":false,"chose_seed":false,"campfire_upgraded":3,"win_rate":0,"timestamp":1561273132,"path_taken":["M","?","?","M","?","E","?","E","T","?","M","M","E","M","R","BOSS","M","$","?","$","M","M","E","M","T","?","R","M","E","M","R","BOSS","M","?","?","$","?","E","E","E","T","?","R","?","?","M","R","BOSS","R","$","E"],"build_version":"2019-01-23","purchased_purges":1,"victory":false,"max_hp_per_floor":[80,80,80,80,80,80,80,80,80,80,80,80,80,80,80,80,80,80,80,80,80,80,80,80,80,80,80,80,80,80,80,80,80,80,80,70,70,70,70,70,70,70,70,70,70,70,70,70,70,70,70,70,70,70],"card_choices":[{"not_picked":["Heavy Blade","Sword Boomerang"],"picked":"Cleave","floor":1.0},{"not_picked":["Heavy Blade","Shrug It Off"],"picked":"Cleave","floor":4.0},{"not_picked":["Warcry","Twin Strike"],"picked":"Power Through","floor":6.0},{"not_picked":["Heavy Blade","Body Slam"],"picked":"Spot Weakness","floor":7.0},{"not_picked":["Warcry","Shockwave"],"picked":"Whirlwind","floor":8.0},{"not_picked":["Fiend Fire","Entrench"],"picked":"Shockwave","floor":10.0},{"not_picked":["Feel No Pain","Sentinel"],"picked":"Shrug It Off","floor":11.0},{"not_picked":["Uppercut","Hemokinesis"],"picked":"Rage","floor":12.0},{"not_picked":["Dual Wield","Clash"],"picked":"Double Tap","floor":13.0},{"not_picked":["Wild Strike","Clash"],"picked":"Combust","floor":14.0},{"not_picked":["Impervious","Dark Embrace"],"picked":"Reaper","floor":16.0},{"not_picked":["Clash","True Grit"],"picked":"Power Through","floor":18.0},{"not_picked":["Clash","Pommel Strike"],"picked":"Havoc","floor":22.0},{"not_picked":["Warcry","Iron Wave"],"picked":"True Grit+1","floor":23.0},{"not_picked":["Feel No Pain","Iron Wave+1"],"picked":"Shrug It Off+1","floor":24.0},{"not_picked":["Twin Strike+1","Ghostly Armor"],"picked":"Limit Break","floor":25.0},{"not_picked":["Thunderclap","Clash"],"picked":"Heavy Blade","floor":29.0},{"not_picked":["Perfected Strike","Feel No Pain"],"picked":"Shrug It Off","floor":30.0},{"not_picked":["Reckless Charge+1","Rampage","Uppercut"],"picked":"SKIP","floor":31.0},{"not_picked":["Barricade","Bludgeon"],"picked":"Demon Form","floor":33.0},{"not_picked":["Wild Strike","Battle Trance"],"picked":"Body Slam+1","floor":35.0},{"not_picked":["Body Slam+1","Carnage"],"picked":"Flame Barrier+1","floor":37.0},{"not_picked":["True Grit","Cleave+1"],"picked":"Body Slam+1","floor":40.0},{"not_picked":["Twin Strike","Reckless Charge","Whirlwind"],"picked":"Flex+1","floor":41.0},{"not_picked":["Havoc","Body Slam+1","Armaments+1"],"picked":"True Grit+1","floor":42.0},{"not_picked":["Whirlwind+1","Thunderclap+1","Clothesline+1"],"picked":"Armaments+1","floor":44.0},{"not_picked":["Carnage+1","Sword Boomerang+1","Wild Strike+1"],"picked":"Offering","floor":48.0}],"player_experience":337144,"relics_obtained":[{"floor":6.0,"key":"Lantern"},{"floor":8.0,"key":"Omamori"},{"floor":9.0,"key":"Matryoshka"},{"floor":10.0,"key":"Odd Mushroom"},{"floor":13.0,"key":"Sundial"},{"floor":24.0,"key":"War Paint"},{"floor":24.0,"key":"Mummified Hand"},{"floor":26.0,"key":"Happy Flower"},{"floor":26.0,"key":"Kunai"},{"floor":30.0,"key":"WingedGreaves"},{"floor":30.0,"key":"Calipers"},{"floor":37.0,"key":"Girya"},{"floor":40.0,"key":"Question Card"},{"floor":40.0,"key":"Pantograph"},{"floor":41.0,"key":"Molten Egg 2"},{"floor":41.0,"key":"Torii"},{"floor":42.0,"key":"Red Skull"},{"floor":42.0,"key":"Potion Belt"},{"floor":43.0,"key":"Blood Vial"},{"floor":47.0,"key":"Bronze Scales"}],"event_choices":[{"damage_healed":0.0,"max_hp_gain":0.0,"max_hp_loss":0.0,"gold_gain":0.0,"event_name":"Scrap Ooze","player_choice":"Success","floor":2.0,"gold_loss":0.0,"damage_taken":12.0,"relics_obtained":["Bag of Marbles"]},{"damage_healed":0.0,"max_hp_gain":0.0,"max_hp_loss":0.0,"gold_gain":0.0,"event_name":"Shining Light","player_choice":"Entered Light","floor":3.0,"gold_loss":0.0,"damage_taken":16.0,"cards_upgraded":["Strike_R","Defend_R"]},{"damage_healed":0.0,"max_hp_gain":0.0,"max_hp_loss":0.0,"gold_gain":0.0,"event_name":"WeMeetAgain","player_choice":"Paid Gold","floor":5.0,"gold_loss":55.0,"damage_taken":0.0,"relics_obtained":["Pocketwatch"]},{"damage_healed":0.0,"max_hp_gain":0.0,"max_hp_loss":0.0,"gold_gain":0.0,"event_name":"Mushrooms","player_choice":"Fought Mushrooms","floor":10.0,"gold_loss":0.0,"damage_taken":0.0},{"damage_healed":0.0,"max_hp_gain":0.0,"max_hp_loss":0.0,"gold_gain":0.0,"event_name":"Nest","player_choice":"Joined the Cult","floor":20.0,"gold_loss":0.0,"damage_taken":6.0,"cards_obtained":["RitualDagger"]},{"damage_healed":26.0,"max_hp_gain":0.0,"max_hp_loss":0.0,"gold_gain":0.0,"event_name":"The Library","player_choice":"Heal","floor":27.0,"gold_loss":0.0,"damage_taken":0.0},{"damage_healed":70.0,"max_hp_gain":0.0,"max_hp_loss":10.0,"gold_gain":0.0,"event_name":"The Moai Head","player_choice":"Heal","floor":36.0,"gold_loss":0.0,"damage_taken":0.0},{"damage_healed":0.0,"max_hp_gain":0.0,"max_hp_loss":0.0,"gold_gain":0.0,"event_name":"MindBloom","player_choice":"Fight","floor":37.0,"gold_loss":0.0,"damage_taken":0.0},{"cards_removed":["Body Slam"],"damage_healed":0.0,"max_hp_gain":0.0,"max_hp_loss":0.0,"gold_gain":0.0,"event_name":"Falling","player_choice":"Removed Attack","floor":39.0,"gold_loss":0.0,"damage_taken":0.0},{"damage_healed":0.0,"max_hp_gain":0.0,"max_hp_loss":0.0,"gold_gain":0.0,"event_name":"Winding Halls","player_choice":"Embrace Madness","floor":46.0,"gold_loss":0.0,"damage_taken":9.0,"cards_obtained":["Madness","Madness"]}],"is_beta":false,"boss_relics":[{"not_picked":["Fusion Hammer","White Beast Statue"],"picked":"Black Star"},{"not_picked":["Black Blood","Lizard Tail"],"picked":"Runic Pyramid"}],"items_purged_floors":[38],"is_endless":false,"potions_floor_spawned":[6,7,10,12,16,18,22,24,31,35,37,42,44,48],"killed_by":"Shield and Spear","ascension_level":11}