{"gold_per_floor":[10,28,28,44,58,85,85,105,129,144,34,34,98,98,98,196,196,211,211,229,264,189,189,204,229,277,277,376,376,131,144,144,244,544,564,564,575,589,227,227,240,240,308,308,308,308,40,52,52,52],"floor_reached":51,"playtime":1358,"items_purged":["Strike_B","Strike_B","Decay"],"score":670,"play_id":"710e4d1f-ef75-4a68-b5e6-17be90ce151e","local_time":"20190625090249","is_ascension_mode":false,"campfire_choices":[{"data":"Zap","floor":7,"key":"SMITH"},{"data":"Defragment","floor":12,"key":"SMITH"},{"data":"Dualcast","floor":15,"key":"SMITH"},{"data":"Rainbow","floor":23,"key":"SMITH"},{"data":"Defragment","floor":27,"key":"SMITH"},{"floor":29,"key":"REST"},{"floor":32,"key":"REST"},{"floor":40,"key":"REST"},{"data":"Defragment","floor":44,"key":"SMITH"},{"floor":49,"key":"REST"}],"neow_cost":"NO_GOLD","seed_source_timestamp":10497979192498,"circlet_count":0,"master_deck":["Strike_B+1","Defend_B","Defend_B","Defend_B","Defend_B","Zap+1","Dualcast+1","Genetic Algorithm","Beam Cell","Auto Shields","Streamline+1","Conserve Battery","Defragment+1","Rainbow+1","Capacitor+1","Chaos","Defragment+1","Storm+1","Leap+1","Steam+1","Barrage","Stack+1","Defragment+1","Conserve Battery+1","Glacier","White Noise+1"],"relics":["Cracked Core","StoneCalendar","Bronze Scales","Whetstone","Juzu Bracelet","Philosopher\u0027s Stone","Red Mask","Omamori","Bag of Preparation","Strawberry","Calling Bell","DataDisk","Mercury Hourglass","Old Coin","Vajra","Kunai","Potion Belt"],"potions_floor_usage":[5,6,6,6,6,13,21,50,50,50],"damage_taken":[{"damage":1,"enemies":"Jaw Worm","floor":1,"turns":3},{"damage":0,"enemies":"Cultist","floor":2,"turns":4},{"damage":0,"enemies":"Small Slimes","floor":4,"turns":2},{"damage":3,"enemies":"2 Fungi Beasts","floor":5,"turns":4},{"damage":21,"enemies":"3 Sentries","floor":6,"turns":7},{"damage":8,"enemies":"Red Slaver","floor":8,"turns":2},{"damage":0,"enemies":"Exordium Wildlife","floor":10,"turns":2},{"damage":12,"enemies":"Lagavulin Event","floor":13,"turns":4},{"damage":1,"enemies":"Slime Boss","floor":16,"turns":7},{"damage":7,"enemies":"Chosen","floor":18,"turns":3},{"damage":9,"enemies":"Spheric Guardian","floor":20,"turns":3},{"damage":1,"enemies":"Masked Bandits","floor":21,"turns":2},{"damage":37,"enemies":"Snake Plant","floor":24,"turns":3},{"damage":10,"enemies":"Shelled Parasite and Fungi","floor":31,"turns":5},{"damage":15,"enemies":"Champ","floor":33,"turns":8},{"damage":4,"enemies":"Orb Walker","floor":35,"turns":3},{"damage":14,"enemies":"3 Darklings","floor":37,"turns":5},{"damage":29,"enemies":"Jaw Worm Horde","floor":38,"turns":5},{"damage":18,"enemies":"Maw","floor":41,"turns":5},{"damage":9,"enemies":"3 Darklings","floor":48,"turns":4},{"damage":51,"enemies":"Awakened One","floor":50,"turns":8}],"seed_played":"2046739999503971169","potions_obtained":[{"floor":1,"key":"Fire Potion"},{"floor":3,"key":"EntropicBrew"},{"floor":3,"key":"SkillPotion"},{"floor":4,"key":"EssenceOfSteel"},{"floor":6,"key":"Regen Potion"},{"floor":18,"key":"PowerPotion"},{"floor":20,"key":"LiquidBronze"},{"floor":21,"key":"Ancient Potion"}],"is_trial":false,"path_per_floor":["M","M","?","M","M","E","R","M","T","M","$","R","?","?","R","B",null,"M","?","M","?","?","R","M","T","T","R","?","R","$","M","R","B",null,"M","?","M","M","$","R","M","?","T","R","?","?","$","M","R","B",null],"character_chosen":"DEFECT","items_purchased":["Defragment","Strawberry","Defragment","Vajra","Glacier","PowerPotion","Potion Belt"],"campfire_rested":4,"item_purchase_floors":[11,30,39,39,47,47,47],"current_hp_per_floor":[74,74,74,74,71,50,50,42,42,42,42,42,42,42,42,41,75,68,68,59,58,58,58,21,21,21,21,21,43,50,40,64,49,82,78,78,64,35,35,59,41,72,72,72,68,68,68,59,68,17],"gold":52,"neow_bonus":"ONE_RARE_RELIC","is_prod":false,"is_daily":false,"chose_seed":false,"campfire_upgraded":6,"win_rate":0,"timestamp":1561474969,"path_taken":["M","M","?","M","M","E","R","M","T","M","?","R","?","?","R","BOSS","M","?","M","?","?","R","M","?","T","R","?","R","$","M","R","BOSS","M","?","M","M","$","R","M","?","T","R","?","?","?","M","R","BOSS"],"build_version":"2019-01-23","purchased_purges":3,"victory":true,"max_hp_per_floor":[75,75,75,75,75,75,75,75,75,75,75,75,75,75,75,75,75,75,75,75,75,75,75,75,75,75,75,75,75,82,82,82,82,82,82,82,82,82,82,82,82,72,72,72,68,68,68,68,68,68],"card_choices":[{"not_picked":["Lockon","Melter"],"picked":"Genetic Algorithm","floor":1},{"not_picked":["Heatsinks","Gash","Beam Cell"],"picked":"SKIP","floor":2},{"not_picked":["Redo","Beam Cell","Heatsinks"],"picked":"SKIP","floor":4},{"not_picked":["Undo","Gash"],"picked":"Beam Cell","floor":5},{"not_picked":["Rip and Tear","FTL"],"picked":"Auto Shields","floor":6},{"not_picked":["Go for the Eyes","Sweeping Beam"],"picked":"Streamline","floor":8},{"not_picked":["Thunder Strike","Darkness"],"picked":"Conserve Battery","floor":10},{"not_picked":["All For One","Creative AI"],"picked":"Rainbow","floor":16},{"not_picked":["Hello World+1","Force Field"],"picked":"Capacitor+1","floor":18},{"not_picked":["Lockon","Cold Snap"],"picked":"Ball Lightning","floor":20},{"not_picked":["Hologram","Steam Power"],"picked":"Defragment","floor":21},{"not_picked":["Hologram","Undo"],"picked":"Storm+1","floor":24},{"not_picked":["Go for the Eyes","Force Field"],"picked":"Leap+1","floor":31},{"not_picked":["Stack+1","Aggregate"],"picked":"Steam+1","floor":35},{"not_picked":["Redo","Creative AI"],"picked":"Barrage","floor":37},{"not_picked":["Aggregate+1","Steam"],"picked":"Stack+1","floor":38},{"not_picked":["Tempest","Consume"],"picked":"Conserve Battery+1","floor":41},{"not_picked":["Undo","Turbo+1"],"picked":"White Noise+1","floor":48}],"player_experience":1493675,"relics_obtained":[{"floor":6,"key":"Bronze Scales"},{"floor":9,"key":"Whetstone"},{"floor":13,"key":"Juzu Bracelet"},{"floor":21,"key":"Red Mask"},{"floor":25,"key":"Omamori"},{"floor":26,"key":"Bag of Preparation"},{"floor":34,"key":"DataDisk"},{"floor":34,"key":"Mercury Hourglass"},{"floor":34,"key":"Old Coin"},{"floor":43,"key":"Kunai"}],"event_choices":[{"damage_healed":0,"gold_gain":0,"player_choice":"Got Potions","damage_taken":0,"max_hp_gain":0,"max_hp_loss":0,"event_name":"Lab","floor":3,"gold_loss":0},{"damage_healed":0,"gold_gain":30,"player_choice":"Searched \u00273\u0027 times","damage_taken":0,"max_hp_gain":0,"max_hp_loss":0,"event_name":"Dead Adventurer","floor":13,"gold_loss":0},{"damage_healed":0,"gold_gain":0,"player_choice":"Bought 0 Potions","damage_taken":0,"max_hp_gain":0,"max_hp_loss":0,"event_name":"The Woman in Blue","floor":14,"gold_loss":0},{"damage_healed":0,"gold_gain":0,"player_choice":"Read","damage_taken":0,"max_hp_gain":0,"max_hp_loss":0,"event_name":"The Library","floor":19,"gold_loss":0,"cards_obtained":["Chaos"]},{"damage_healed":0,"gold_gain":0,"player_choice":"Fought Bandits","damage_taken":0,"max_hp_gain":0,"max_hp_loss":0,"event_name":"Masked Bandits","floor":21,"gold_loss":0},{"cards_removed":["Strike_B"],"damage_healed":0,"gold_gain":0,"player_choice":"Gave Gold","damage_taken":0,"max_hp_gain":0,"max_hp_loss":0,"event_name":"Beggar","floor":22,"gold_loss":75},{"damage_healed":0,"gold_gain":99,"player_choice":"Stole From Cult","damage_taken":0,"max_hp_gain":0,"max_hp_loss":0,"event_name":"Nest","floor":28,"gold_loss":0},{"damage_healed":0,"gold_gain":0,"player_choice":"Ignored","damage_taken":0,"max_hp_gain":0,"max_hp_loss":0,"event_name":"Mysterious Sphere","floor":36,"gold_loss":0},{"damage_healed":72,"gold_gain":0,"player_choice":"Heal","damage_taken":0,"max_hp_gain":0,"max_hp_loss":10,"event_name":"The Moai Head","floor":42,"gold_loss":0},{"damage_healed":0,"gold_gain":0,"player_choice":"Max HP","damage_taken":0,"max_hp_gain":0,"max_hp_loss":4,"event_name":"Winding Halls","floor":45,"gold_loss":0},{"cards_removed":["Ball Lightning"],"damage_healed":0,"gold_gain":0,"player_choice":"Removed Attack","damage_taken":0,"max_hp_gain":0,"max_hp_loss":0,"event_name":"Falling","floor":46,"gold_loss":0}],"is_beta":false,"boss_relics":[{"not_picked":["Tiny House","Pandora\u0027s Box"],"picked":"Philosopher\u0027s Stone"},{"not_picked":["Black Star","Lizard Tail"],"picked":"Calling Bell"}],"items_purged_floors":[11,30,39],"is_endless":false,"potions_floor_spawned":[1,4,6,18,20,21,37],"ascension_level":0}