{"gold_per_floor":[112,33,33,33,53,53,73,73,100,100,119,144,162,162,162,261,261,277,192,117,117,127,127,49,49,98,98,110,137,149,0,0,105,105,115,130,130,142,42,42,42,95,163,163,13,113,140,25,25,25],"floor_reached":50,"playtime":1533,"items_purged":["Rupture","Clash"],"score":861,"play_id":"d8df4d54-049f-45c6-a832-d263b913dfaa","local_time":"20190617151947","is_ascension_mode":true,"campfire_choices":[{"floor":6,"key":"REST"},{"data":"Thunderclap","floor":8,"key":"SMITH"},{"floor":10,"key":"REST"},{"data":"Whirlwind","floor":15,"key":"SMITH"},{"floor":23,"key":"REST"},{"data":"Heavy Blade","floor":25,"key":"SMITH"},{"data":"Demon Form","floor":27,"key":"SMITH"},{"floor":32,"key":"REST"},{"floor":40,"key":"REST"},{"floor":44,"key":"REST"},{"floor":49,"key":"REST"}],"neow_cost":"NONE","seed_source_timestamp":9538592291246,"circlet_count":0,"master_deck":["AscendersBane","Bash","Dark Embrace","Inflame","Thunderclap+1","Shrug It Off","Headbutt","Whirlwind+1","Flame Barrier","Demon Form+1","Heavy Blade+1","Seeing Red+1","Flex","Disarm","Offering+1","Bludgeon","Metallicize","Double Tap","True Grit","Immolate","Rage+1","Metallicize","Battle Trance"],"relics":["Burning Blood","Kunai","Odd Mushroom","Whetstone","Pear","Pandora\u0027s Box","Singing Bowl","Blood Vial","Dream Catcher","Fusion Hammer","Unceasing Top","Paper Frog","War Paint","Bird Faced Urn","Bag of Preparation"],"potions_floor_usage":[12,16,16,38,42,50,50],"damage_taken":[{"damage":4,"enemies":"Small Slimes","floor":1,"turns":5},{"damage":12,"enemies":"2 Louse","floor":5,"turns":3},{"damage":33,"enemies":"The Mushroom Lair","floor":7,"turns":5},{"damage":7,"enemies":"Jaw Worm","floor":11,"turns":3},{"damage":13,"enemies":"Gremlin Nob","floor":12,"turns":4},{"damage":13,"enemies":"Looter","floor":13,"turns":4},{"damage":38,"enemies":"Slime Boss","floor":16,"turns":7},{"damage":9,"enemies":"Spheric Guardian","floor":18,"turns":3},{"damage":26,"enemies":"Shell Parasite","floor":22,"turns":5},{"damage":17,"enemies":"Sentry and Sphere","floor":28,"turns":3},{"damage":40,"enemies":"Slavers","floor":29,"turns":3},{"damage":18,"enemies":"Snake Plant","floor":30,"turns":3},{"damage":32,"enemies":"Automaton","floor":33,"turns":6},{"damage":16,"enemies":"Orb Walker","floor":35,"turns":2},{"damage":14,"enemies":"3 Shapes","floor":36,"turns":7},{"damage":30,"enemies":"Maw","floor":38,"turns":5},{"damage":6,"enemies":"2 Orb Walkers","floor":42,"turns":1},{"damage":5,"enemies":"Mind Bloom Boss Battle","floor":46,"turns":6},{"damage":88,"enemies":"Giant Head","floor":47,"turns":7},{"damage":91,"enemies":"Time Eater","floor":50,"turns":7}],"seed_played":"8557626683721575808","potions_obtained":[{"floor":7,"key":"Fire Potion"},{"floor":11,"key":"Block Potion"},{"floor":13,"key":"BloodPotion"},{"floor":22,"key":"Energy Potion"},{"floor":28,"key":"SpeedPotion"},{"floor":33,"key":"Fire Potion"},{"floor":38,"key":"SkillPotion"},{"floor":46,"key":"Poison Potion"},{"floor":47,"key":"EssenceOfSteel"}],"is_trial":false,"path_per_floor":["M","$","?","?","M","R","?","R","T","R","M","E","M","?","R","B",null,"M","?","$","?","M","R","$","R","T","R","M","E","M","?","R","B",null,"M","M","?","M","$","R","$","?","T","R","$","?","E","$","R","B"],"character_chosen":"IRONCLAD","items_purchased":["Inflame","Metallicize","War Paint","Metallicize","Battle Trance"],"campfire_rested":7,"item_purchase_floors":[2,24,45,48,48],"current_hp_per_floor":[74,74,58,55,49,73,46,46,46,70,69,72,65,70,70,47,83,80,80,80,80,62,91,91,91,91,91,84,54,46,46,78,54,92,86,82,82,60,60,94,94,96,96,113,113,115,37,37,73,0],"gold":25,"neow_bonus":"ONE_RANDOM_RARE_CARD","is_prod":false,"is_daily":false,"chose_seed":false,"campfire_upgraded":4,"win_rate":0,"timestamp":1560755987,"path_taken":["M","$","?","?","M","R","?","R","T","R","M","E","M","?","R","BOSS","M","?","$","?","M","R","$","R","T","R","M","E","M","?","R","BOSS","M","M","?","M","$","R","?","?","T","R","$","?","E","?","R","BOSS"],"build_version":"2019-01-23","purchased_purges":2,"victory":false,"max_hp_per_floor":[80,80,80,80,80,80,80,80,80,80,80,90,90,95,95,95,95,95,95,95,95,97,97,97,97,97,97,99,101,103,103,105,105,105,107,109,109,109,109,111,111,111,111,113,113,115,115,115,117,117],"card_choices":[{"not_picked":["Twin Strike","Sever Soul","Fire Breathing"],"picked":"SKIP","floor":1},{"not_picked":["Heavy Blade","Body Slam"],"picked":"Thunderclap","floor":5},{"not_picked":["Flex","Body Slam"],"picked":"Shrug It Off","floor":7},{"not_picked":["Clothesline","Iron Wave"],"picked":"Headbutt","floor":11},{"not_picked":["Bloodletting","Brutality"],"picked":"Whirlwind","floor":12},{"not_picked":["Combust","Clothesline"],"picked":"Flame Barrier","floor":13},{"not_picked":["Brutality","Reaper"],"picked":"Demon Form","floor":16},{"not_picked":["Dropkick","Searing Blow","Havoc"],"picked":"SKIP","floor":18},{"not_picked":["Perfected Strike","Wild Strike","Anger"],"picked":"Singing Bowl","floor":22},{"not_picked":["Body Slam","Pommel Strike","Sever Soul"],"picked":"Singing Bowl","floor":28},{"not_picked":["Feel No Pain","Corruption","Power Through"],"picked":"Singing Bowl","floor":29},{"not_picked":["Thunderclap","Corruption","Entrench"],"picked":"Singing Bowl","floor":30},{"not_picked":["Warcry+1","Flex","Feel No Pain"],"picked":"Singing Bowl","floor":32},{"not_picked":["Demon Form","Brutality"],"picked":"Double Tap","floor":33},{"not_picked":["Shockwave","Pommel Strike","Battle Trance"],"picked":"Singing Bowl","floor":35},{"not_picked":["Thunderclap","Clash","Rage"],"picked":"Singing Bowl","floor":36},{"not_picked":["Sentinel","Clothesline"],"picked":"True Grit","floor":38},{"not_picked":["Thunderclap","Havoc","Pommel Strike"],"picked":"Singing Bowl","floor":40},{"not_picked":["Wild Strike+1","Pommel Strike"],"picked":"Immolate","floor":42},{"not_picked":["Sentinel","Anger+1","Sword Boomerang"],"picked":"Singing Bowl","floor":44},{"not_picked":["Anger","Seeing Red","Feel No Pain+1"],"picked":"Singing Bowl","floor":46},{"not_picked":["Sever Soul","Fire Breathing"],"picked":"Rage+1","floor":47},{"not_picked":["Clash","Pommel Strike","Wild Strike+1"],"picked":"Singing Bowl","floor":49}],"player_experience":529054,"relics_obtained":[{"floor":7,"key":"Odd Mushroom"},{"floor":9,"key":"Whetstone"},{"floor":12,"key":"Pear"},{"floor":26,"key":"Blood Vial"},{"floor":29,"key":"Dream Catcher"},{"floor":42,"key":"Unceasing Top"},{"floor":43,"key":"Paper Frog"},{"floor":46,"key":"Bird Faced Urn"},{"floor":47,"key":"Bag of Preparation"}],"event_choices":[{"damage_healed":0,"gold_gain":0,"player_choice":"Entered Light","damage_taken":16,"max_hp_gain":0,"max_hp_loss":0,"event_name":"Shining Light","floor":3,"gold_loss":0,"cards_upgraded":["Strike_R","Strike_R"]},{"damage_healed":0,"gold_gain":0,"player_choice":"Success","damage_taken":3,"relics_obtained":["Kunai"],"max_hp_gain":0,"max_hp_loss":0,"event_name":"Scrap Ooze","floor":4,"gold_loss":0},{"damage_healed":0,"gold_gain":0,"player_choice":"Fought Mushrooms","damage_taken":0,"max_hp_gain":0,"max_hp_loss":0,"event_name":"Mushrooms","floor":7,"gold_loss":0},{"damage_healed":0,"gold_gain":0,"player_choice":"Donut","damage_taken":0,"max_hp_gain":5,"max_hp_loss":0,"event_name":"Big Fish","floor":14,"gold_loss":0},{"damage_healed":0,"gold_gain":0,"player_choice":"Obtained Relic","damage_taken":0,"relics_obtained":["Singing Bowl"],"max_hp_gain":0,"max_hp_loss":0,"event_name":"Addict","floor":19,"gold_loss":85},{"cards_removed":["Feel No Pain"],"damage_healed":0,"gold_gain":0,"player_choice":"Elegance","damage_taken":0,"max_hp_gain":0,"max_hp_loss":0,"event_name":"Back to Basics","floor":21,"gold_loss":0},{"damage_healed":0,"gold_gain":0,"player_choice":"Paid Fearfully","damage_taken":0,"max_hp_gain":0,"max_hp_loss":0,"event_name":"Masked Bandits","floor":31,"gold_loss":149},{"damage_healed":0,"gold_gain":0,"player_choice":"Bought 0 Potions","damage_taken":0,"max_hp_gain":0,"max_hp_loss":0,"event_name":"The Woman in Blue","floor":37,"gold_loss":0},{"damage_healed":0,"gold_gain":0,"player_choice":"Fight","damage_taken":0,"max_hp_gain":0,"max_hp_loss":0,"event_name":"Mysterious Sphere","floor":42,"gold_loss":0},{"damage_healed":0,"gold_gain":0,"player_choice":"Fight","damage_taken":0,"max_hp_gain":0,"max_hp_loss":0,"event_name":"MindBloom","floor":46,"gold_loss":0}],"is_beta":false,"boss_relics":[{"not_picked":["Runic Cube","Calling Bell"],"picked":"Pandora\u0027s Box"},{"not_picked":["Tiny House","Black Star"],"picked":"Fusion Hammer"}],"items_purged_floors":[20,39],"is_endless":false,"potions_floor_spawned":[7,11,13,22,28,33,38,46,47],"killed_by":"Time Eater","ascension_level":12}