{"gold_per_floor":[116,47,47,60,135,135,164,164,188,188,198,198,1,1,1,96,96,106,31,31,44,44,44,17,47,98,115,130,148,148,160,160,262,262,272,282,25,44,56,56,56,67,94,44,60,10,10,26,26,26],"floor_reached":51,"playtime":1684,"items_purged":["Strike_R","Decay","Decay","Parasite"],"score":717,"play_id":"28bc66ed-88d1-4008-ac20-fad33652c958","local_time":"20190517023447","is_ascension_mode":false,"campfire_choices":[{"data":"Bash","floor":6,"key":"SMITH"},{"data":"Inflame","floor":8,"key":"SMITH"},{"data":"Twin Strike","floor":10,"key":"SMITH"},{"data":"Disarm","floor":15,"key":"SMITH"},{"data":"Immolate","floor":23,"key":"SMITH"},{"floor":30,"key":"REST"},{"floor":32,"key":"REST"},{"data":"Limit Break","floor":40,"key":"SMITH"},{"floor":49,"key":"REST"}],"neow_cost":"NONE","seed_source_timestamp":27569636925180,"circlet_count":0,"master_deck":["Bash+1","Inflame+1","Twin Strike+1","Disarm+1","Immolate+1","Battle Trance","Shrug It Off+1","Shrug It Off","Iron Wave+1","Spot Weakness","Limit Break+1","Carnage","Iron Wave","Metallicize","Disarm","Entrench","Body Slam","Brutality","Headbutt+1","Carnage+1","Heavy Blade","Headbutt","Flame Barrier+1"],"relics":["Philosopher\u0027s Stone","Singing Bowl","Ancient Tea Set","Blue Candle","Lee\u0027s Waffle","Cursed Key","Smiling Mask","Boot","Bronze Scales","Pandora\u0027s Box","Bag of Preparation","Regal Pillow","Centennial Puzzle"],"potions_floor_usage":[7,16,16,21,28,31,38,45,45],"damage_taken":[{"damage":0,"enemies":"Small Slimes","floor":1,"turns":3},{"damage":0,"enemies":"2 Louse","floor":4,"turns":3},{"damage":23,"enemies":"Lagavulin","floor":7,"turns":5},{"damage":7,"enemies":"Jaw Worm","floor":11,"turns":2},{"damage":27,"enemies":"Slime Boss","floor":16,"turns":9},{"damage":2,"enemies":"Chosen","floor":18,"turns":3},{"damage":15,"enemies":"3 Byrds","floor":21,"turns":4},{"damage":21,"enemies":"Slavers","floor":25,"turns":4},{"damage":14,"enemies":"Snake Plant","floor":27,"turns":3},{"damage":14,"enemies":"Snecko","floor":28,"turns":4},{"damage":2,"enemies":"Cultist and Chosen","floor":29,"turns":4},{"damage":10,"enemies":"Snake Plant","floor":31,"turns":3},{"damage":59,"enemies":"Champ","floor":33,"turns":11},{"damage":7,"enemies":"3 Darklings","floor":35,"turns":4},{"damage":1,"enemies":"3 Shapes","floor":36,"turns":2},{"damage":1,"enemies":"Transient","floor":38,"turns":5},{"damage":6,"enemies":"3 Darklings","floor":39,"turns":4},{"damage":9,"enemies":"Writhing Mass","floor":42,"turns":5},{"damage":28,"enemies":"Spire Growth","floor":45,"turns":4},{"damage":16,"enemies":"Maw","floor":48,"turns":5},{"damage":78,"enemies":"Donu and Deca","floor":50,"turns":8}],"seed_played":"5671483885471759004","potions_obtained":[{"floor":4,"key":"SteroidPotion"},{"floor":7,"key":"SkillPotion"},{"floor":11,"key":"PowerPotion"},{"floor":18,"key":"Swift Potion"},{"floor":27,"key":"Regen Potion"},{"floor":28,"key":"Weak Potion"},{"floor":29,"key":"Energy Potion"},{"floor":39,"key":"Fire Potion"},{"floor":42,"key":"Weak Potion"},{"floor":45,"key":"Poison Potion"}],"is_trial":false,"path_per_floor":["M","$","?","M","?","R","E","R","T","R","M","?","$","$","R","B",null,"M","$","T","M","$","R","$","E","T","M","M","M","R","M","R","B",null,"M","M","$","M","M","R","?","M","T","$","M","$","?","M","R","B",null],"character_chosen":"IRONCLAD","items_purchased":["Inflame","Lee\u0027s Waffle","Shrug It Off","Heavy Blade","Bag of Preparation"],"campfire_rested":3,"item_purchase_floors":[2,13,24,37,37],"current_hp_per_floor":[80,80,73,73,62,62,39,39,39,39,32,20,87,87,87,60,87,85,85,85,70,70,70,70,51,51,37,37,37,64,54,81,22,93,86,85,85,86,82,82,97,88,88,88,62,62,62,46,89,11],"gold":26,"neow_bonus":"BOSS_RELIC","is_prod":false,"is_daily":false,"chose_seed":false,"campfire_upgraded":6,"win_rate":0,"timestamp":1558082087,"path_taken":["M","$","?","M","?","R","E","R","T","R","M","?","?","$","R","BOSS","M","?","?","M","$","R","?","E","T","M","M","M","R","M","R","BOSS","M","?","$","M","M","R","?","?","T","$","M","$","?","M","R","BOSS"],"build_version":"2019-01-23","purchased_purges":4,"victory":true,"max_hp_per_floor":[80,80,80,80,80,80,80,80,80,80,80,80,87,87,87,87,87,87,87,87,87,87,87,87,89,89,89,91,93,93,93,93,93,93,93,93,93,95,97,97,97,97,97,97,99,96,96,96,96,96],"card_choices":[{"not_picked":["Body Slam","Sever Soul","Rupture"],"picked":"SKIP","floor":1},{"not_picked":["Iron Wave","Shrug It Off","Hemokinesis"],"picked":"SKIP","floor":4},{"not_picked":["Bludgeon","Dropkick"],"picked":"Twin Strike","floor":7},{"not_picked":["Blood for Blood","Shrug It Off"],"picked":"Disarm","floor":11},{"not_picked":["Brutality","Feed"],"picked":"Immolate","floor":16},{"not_picked":["Warcry","Rampage+1"],"picked":"Battle Trance","floor":18},{"not_picked":["Body Slam","Anger+1"],"picked":"Shrug It Off+1","floor":21},{"not_picked":["Anger","Ghostly Armor","Armaments"],"picked":"Singing Bowl","floor":25},{"not_picked":["Pommel Strike","Headbutt"],"picked":"Iron Wave+1","floor":27},{"not_picked":["Brutality","Anger","Body Slam"],"picked":"Singing Bowl","floor":28},{"not_picked":["Anger","Bloodletting","Clothesline"],"picked":"Singing Bowl","floor":29},{"not_picked":["Body Slam","Blood for Blood"],"picked":"Spot Weakness","floor":31},{"not_picked":["Brutality","Demon Form"],"picked":"Limit Break","floor":33},{"not_picked":["Clash","Dropkick+1"],"picked":"Headbutt+1","floor":35},{"not_picked":["Thunderclap","Sever Soul+1"],"picked":"Carnage+1","floor":36},{"not_picked":["Intimidate","Clash","Warcry+1"],"picked":"Singing Bowl","floor":38},{"not_picked":["Burning Pact+1","Anger+1","Corruption"],"picked":"Singing Bowl","floor":39},{"not_picked":["Twin Strike+1","Heavy Blade"],"picked":"Headbutt","floor":42},{"not_picked":["Body Slam","Intimidate","Rupture"],"picked":"Singing Bowl","floor":45},{"not_picked":["Power Through","Havoc+1"],"picked":"Flame Barrier+1","floor":48}],"player_experience":1423697,"relics_obtained":[{"floor":7,"key":"Singing Bowl"},{"floor":9,"key":"Ancient Tea Set"},{"floor":20,"key":"Smiling Mask"},{"floor":25,"key":"Boot"},{"floor":26,"key":"Bronze Scales"},{"floor":43,"key":"Regal Pillow"}],"event_choices":[{"cards_removed":["Strike_R"],"damage_healed":0,"gold_gain":0,"player_choice":"Card Removal","damage_taken":7,"max_hp_gain":0,"max_hp_loss":0,"event_name":"Golden Wing","floor":3,"gold_loss":0},{"damage_healed":0,"gold_gain":75,"player_choice":"Gather Gold","damage_taken":11,"max_hp_gain":0,"max_hp_loss":0,"event_name":"World of Goop","floor":5,"gold_loss":0},{"damage_healed":0,"gold_gain":0,"player_choice":"Success","damage_taken":12,"relics_obtained":["Blue Candle"],"max_hp_gain":0,"max_hp_loss":0,"event_name":"Scrap Ooze","floor":12,"gold_loss":0},{"damage_healed":15,"gold_gain":0,"player_choice":"Full Heal","damage_taken":0,"max_hp_gain":0,"max_hp_loss":0,"event_name":"Wheel of Change","floor":41,"gold_loss":0},{"damage_healed":0,"gold_gain":0,"player_choice":"Gave Potion","damage_taken":0,"relics_obtained":["Centennial Puzzle"],"max_hp_gain":0,"max_hp_loss":0,"event_name":"WeMeetAgain","floor":47,"gold_loss":0}],"is_beta":false,"boss_relics":[{"not_picked":["Calling Bell","Coffee Dripper"],"picked":"Cursed Key"},{"not_picked":["Mark of Pain","Velvet Choker"],"picked":"Pandora\u0027s Box"}],"items_purged_floors":[19,37,44,46],"is_endless":false,"potions_floor_spawned":[4,7,11,18,27,28,29,39,42,45],"ascension_level":0}