{"gold_per_floor":[109,14,24,40,215,215,240,250,250,250,23,40,60,71,71,171,171,181,199,124,124,124,154,154,181,181,194,194,208,279,295,295,399,399,419,437,437,6,106,131,131,143,143,0,0,13,13,23,23,23],"floor_reached":50,"playtime":2902,"items_purged":["Bash","Writhe"],"score":642,"play_id":"b5240165-6352-4e26-b1f9-9564fcded94d","local_time":"20190624150917","is_ascension_mode":true,"campfire_choices":[{"data":"Perfected Strike","floor":6,"key":"SMITH"},{"floor":10,"key":"REST"},{"data":"Pommel Strike","floor":15,"key":"SMITH"},{"floor":24,"key":"REST"},{"floor":28,"key":"REST"},{"data":"Perfected Strike","floor":32,"key":"SMITH"},{"floor":41,"key":"REST"},{"floor":45,"key":"REST"},{"floor":49,"key":"REST"}],"neow_cost":"NONE","seed_source_timestamp":378521265335200,"circlet_count":0,"master_deck":["Strike_R","Strike_R","Strike_R","Strike_R","Strike_R","Defend_R","Defend_R","Defend_R","Twin Strike","Perfected Strike+1","Wild Strike","Pommel Strike+1","Evolve","Inflame","Wild Strike","Iron Wave+1","Perfected Strike+1","Twin Strike","Perfected Strike+1","Perfected Strike","Wild Strike","Doubt","Barricade+1","Pommel Strike","Perfected Strike+1","Twin Strike","Perfected Strike","Shrug It Off+1","Decay","Armaments+1"],"relics":["Burning Blood","Omamori","Kunai","Ancient Tea Set","Orichalcum","Cursed Key","Self Forming Clay","Magic Flower","Dodecahedron","Frozen Egg 2","Lizard Tail","DollysMirror","Gambling Chip","Vajra","Toxic Egg 2","Red Mask"],"potions_floor_usage":[16,23,33,33,33,40,40,42,46,48],"damage_taken":[{"damage":4,"enemies":"2 Louse","floor":1,"turns":3},{"damage":1,"enemies":"Cultist","floor":3,"turns":3},{"damage":12,"enemies":"Jaw Worm","floor":4,"turns":3},{"damage":16,"enemies":"Gremlin Nob","floor":7,"turns":3},{"damage":13,"enemies":"Blue Slaver","floor":8,"turns":2},{"damage":10,"enemies":"3 Louse","floor":12,"turns":2},{"damage":0,"enemies":"2 Fungi Beasts","floor":13,"turns":2},{"damage":0,"enemies":"Exordium Wildlife","floor":14,"turns":2},{"damage":41,"enemies":"Hexaghost","floor":16,"turns":6},{"damage":12,"enemies":"Chosen","floor":18,"turns":4},{"damage":17,"enemies":"2 Thieves","floor":19,"turns":4},{"damage":32,"enemies":"Book of Stabbing","floor":23,"turns":4},{"damage":10,"enemies":"Slavers","floor":25,"turns":4},{"damage":9,"enemies":"Centurion and Healer","floor":27,"turns":3},{"damage":0,"enemies":"Snecko","floor":29,"turns":2},{"damage":0,"enemies":"Sentry and Sphere","floor":31,"turns":2},{"damage":59,"enemies":"Collector","floor":33,"turns":9},{"damage":24,"enemies":"3 Shapes","floor":35,"turns":3},{"damage":26,"enemies":"3 Darklings","floor":36,"turns":4},{"damage":23,"enemies":"Mind Bloom Boss Battle","floor":39,"turns":4},{"damage":71,"enemies":"Reptomancer","floor":40,"turns":4},{"damage":23,"enemies":"Spire Growth","floor":42,"turns":3},{"damage":40,"enemies":"Maw","floor":46,"turns":6},{"damage":9,"enemies":"Jaw Worm Horde","floor":48,"turns":3},{"damage":144,"enemies":"Awakened One","floor":50,"turns":9}],"seed_played":"3813449094438540575","potions_obtained":[{"floor":4,"key":"Dexterity Potion"},{"floor":12,"key":"BloodPotion"},{"floor":14,"key":"LiquidBronze"},{"floor":16,"key":"SteroidPotion"},{"floor":23,"key":"Weak Potion"},{"floor":25,"key":"Strength Potion"},{"floor":33,"key":"Block Potion"},{"floor":40,"key":"AttackPotion"},{"floor":42,"key":"Swift Potion"},{"floor":46,"key":"Regen Potion"}],"is_trial":false,"path_per_floor":["M","?","M","M","?","R","E","M","T","R","$","M","M","M","R","B",null,"M","M","?","?","?","E","R","E","T","M","R","M","T","M","R","B",null,"M","M","?","$","?","E","R","M","T","?","R","M","$","M","R","B"],"character_chosen":"IRONCLAD","items_purchased":["Orichalcum","DollysMirror","Twin Strike","Regen Potion"],"campfire_rested":6,"item_purchase_floors":[11,38,38,38],"current_hp_per_floor":[80,80,80,74,74,74,64,57,57,80,80,76,80,80,80,45,80,74,63,63,63,63,37,61,57,57,57,80,80,80,80,80,42,80,65,48,68,68,54,11,35,21,21,21,45,14,14,28,52,0],"gold":23,"neow_bonus":"THREE_CARDS","is_prod":false,"is_daily":false,"chose_seed":false,"campfire_upgraded":3,"win_rate":0,"timestamp":1561406957,"path_taken":["M","?","?","M","?","R","E","M","T","R","?","M","M","M","R","BOSS","M","M","?","?","?","E","R","E","T","M","R","?","?","M","R","BOSS","M","M","?","$","?","E","R","M","T","?","R","?","$","M","R","BOSS"],"build_version":"2019-01-23","purchased_purges":2,"victory":false,"max_hp_per_floor":[80,80,80,80,80,80,80,80,80,80,80,80,80,80,80,80,80,80,80,80,80,80,80,80,80,80,80,80,80,80,80,80,80,80,80,80,80,80,80,80,80,80,80,80,80,80,80,80,80,80],"card_choices":[{"not_picked":["Cleave","Armaments"],"picked":"Twin Strike","floor":0},{"not_picked":["Rupture","Anger"],"picked":"Perfected Strike","floor":1},{"not_picked":["Bloodletting","Flame Barrier"],"picked":"Wild Strike","floor":3},{"not_picked":["Whirlwind","Thunderclap"],"picked":"Pommel Strike","floor":4},{"not_picked":["Whirlwind","Offering"],"picked":"Evolve","floor":7},{"not_picked":["Fire Breathing","Clothesline"],"picked":"Inflame","floor":8},{"not_picked":["Searing Blow","Havoc","Iron Wave"],"picked":"SKIP","floor":12},{"not_picked":["Reckless Charge","Heavy Blade"],"picked":"Wild Strike","floor":13},{"not_picked":["Thunderclap","Cleave","Blood for Blood"],"picked":"SKIP","floor":14},{"not_picked":["True Grit","Warcry"],"picked":"Iron Wave+1","floor":18},{"not_picked":["True Grit","Heavy Blade"],"picked":"Perfected Strike+1","floor":19},{"not_picked":["Intimidate+1","Flex","Uppercut"],"picked":"SKIP","floor":23},{"not_picked":["Uppercut","Corruption"],"picked":"Perfected Strike","floor":25},{"not_picked":["Havoc","Bloodletting"],"picked":"Perfected Strike","floor":27},{"not_picked":["Pummel","Blood for Blood+1"],"picked":"Wild Strike","floor":29},{"not_picked":["Headbutt","Fire Breathing+1"],"picked":"Barricade+1","floor":31},{"not_picked":["Body Slam+1","Flex","Feel No Pain+1"],"picked":"SKIP","floor":35},{"not_picked":["Clash","True Grit"],"picked":"Pommel Strike","floor":36},{"not_picked":["Metallicize+1","True Grit"],"picked":"Perfected Strike","floor":39},{"not_picked":["Headbutt","Clash","Sword Boomerang"],"picked":"SKIP","floor":40},{"not_picked":["Thunderclap+1","Reaper"],"picked":"Shrug It Off+1","floor":42},{"not_picked":["Intimidate+1","Spot Weakness+1"],"picked":"Armaments+1","floor":46},{"not_picked":["Clothesline+1","True Grit+1","Carnage+1"],"picked":"SKIP","floor":48}],"player_experience":489553,"relics_obtained":[{"floor":7,"key":"Kunai"},{"floor":9,"key":"Ancient Tea Set"},{"floor":23,"key":"Self Forming Clay"},{"floor":25,"key":"Magic Flower"},{"floor":26,"key":"Dodecahedron"},{"floor":30,"key":"Frozen Egg 2"},{"floor":39,"key":"Gambling Chip"},{"floor":40,"key":"Vajra"},{"floor":43,"key":"Toxic Egg 2"}],"event_choices":[{"damage_healed":0,"gold_gain":0,"player_choice":"Paid Gold","damage_taken":0,"relics_obtained":["Omamori"],"max_hp_gain":0,"max_hp_loss":0,"event_name":"WeMeetAgain","floor":2,"gold_loss":95},{"damage_healed":0,"gold_gain":175,"player_choice":"AGREE","damage_taken":0,"max_hp_gain":0,"max_hp_loss":0,"event_name":"Liars Game","floor":5,"gold_loss":0,"cards_obtained":["Doubt"]},{"cards_removed":["Defend_R"],"damage_healed":0,"gold_gain":0,"player_choice":"Gave Gold","damage_taken":0,"max_hp_gain":0,"max_hp_loss":0,"event_name":"Beggar","floor":20,"gold_loss":75},{"damage_healed":0,"gold_gain":0,"player_choice":"Read","damage_taken":0,"max_hp_gain":0,"max_hp_loss":0,"event_name":"The Library","floor":21,"gold_loss":0,"cards_obtained":["Twin Strike"]},{"damage_healed":0,"gold_gain":0,"player_choice":"Ignored","damage_taken":0,"max_hp_gain":0,"max_hp_loss":0,"event_name":"Vampires","floor":22,"gold_loss":0},{"damage_healed":20,"gold_gain":0,"player_choice":"Writhe","damage_taken":0,"max_hp_gain":0,"max_hp_loss":0,"event_name":"Winding Halls","floor":37,"gold_loss":0,"cards_obtained":["Writhe"]},{"damage_healed":0,"gold_gain":0,"player_choice":"Fight","damage_taken":0,"max_hp_gain":0,"max_hp_loss":0,"event_name":"MindBloom","floor":39,"gold_loss":0},{"damage_healed":0,"gold_gain":0,"player_choice":"Paid","damage_taken":0,"relics_obtained":["Red Mask"],"max_hp_gain":0,"max_hp_loss":0,"event_name":"Tomb of Lord Red Mask","floor":44,"gold_loss":143}],"is_beta":false,"boss_relics":[{"not_picked":["Snecko Eye","Eternal Feather"],"picked":"Cursed Key"},{"not_picked":["Pandora\u0027s Box","Tiny House"],"picked":"Lizard Tail"}],"items_purged_floors":[11,38],"is_endless":false,"potions_floor_spawned":[4,12,14,16,23,25,31,33,40,42,46],"killed_by":"Awakened One","ascension_level":4}