{"gold_per_floor":[110,110,110,171,190,190,224,334,334,334,3,13,46,56,56,160,160,175,325,375,395,360,385,385,410,410,437,456,456,431,501,501,596,646,662,676,696,707,481,481,494,42,42,92,160,174,174,185,185,185],"floor_reached":51,"playtime":5793,"items_purged":["Strike_G","Defend_G"],"score":1360,"play_id":"32f0fb63-fe9f-4c9f-9189-f487355d3de3","local_time":"20190714110045","is_ascension_mode":true,"campfire_choices":[{"data":"Dash","floor":6.0,"key":"SMITH"},{"data":"Deadly Poison","floor":10.0,"key":"SMITH"},{"data":"Well Laid Plans","floor":15.0,"key":"SMITH"},{"data":"Noxious Fumes","floor":24,"key":"SMITH"},{"data":"Wraith Form v2","floor":29,"key":"SMITH"},{"data":"Dash","floor":32,"key":"SMITH"},{"data":"Survivor","floor":40,"key":"SMITH"},{"data":"Flying Knee","floor":47,"key":"SMITH"},{"data":"Venomology","floor":49,"key":"SMITH"}],"neow_cost":"NONE","seed_source_timestamp":0,"circlet_count":0,"master_deck":["AscendersBane","Defend_G","Defend_G","Defend_G","Defend_G","Strike_G+1","Survivor+1","Neutralize+1","Venomology+1","Dagger Throw","Dash+1","Flying Knee+1","Sucker Punch+1","Deadly Poison+1","Well Laid Plans+1","Dash+1","Wraith Form v2+1","Noxious Fumes+1","Ghostly+1","Ghostly+1","Ghostly+1","Ghostly+1","Ghostly+1","Deadly Poison+1","Night Terror+1","Cloak And Dagger+1","Corpse Explosion+1","Deflect+1","Deflect+1","Reflex+1","Backflip+1","Dodge and Roll+1"],"special_seed":0,"relics":["Ring of the Snake","SsserpentHead","Dead Branch","Bag of Marbles","Unceasing Top","Singing Bowl","Incense Burner","Empty Cage","StoneCalendar","Toxic Egg 2","PreservedInsect","Bottled Tornado","Snake Skull","Kunai","Boot","Tiny House","Happy Flower","Thread and Needle","Paper Crane","Mummified Hand"],"potions_floor_usage":[18,19,19,33,37,46,50,50],"damage_taken":[{"damage":4.0,"enemies":"Jaw Worm","floor":1.0,"turns":6.0},{"damage":0.0,"enemies":"Cultist","floor":4.0,"turns":4.0},{"damage":0.0,"enemies":"Small Slimes","floor":5.0,"turns":5.0},{"damage":12.0,"enemies":"Gremlin Nob","floor":7.0,"turns":4.0},{"damage":9.0,"enemies":"Gremlin Nob","floor":8.0,"turns":5.0},{"damage":0.0,"enemies":"2 Fungi Beasts","floor":12.0,"turns":3.0},{"damage":7.0,"enemies":"Lagavulin","floor":13.0,"turns":5.0},{"damage":0.0,"enemies":"3 Louse","floor":14.0,"turns":4.0},{"damage":10.0,"enemies":"Hexaghost","floor":16.0,"turns":12.0},{"damage":2,"enemies":"Spheric Guardian","floor":18,"turns":5},{"damage":18,"enemies":"Colosseum Slavers","floor":19,"turns":6},{"damage":3,"enemies":"Colosseum Nobs","floor":19,"turns":6},{"damage":1,"enemies":"Shell Parasite","floor":21,"turns":7},{"damage":5,"enemies":"Book of Stabbing","floor":23,"turns":7},{"damage":0,"enemies":"Gremlin Leader","floor":25,"turns":7},{"damage":4,"enemies":"Book of Stabbing","floor":27,"turns":6},{"damage":0,"enemies":"3 Cultists","floor":28,"turns":5},{"damage":0,"enemies":"Shelled Parasite and Fungi","floor":31,"turns":7},{"damage":0,"enemies":"Collector","floor":33,"turns":9},{"damage":1,"enemies":"Orb Walker","floor":35,"turns":5},{"damage":0,"enemies":"3 Darklings","floor":36,"turns":4},{"damage":0,"enemies":"Transient","floor":37,"turns":5},{"damage":0,"enemies":"Writhing Mass","floor":38,"turns":7},{"damage":8,"enemies":"Jaw Worm Horde","floor":41,"turns":5},{"damage":0,"enemies":"3 Darklings","floor":45,"turns":4},{"damage":0,"enemies":"Maw","floor":46,"turns":7},{"damage":0,"enemies":"4 Shapes","floor":48,"turns":6},{"damage":0,"enemies":"Time Eater","floor":50,"turns":14}],"seed_played":"3507191045185603182","potions_obtained":[{"floor":4.0,"key":"Regen Potion"},{"floor":5.0,"key":"Fire Potion"},{"floor":14.0,"key":"EntropicBrew"},{"floor":21,"key":"Dexterity Potion"},{"floor":23,"key":"Dexterity Potion"},{"floor":36,"key":"SteroidPotion"},{"floor":45,"key":"Explosive Potion"},{"floor":46,"key":"SkillPotion"}],"is_trial":false,"path_per_floor":["?","?","M","?","?","?","?","?","M","?","M"],"character_chosen":"THE_SILENT","items_purchased":["Well Laid Plans","Singing Bowl","Happy Flower","Thread and Needle","Dodge and Roll+1"],"campfire_rested":0,"item_purchase_floors":[11,11,39,42,42],"current_hp_per_floor":[59,45,45,45,59,59,47,38,38,38,38,40,50,50,50,40,66,64,60,38,37,37,32,32,34,34,32,32,32,32,34,34,34,47,48,50,50,50,50,50,42,42,42,42,44,46,46,48,48,48],"gold":185,"neow_bonus":"ONE_RANDOM_RARE_CARD","is_prod":false,"is_daily":false,"chose_seed":false,"campfire_upgraded":9,"win_rate":0,"timestamp":1563091245,"path_taken":["M","?","?","?","M","R","E","?","T","R","$","M","E","M","R","BOSS","M","?","?","M","?","E","R","E","T","E","M","R","?","?","R","BOSS","M","M","M","M","$","R","M","$","T","?","?","M","R","M","R","BOSS"],"build_version":"2019-01-23","purchased_purges":2,"victory":true,"max_hp_per_floor":[70,70,70,70,70,70,70,70,70,70,70,72,74,74,74,74,74,74,76,38,38,38,38,38,40,40,42,42,42,42,44,44,44,49,51,53,53,53,53,53,53,53,53,53,55,57,57,59,59,59],"card_choices":[{"not_picked":["Prepared","Flying Knee"],"picked":"Dagger Throw","floor":1.0},{"not_picked":["Sucker Punch","Backflip"],"picked":"Dash","floor":4.0},{"not_picked":["Riddle With Holes","Blade Dance"],"picked":"Flying Knee","floor":5.0},{"not_picked":["Infinite Blades","Distraction"],"picked":"Sucker Punch","floor":7.0},{"not_picked":["Sucker Punch","Dodge and Roll"],"picked":"Deadly Poison","floor":8.0},{"not_picked":["Calculated Gamble","Prepared","Crippling Poison"],"picked":"Singing Bowl","floor":12.0},{"not_picked":["Poisoned Stab","Crippling Poison","Doppelganger"],"picked":"Singing Bowl","floor":13.0},{"not_picked":["Poisoned Stab","Quick Slash"],"picked":"Dash","floor":14.0},{"not_picked":["Grand Finale","Unload"],"picked":"Wraith Form v2","floor":16.0},{"not_picked":["Bouncing Flask","Dagger Throw"],"picked":"Noxious Fumes","floor":18},{"not_picked":["Flying Knee","Calculated Gamble","Bane"],"picked":"Singing Bowl","floor":19},{"not_picked":["Acrobatics+1","Blur+1"],"picked":"Deadly Poison+1","floor":21},{"not_picked":["Dagger Spray","Slice"],"picked":"Night Terror+1","floor":23},{"not_picked":["Dagger Throw","Reflex+1","Riddle With Holes"],"picked":"Singing Bowl","floor":25},{"not_picked":["Skewer","Choke","Flying Knee"],"picked":"Singing Bowl","floor":27},{"not_picked":["Dodge and Roll+1","Underhanded Strike"],"picked":"Cloak And Dagger+1","floor":28},{"not_picked":["Riddle With Holes","Outmaneuver+1","Accuracy+1"],"picked":"Singing Bowl","floor":31},{"not_picked":["Wraith Form v2","Doppelganger+1"],"picked":"Corpse Explosion+1","floor":33},{"not_picked":["Bane","Outmaneuver+1"],"picked":"Deflect+1","floor":34},{"not_picked":["PiercingWail+1","Heel Hook","Choke"],"picked":"Singing Bowl","floor":35},{"not_picked":["Quick Slash","Flying Knee+1","Riddle With Holes"],"picked":"Singing Bowl","floor":36},{"not_picked":["Concentrate+1","Grand Finale"],"picked":"Deflect+1","floor":37},{"not_picked":["Dagger Spray+1","Dodge and Roll+1"],"picked":"Reflex+1","floor":38},{"not_picked":["Bane","Blade Dance+1"],"picked":"Backflip+1","floor":41},{"not_picked":["Calculated Gamble+1","Endless Agony","Dodge and Roll+1"],"picked":"Singing Bowl","floor":45},{"not_picked":["Flying Knee","Deflect+1","Escape Plan+1"],"picked":"Singing Bowl","floor":46},{"not_picked":["Corpse Explosion+1","Choke","Bane"],"picked":"Singing Bowl","floor":48}],"player_experience":411159,"relics_obtained":[{"floor":7.0,"key":"Dead Branch"},{"floor":8.0,"key":"Bag of Marbles"},{"floor":9.0,"key":"Unceasing Top"},{"floor":13.0,"key":"Incense Burner"},{"floor":19,"key":"StoneCalendar"},{"floor":19,"key":"Toxic Egg 2"},{"floor":23,"key":"Bottled Tornado"},{"floor":25,"key":"Snake Skull"},{"floor":26,"key":"Kunai"},{"floor":27,"key":"Boot"},{"floor":43,"key":"Paper Crane"}],"event_choices":[{"damage_healed":0.0,"max_hp_gain":0.0,"max_hp_loss":0.0,"gold_gain":0.0,"event_name":"Shining Light","player_choice":"Entered Light","floor":2.0,"gold_loss":0.0,"damage_taken":14.0,"cards_upgraded":["Neutralize","Strike_G"]},{"damage_healed":0.0,"max_hp_gain":0.0,"max_hp_loss":0.0,"gold_gain":0.0,"event_name":"FaceTrader","player_choice":"Trade","floor":3.0,"gold_loss":0.0,"damage_taken":0.0,"relics_obtained":["SsserpentHead"]},{"damage_healed":0.0,"max_hp_gain":0.0,"max_hp_loss":0.0,"gold_gain":30.0,"event_name":"Dead Adventurer","player_choice":"Searched \u00273\u0027 times","floor":8.0,"gold_loss":0.0,"damage_taken":0.0},{"damage_healed":0,"gold_gain":0,"player_choice":"Fight","damage_taken":0,"max_hp_gain":0,"max_hp_loss":0,"event_name":"Colosseum","floor":19,"gold_loss":0},{"damage_healed":0,"gold_gain":0,"player_choice":"Fought Nobs","damage_taken":0,"max_hp_gain":0,"max_hp_loss":0,"event_name":"Colosseum","floor":19,"gold_loss":0},{"damage_healed":0,"gold_gain":0,"player_choice":"Became a Ghost","damage_taken":0,"max_hp_gain":0,"max_hp_loss":38,"event_name":"Ghosts","floor":20,"gold_loss":0,"cards_obtained":["Ghostly","Ghostly","Ghostly","Ghostly","Ghostly"]},{"damage_healed":0,"gold_gain":0,"player_choice":"Obtained Relic","damage_taken":0,"relics_obtained":["PreservedInsect"],"max_hp_gain":0,"max_hp_loss":0,"event_name":"Addict","floor":22,"gold_loss":85},{"cards_removed":["Strike_G"],"damage_healed":0,"gold_gain":0,"player_choice":"Gave Gold","damage_taken":0,"max_hp_gain":0,"max_hp_loss":0,"event_name":"Beggar","floor":30,"gold_loss":75},{"damage_healed":0,"gold_gain":0,"player_choice":"Gave Potion","damage_taken":0,"relics_obtained":["Mummified Hand"],"max_hp_gain":0,"max_hp_loss":0,"event_name":"WeMeetAgain","floor":44,"gold_loss":0}],"is_beta":false,"boss_relics":[{"not_picked":["Snecko Eye","Sozu"],"picked":"Empty Cage"},{"not_picked":["Black Star","Eternal Feather"],"picked":"Tiny House"}],"items_purged_floors":[39,42],"is_endless":false,"potions_floor_spawned":[4,5,8,14,19,21,23,28,33,36,45,46,48],"ascension_level":12}