{"gold_per_floor":[219,56,76,176,191,191,191,206,256,281,281,312,192,192,192,192],"floor_reached":16,"playtime":663,"items_purged":["Strike_R"],"score":100,"play_id":"3e876baf-9170-45af-b67f-a09d3f86e9a5","local_time":"20181230233314","is_ascension_mode":false,"campfire_choices":[{"data":"Pommel Strike","floor":7,"key":"SMITH"},{"data":"Clothesline","floor":11,"key":"SMITH"},{"data":"True Grit","floor":15,"key":"SMITH"}],"neow_cost":"NONE","seed_source_timestamp":21903035407354,"circlet_count":0,"master_deck":["Strike_R","Strike_R","Strike_R","Strike_R","Defend_R","Defend_R","Defend_R","Defend_R","Bash","Pommel Strike+1","Clothesline","Clothesline+1","Shrug It Off","True Grit+1"],"relics":["Burning Blood","Tiny Chest","Golden Idol","Boot","Happy Flower"],"potions_floor_usage":[8,16],"damage_taken":[{"damage":1,"enemies":"Cultist","floor":1,"turns":3},{"damage":10,"enemies":"Small Slimes","floor":3,"turns":4},{"damage":7,"enemies":"2 Louse","floor":5,"turns":3},{"damage":8,"enemies":"Blue Slaver","floor":8,"turns":5},{"damage":11,"enemies":"Exordium Wildlife","floor":10,"turns":4},{"damage":10,"enemies":"Gremlin Nob","floor":12,"turns":4},{"damage":60,"enemies":"Slime Boss","floor":16,"turns":9}],"seed_played":"-2457207741293182775","potions_obtained":[{"floor":1,"key":"SteroidPotion"},{"floor":3,"key":"BloodPotion"}],"is_trial":false,"path_per_floor":["M","$","M","?","M","?","R","M","T","M","R","E","$","?","R","B"],"character_chosen":"IRONCLAD","items_purchased":["Clothesline","Tiny Chest","True Grit"],"campfire_rested":0,"item_purchase_floors":[2,2,13],"current_hp_per_floor":[80,80,76,76,75,55,55,61,61,56,56,52,52,57,57,0],"gold":192,"neow_bonus":"HUNDRED_GOLD","is_prod":false,"is_daily":false,"chose_seed":false,"campfire_upgraded":3,"win_rate":0.0,"timestamp":1546230794,"path_taken":["M","$","?","?","?","?","R","M","T","M","R","E","$","?","R","BOSS"],"build_version":"2018-12-20","purchased_purges":1,"victory":false,"max_hp_per_floor":[80,80,80,80,80,80,80,80,80,80,80,80,80,85,85,85],"card_choices":[{"not_picked":["Entrench","Warcry"],"picked":"Pommel Strike","floor":1},{"not_picked":["Flex","Anger"],"picked":"Clothesline","floor":3},{"not_picked":["Bloodletting","Clothesline"],"picked":"Shrug It Off","floor":5},{"not_picked":["Carnage","Searing Blow","Power Through"],"picked":"SKIP","floor":8},{"not_picked":["Flex","Limit Break","Heavy Blade"],"picked":"SKIP","floor":10},{"not_picked":["Bloodletting","Spot Weakness","Intimidate"],"picked":"SKIP","floor":12}],"player_experience":50846,"relics_obtained":[{"floor":9,"key":"Boot"},{"floor":12,"key":"Happy Flower"}],"event_choices":[{"damage_healed":0,"gold_gain":100,"player_choice":"Pray","damage_taken":0,"max_hp_gain":0,"max_hp_loss":0,"event_name":"Golden Shrine","floor":4,"gold_loss":0},{"damage_healed":0,"gold_gain":0,"player_choice":"Take Damage","damage_taken":20,"relics_obtained":["Golden Idol"],"max_hp_gain":0,"max_hp_loss":0,"event_name":"Golden Idol","floor":6,"gold_loss":0},{"damage_healed":0,"gold_gain":0,"player_choice":"Donut","damage_taken":0,"max_hp_gain":5,"max_hp_loss":0,"event_name":"Big Fish","floor":14,"gold_loss":0}],"is_beta":false,"boss_relics":[],"items_purged_floors":[13],"is_endless":false,"potions_floor_spawned":[1,3],"killed_by":"Slime Boss","ascension_level":0}