{"gold_per_floor":[118,118,136,147,158,158,192,46,46,75,75,75,75,75,75,178,178,197,197,209,209,134,159,159,159,159,34,64,64,78,112,112,214,214,231,231,181,192,95,95,45,45,45,75,75,75,89,105,105,105,105,105,55,81,81],"floor_reached":56,"playtime":6598,"items_purged":["Strike_G","Bite","Writhe","Defend_G","Defend_G"],"score":1338,"play_id":"92e44f16-ad8e-4493-b263-21e9d021d82f","local_time":"20190712021905","is_ascension_mode":true,"campfire_choices":[{"data":"Catalyst","floor":6.0,"key":"SMITH"},{"data":"Night Terror","floor":11.0,"key":"SMITH"},{"data":"Corpse Explosion","floor":13.0,"key":"SMITH"},{"floor":15.0,"key":"REST"},{"data":"Catalyst","floor":24.0,"key":"SMITH"},{"floor":32.0,"key":"REST"},{"floor":40.0,"key":"RECALL"},{"data":"Deadly Poison","floor":42.0,"key":"SMITH"},{"data":"Deadly Poison","floor":46.0,"key":"SMITH"},{"data":"Prepared","floor":49.0,"key":"SMITH"},{"data":"Prepared","floor":52.0,"key":"SMITH"}],"neow_cost":"NONE","seed_source_timestamp":5928704341900,"circlet_count":0,"master_deck":["Defend_G","Defend_G","Defend_G","Survivor","Neutralize","Corpse Explosion+1","Sucker Punch","Catalyst+1","Bane","Bane","Night Terror+1","Caltrops","Cloak And Dagger","Bullet Time","Flechettes+1","Catalyst+1","Flying Knee","Terror","Bouncing Flask+1","Bite","Bite","Bite","Bite","Well Laid Plans+1","Deadly Poison+1","Poisoned Stab+1","Footwork","PiercingWail+1","PiercingWail+1","Deadly Poison+1","PiercingWail+1","Writhe","Prepared+1","Prepared+1"],"special_seed":0,"relics":["Ring of the Snake","Pen Nib","Gambling Chip","Letter Opener","Lizard Tail","Orichalcum","Smiling Mask","Snake Skull","Boot","Ornamental Fan","Coffee Dripper","The Courier","Centennial Puzzle","Bottled Tornado"],"potions_floor_usage":[54],"damage_taken":[{"damage":1.0,"enemies":"Cultist","floor":1.0,"turns":5.0},{"damage":2.0,"enemies":"2 Louse","floor":3.0,"turns":3.0},{"damage":0.0,"enemies":"Jaw Worm","floor":4.0,"turns":4.0},{"damage":4.0,"enemies":"Exordium Thugs","floor":5.0,"turns":4.0},{"damage":4.0,"enemies":"Gremlin Nob","floor":7.0,"turns":3.0},{"damage":19.0,"enemies":"3 Sentries","floor":10.0,"turns":3.0},{"damage":0.0,"enemies":"The Guardian","floor":16.0,"turns":3.0},{"damage":0.0,"enemies":"Spheric Guardian","floor":18.0,"turns":2.0},{"damage":3.0,"enemies":"Shell Parasite","floor":20.0,"turns":3.0},{"damage":0.0,"enemies":"Slavers","floor":23.0,"turns":2.0},{"damage":37.0,"enemies":"Gremlin Leader","floor":28.0,"turns":3.0},{"damage":3.0,"enemies":"Cultist and Chosen","floor":30.0,"turns":4.0},{"damage":18.0,"enemies":"Book of Stabbing","floor":31.0,"turns":3.0},{"damage":14.0,"enemies":"Champ","floor":33.0,"turns":5.0},{"damage":2.0,"enemies":"3 Darklings","floor":35.0,"turns":4.0},{"damage":0.0,"enemies":"3 Shapes","floor":38.0,"turns":2.0},{"damage":14.0,"enemies":"Nemesis","floor":44.0,"turns":3.0},{"damage":0.0,"enemies":"Transient","floor":47.0,"turns":2.0},{"damage":10.0,"enemies":"Spire Growth","floor":48.0,"turns":2.0},{"damage":29.0,"enemies":"Time Eater","floor":50.0,"turns":3.0},{"damage":6,"enemies":"Shield and Spear","floor":54,"turns":3},{"damage":61,"enemies":"The Heart","floor":55,"turns":5}],"seed_played":"-5867135839557305488","potions_obtained":[{"floor":3.0,"key":"Weak Potion"},{"floor":4.0,"key":"LiquidBronze"},{"floor":5.0,"key":"SteroidPotion"},{"floor":20.0,"key":"Block Potion"},{"floor":23.0,"key":"Energy Potion"},{"floor":31.0,"key":"Block Potion"},{"floor":38.0,"key":"Energy Potion"},{"floor":48.0,"key":"Regen Potion"}],"is_trial":false,"path_per_floor":["M","?","M","M","M","R","E","$","T","E","R","?","R","?","R","B",null,"M","?","M","?","?","E","R","?","T","$","E","?","M","E","R","B",null,"M","?","$","M","$","R","$","R","T","E","?","R","M","M","R","B",null,"R","$","E","B",null],"character_chosen":"THE_SILENT","items_purchased":["Caltrops","Well Laid Plans","Deadly Poison","Deadly Poison"],"campfire_rested":2,"item_purchase_floors":[8,27,27,39],"current_hp_per_floor":[69,69,67,67,63,63,59,59,59,40,40,33,33,33,54,56,70,70,70,67,54,54,56,56,56,56,56,25,25,28,14,36,28,75,75,75,75,75,75,75,75,75,75,61,75,75,75,67,67,50,75,75,75,73,16],"gold":81,"neow_bonus":"ONE_RANDOM_RARE_CARD","is_prod":false,"is_daily":false,"chose_seed":false,"campfire_upgraded":8,"win_rate":0,"timestamp":1562890745,"path_taken":["M","?","M","M","?","R","E","$","T","E","R","?","R","?","R","BOSS","M","?","M","?","?","E","R","?","T","$","E","?","M","E","R","BOSS","M","?","$","?","$","R","$","R","T","E","?","R","M","M","R","BOSS","R","$","E","BOSS"],"build_version":"2019-07-05","purchased_purges":5,"victory":true,"max_hp_per_floor":[70,70,70,70,70,70,70,70,70,70,70,70,70,70,70,70,70,70,70,70,75,75,75,75,75,75,75,75,75,75,75,75,75,75,75,75,75,75,75,75,75,75,75,75,75,75,75,75,75,75,75,75,75,75,75],"card_choices":[{"not_picked":["Tactician","Blade Dance"],"picked":"Sucker Punch","floor":1.0},{"not_picked":["Heel Hook","Underhanded Strike"],"picked":"Catalyst","floor":3.0},{"not_picked":["Poisoned Stab","Sucker Punch"],"picked":"Bane","floor":4.0},{"not_picked":["Expertise","PiercingWail"],"picked":"Bane","floor":5.0},{"not_picked":["Backflip","All Out Attack"],"picked":"Night Terror","floor":7.0},{"not_picked":["Heel Hook","Poisoned Stab"],"picked":"Cloak And Dagger","floor":10.0},{"not_picked":["Night Terror","After Image"],"picked":"Bullet Time","floor":16.0},{"not_picked":["Cloak And Dagger","Bouncing Flask"],"picked":"Flechettes+1","floor":18.0},{"not_picked":["Bouncing Flask","Cloak And Dagger"],"picked":"Terror","floor":20.0},{"not_picked":["Eviscerate","Poisoned Stab"],"picked":"Bouncing Flask+1","floor":23.0},{"not_picked":["Blur+1","Backstab"],"picked":"Poisoned Stab+1","floor":28.0},{"not_picked":["Predator","Prepared"],"picked":"Footwork","floor":30.0},{"not_picked":["Outmaneuver","Cloak And Dagger"],"picked":"PiercingWail+1","floor":31.0},{"not_picked":["Distraction+1","Skewer","Underhanded Strike+1"],"picked":"SKIP","floor":35.0},{"not_picked":["Deflect","Dagger Spray+1"],"picked":"PiercingWail+1","floor":38.0},{"not_picked":["Dagger Throw+1","Slice+1"],"picked":"PiercingWail+1","floor":44.0},{"not_picked":["Underhanded Strike","Poisoned Stab+1"],"picked":"Prepared","floor":47.0},{"not_picked":["Finisher","Dagger Spray+1"],"picked":"Prepared","floor":48.0},{"not_picked":["Accuracy+1","Dagger Throw","Envenom"],"picked":"SKIP","floor":54}],"player_experience":112011,"relics_obtained":[{"floor":7.0,"key":"Pen Nib"},{"floor":10.0,"key":"Gambling Chip"},{"floor":23.0,"key":"Orichalcum"},{"floor":26.0,"key":"Smiling Mask"},{"floor":28.0,"key":"Snake Skull"},{"floor":31.0,"key":"Ornamental Fan"},{"floor":43.0,"key":"The Courier"},{"floor":44.0,"key":"Centennial Puzzle"},{"floor":54,"key":"Bottled Tornado"}],"event_choices":[{"cards_removed":["Strike_G"],"damage_healed":0.0,"max_hp_gain":0.0,"max_hp_loss":0.0,"gold_gain":0.0,"event_name":"Purifier","player_choice":"Purged","floor":2.0,"gold_loss":0.0,"damage_taken":0.0},{"damage_healed":0.0,"max_hp_gain":0.0,"max_hp_loss":0.0,"gold_gain":0.0,"event_name":"Scrap Ooze","player_choice":"Success","floor":12.0,"gold_loss":0.0,"damage_taken":7.0,"relics_obtained":["Blood Vial"]},{"damage_healed":0.0,"max_hp_gain":0.0,"max_hp_loss":0.0,"gold_gain":0.0,"event_name":"Dead Adventurer","player_choice":"Searched \u00272\u0027 times","floor":14.0,"gold_loss":0.0,"damage_taken":0.0,"relics_obtained":["Letter Opener"]},{"damage_healed":0.0,"max_hp_gain":0.0,"max_hp_loss":0.0,"gold_gain":0.0,"cards_transformed":["Strike_G","Strike_G"],"event_name":"Drug Dealer","player_choice":"Became Test Subject","floor":19.0,"gold_loss":0.0,"damage_taken":0.0,"cards_obtained":["Catalyst","Flying Knee"]},{"damage_healed":0.0,"max_hp_gain":5.0,"max_hp_loss":0.0,"gold_gain":0.0,"event_name":"Forgotten Altar","player_choice":"Shed Blood","floor":21.0,"gold_loss":0.0,"damage_taken":18.0},{"cards_removed":["Strike_G"],"damage_healed":0.0,"max_hp_gain":0.0,"max_hp_loss":0.0,"gold_gain":0.0,"event_name":"Beggar","player_choice":"Gave Gold","floor":22.0,"gold_loss":75.0,"damage_taken":0.0},{"damage_healed":0.0,"max_hp_gain":0.0,"max_hp_loss":0.0,"gold_gain":0.0,"event_name":"Vampires","player_choice":"Became a vampire (Vial)","floor":25.0,"relics_lost":["Blood Vial"],"gold_loss":0.0,"damage_taken":0.0,"cards_obtained":["Bite","Bite","Bite","Bite","Bite"]},{"damage_healed":0.0,"max_hp_gain":0.0,"max_hp_loss":0.0,"gold_gain":0.0,"event_name":"The Mausoleum","player_choice":"Opened","floor":29.0,"gold_loss":0.0,"damage_taken":0.0,"relics_obtained":["Boot"],"cards_obtained":["Writhe"]},{"damage_healed":0.0,"max_hp_gain":0.0,"max_hp_loss":0.0,"gold_gain":0.0,"event_name":"Accursed Blacksmith","player_choice":"Forge","floor":36.0,"gold_loss":0.0,"damage_taken":0.0,"cards_upgraded":["Well Laid Plans"]},{"damage_healed":19.0,"max_hp_gain":0.0,"max_hp_loss":0.0,"gold_gain":0.0,"event_name":"Winding Halls","player_choice":"Writhe","floor":45.0,"gold_loss":0.0,"damage_taken":0.0,"cards_obtained":["Writhe"]}],"is_beta":false,"boss_relics":[{"not_picked":["Astrolabe","White Beast Statue"],"picked":"Lizard Tail"},{"not_picked":["Ring of the Serpent","WristBlade"],"picked":"Coffee Dripper"}],"items_purged_floors":[8,37,39,41,53],"is_endless":false,"potions_floor_spawned":[3,4,5,20,23,31,38,48],"ascension_level":1}