{"gold_per_floor":[111,111,125,145,91,91,121,121,121,121,149,165,181,196,196,299,299,310,310,328,340,340,340,350,350,350,350,350],"floor_reached":28,"playtime":2569,"items_purged":[],"score":230,"play_id":"a41e4b98-da23-4655-a8bc-763da9c4ff6e","local_time":"20190627010349","is_ascension_mode":false,"campfire_choices":[{"data":"Iron Wave","floor":6,"key":"SMITH"},{"floor":8,"key":"REST"},{"data":"Carnage","floor":10,"key":"SMITH"},{"data":"Bash","floor":15,"key":"SMITH"},{"floor":23,"key":"REST"},{"floor":27,"key":"REST"}],"neow_cost":"","seed_source_timestamp":4120607853778,"circlet_count":0,"master_deck":["Strike_R","Strike_R","Strike_R","Strike_R","Defend_R","Defend_R","Defend_R","Defend_R","Bash+1","Iron Wave","Carnage+1","Feel No Pain","Iron Wave+1","Thunderclap","Bludgeon","Rampage","Whirlwind","Headbutt","Juggernaut","True Grit","Armaments","Perfected Strike","Body Slam","Twin Strike","Cleave","Clothesline","Shrug It Off"],"relics":["Burning Blood","Ornamental Fan","Potion Belt","Orrery","Nloth\u0027s Gift","Ice Cream","Meat on the Bone"],"potions_floor_usage":[16,16,16,16,24],"damage_taken":[{"damage":12,"enemies":"Small Slimes","floor":1,"turns":5},{"damage":1,"enemies":"Cultist","floor":3,"turns":3},{"damage":1,"enemies":"Jaw Worm","floor":4,"turns":3},{"damage":63,"enemies":"Lagavulin","floor":7,"turns":9},{"damage":14,"enemies":"Gremlin Nob","floor":11,"turns":4},{"damage":1,"enemies":"3 Louse","floor":12,"turns":3},{"damage":1,"enemies":"Large Slime","floor":13,"turns":7},{"damage":0,"enemies":"Lots of Slimes","floor":14,"turns":1},{"damage":48,"enemies":"The Guardian","floor":16,"turns":10},{"damage":11,"enemies":"Chosen","floor":18,"turns":6},{"damage":31,"enemies":"Shell Parasite","floor":20,"turns":5},{"damage":29,"enemies":"Snecko","floor":21,"turns":5},{"damage":43,"enemies":"Snake Plant","floor":24,"turns":5},{"damage":45,"enemies":"Chosen and Byrds","floor":28,"turns":4}],"seed_played":"-8352284963580767278","potions_obtained":[{"floor":3,"key":"Ancient Potion"},{"floor":11,"key":"Strength Potion"},{"floor":12,"key":"SneckoOil"},{"floor":13,"key":"Block Potion"},{"floor":14,"key":"Weak Potion"},{"floor":20,"key":"SteroidPotion"},{"floor":21,"key":"Explosive Potion"}],"is_trial":false,"path_per_floor":["M","?","M","M","$","R","E","R","T","R","E","M","M","M","R","B",null,"M","?","M","M","?","R","M","?","T","R","M"],"character_chosen":"IRONCLAD","items_purchased":["Iron Wave"],"campfire_rested":3,"item_purchase_floors":[5],"current_hp_per_floor":[74,74,79,80,80,80,23,47,47,47,39,44,49,55,55,13,80,75,75,50,27,27,51,14,14,14,38,0],"gold":350,"neow_bonus":"","is_prod":false,"is_daily":false,"chose_seed":false,"campfire_upgraded":3,"win_rate":0.0,"timestamp":1561590229,"path_taken":["M","?","?","M","$","R","E","R","T","R","E","M","M","M","R","BOSS","M","?","?","M","?","R","M","?","T","R","M"],"build_version":"2019-01-23","purchased_purges":0,"victory":false,"max_hp_per_floor":[80,80,80,80,80,80,80,80,80,80,80,80,80,80,80,80,80,80,80,80,80,80,80,80,80,80,80,80],"card_choices":[{"not_picked":["Shrug It Off","Armaments"],"picked":"Iron Wave","floor":1},{"not_picked":["Clash","Warcry"],"picked":"Carnage","floor":3},{"not_picked":["Cleave","Flex"],"picked":"Feel No Pain","floor":4},{"not_picked":["Flex","Pommel Strike"],"picked":"Thunderclap","floor":7},{"not_picked":["Offering","Clash"],"picked":"Bludgeon","floor":11},{"not_picked":["Clash","Entrench"],"picked":"Rampage","floor":12},{"not_picked":["Entrench","Thunderclap"],"picked":"Whirlwind","floor":13},{"not_picked":["Twin Strike","Pommel Strike"],"picked":"Headbutt","floor":14},{"not_picked":["Reaper","Feed"],"picked":"Juggernaut","floor":16},{"not_picked":["Clothesline","Flex"],"picked":"True Grit","floor":17},{"not_picked":["Twin Strike","Anger"],"picked":"Armaments","floor":17},{"not_picked":["Carnage","Ghostly Armor"],"picked":"Perfected Strike","floor":17},{"not_picked":["Headbutt","Anger"],"picked":"Body Slam","floor":17},{"not_picked":["Searing Blow","Clothesline"],"picked":"Twin Strike","floor":17},{"not_picked":["Second Wind","Body Slam"],"picked":"Cleave","floor":18},{"not_picked":["Burning Pact","Headbutt+1"],"picked":"Barricade","floor":20},{"not_picked":["True Grit","Blood for Blood"],"picked":"Clothesline","floor":21},{"not_picked":["Body Slam","Reckless Charge"],"picked":"Shrug It Off","floor":24}],"player_experience":0,"relics_obtained":[{"floor":7,"key":"Red Skull"},{"floor":9,"key":"Ornamental Fan"},{"floor":11,"key":"Potion Belt"},{"floor":26,"key":"Meat on the Bone"}],"event_choices":[{"cards_removed":["Strike_R"],"damage_healed":0,"gold_gain":0,"player_choice":"Offered Basic","damage_taken":0,"max_hp_gain":0,"max_hp_loss":0,"event_name":"Bonfire Elementals","floor":2,"gold_loss":0},{"damage_healed":0,"gold_gain":0,"player_choice":"Traded Relic","damage_taken":0,"relics_obtained":["Nloth\u0027s Gift"],"max_hp_gain":0,"max_hp_loss":0,"event_name":"N\u0027loth","floor":19,"relics_lost":["Red Skull"],"gold_loss":0},{"damage_healed":0,"gold_gain":0,"player_choice":"Ignored","damage_taken":0,"max_hp_gain":0,"max_hp_loss":0,"event_name":"Ghosts","floor":22,"gold_loss":0},{"cards_removed":["Barricade"],"damage_healed":0,"gold_gain":0,"player_choice":"Gave Card","damage_taken":0,"relics_obtained":["Ice Cream"],"max_hp_gain":0,"max_hp_loss":0,"event_name":"WeMeetAgain","floor":25,"gold_loss":0}],"is_beta":false,"boss_relics":[{"not_picked":["Coffee Dripper","Cursed Key"],"picked":"Orrery"}],"items_purged_floors":[],"is_endless":false,"potions_floor_spawned":[3,11,12,13,14,20,21],"killed_by":"Chosen and Byrds","ascension_level":0}