{"gold_per_floor":[111,126,13,163,72,100,100,117,165,190,202,202,215,239,239,313,313,328,76,90,101,118,145,145,145],"floor_reached":25,"playtime":804,"items_purged":[],"score":566,"play_id":"7eca27c2-2061-4775-afed-9cfc5a64e4f9","local_time":"20190711222618","is_ascension_mode":true,"campfire_choices":[{"data":"Go for the Eyes","floor":7,"key":"SMITH"},{"data":"Zap","floor":15,"key":"SMITH"},{"data":"Reboot","floor":24,"key":"SMITH"}],"neow_cost":"NONE","seed_source_timestamp":139234498832418,"circlet_count":0,"master_deck":["AscendersBane","Strike_B","Strike_B","Strike_B","Strike_B","Defend_B","Defend_B","Defend_B","Defend_B","Zap+1","Dualcast","Steam","Steam","Gash","Go for the Eyes+1","Go for the Eyes","Go for the Eyes","Gash","Steam","Gash","Gash","Reboot+1","Skim+1","Beam Cell","Go for the Eyes","Go for the Eyes+1"],"relics":["Cracked Core","NeowsBlessing","Happy Flower","Art of War","Blood Vial","Shuriken","Odd Mushroom","Coffee Dripper","Vajra","Ancient Tea Set"],"potions_floor_usage":[10,10,18,21,22,23,25],"damage_taken":[{"damage":0,"enemies":"Small Slimes","floor":1,"turns":1},{"damage":0,"enemies":"Jaw Worm","floor":2,"turns":1},{"damage":0,"enemies":"3 Sentries","floor":6,"turns":1},{"damage":1,"enemies":"Cultist","floor":8,"turns":3},{"damage":20,"enemies":"Gremlin Nob","floor":10,"turns":4},{"damage":4,"enemies":"Blue Slaver","floor":11,"turns":3},{"damage":1,"enemies":"Red Slaver","floor":13,"turns":3},{"damage":10,"enemies":"The Mushroom Lair","floor":14,"turns":4},{"damage":28,"enemies":"Hexaghost","floor":16,"turns":9},{"damage":24,"enemies":"2 Thieves","floor":18,"turns":4},{"damage":0,"enemies":"Chosen","floor":20,"turns":4},{"damage":19,"enemies":"Snake Plant","floor":21,"turns":4},{"damage":7,"enemies":"Centurion and Healer","floor":22,"turns":3},{"damage":17,"enemies":"Gremlin Leader","floor":23,"turns":6},{"damage":23,"enemies":"Slavers","floor":25,"turns":1}],"seed_played":"-7643033134156814353","potions_obtained":[{"floor":1,"key":"EssenceOfSteel"},{"floor":2,"key":"PowerPotion"},{"floor":6,"key":"Poison Potion"},{"floor":11,"key":"Fire Potion"},{"floor":16,"key":"Regen Potion"},{"floor":18,"key":"Poison Potion"},{"floor":21,"key":"AttackPotion"},{"floor":23,"key":"Strength Potion"}],"is_trial":false,"path_per_floor":["M","M","$","?","?","E","R","M","T","E","M","?","M","?","R","B",null,"M","$","M","M","M","E","R","E"],"character_chosen":"DEFECT","items_purchased":["Gash","Go for the Eyes","Vajra","Beam Cell","Go for the Eyes"],"campfire_rested":0,"item_purchase_floors":[3,3,19,19,19],"current_hp_per_floor":[64,64,64,64,64,64,64,63,63,45,43,43,44,36,36,10,56,46,46,48,31,26,11,11,0],"gold":145,"neow_bonus":"THREE_ENEMY_KILL","is_prod":false,"is_daily":false,"chose_seed":false,"campfire_upgraded":3,"win_rate":0,"timestamp":1562876778,"path_taken":["M","M","$","?","?","E","R","?","T","E","M","?","?","?","R","BOSS","M","$","M","M","M","E","R","E"],"build_version":"2019-07-05","purchased_purges":0,"victory":false,"max_hp_per_floor":[71,71,71,71,71,71,71,71,71,71,71,71,71,71,71,71,71,71,71,71,71,71,71,71,71],"card_choices":[{"not_picked":["Skim","Barrage"],"picked":"Steam","floor":1},{"not_picked":["Skim","Force Field"],"picked":"Steam","floor":2},{"not_picked":["Reprogram","Double Energy"],"picked":"Go for the Eyes","floor":6},{"not_picked":["Heatsinks","Steam"],"picked":"Go for the Eyes","floor":8},{"not_picked":["Storm","Compile Driver"],"picked":"Gash","floor":10},{"not_picked":["Coolheaded","Redo"],"picked":"Steam","floor":11},{"not_picked":["Defragment","Rip and Tear"],"picked":"Gash","floor":13},{"not_picked":["Doom and Gloom","Beam Cell"],"picked":"Gash","floor":14},{"not_picked":["Seek","Core Surge"],"picked":"Reboot","floor":16},{"not_picked":["Sunder","Leap"],"picked":"Skim+1","floor":18},{"not_picked":["Chill","Streamline+1"],"picked":"Go for the Eyes+1","floor":20},{"not_picked":["Turbo","Consume","Force Field"],"picked":"SKIP","floor":21},{"not_picked":["Hello World","Leap","Force Field"],"picked":"SKIP","floor":22},{"not_picked":["Redo","Rebound","Defragment"],"picked":"SKIP","floor":23}],"player_experience":617533,"relics_obtained":[{"floor":6,"key":"Art of War"},{"floor":9,"key":"Blood Vial"},{"floor":10,"key":"Shuriken"},{"floor":14,"key":"Odd Mushroom"},{"floor":23,"key":"Ancient Tea Set"}],"event_choices":[{"damage_healed":0,"gold_gain":150,"player_choice":"AGREE","damage_taken":0,"max_hp_gain":0,"max_hp_loss":0,"event_name":"Liars Game","floor":4,"gold_loss":0,"cards_obtained":["Doubt"]},{"damage_healed":0,"gold_gain":0,"player_choice":"Paid Gold","damage_taken":0,"relics_obtained":["Happy Flower"],"max_hp_gain":0,"max_hp_loss":0,"event_name":"WeMeetAgain","floor":5,"gold_loss":91},{"cards_removed":["Doubt"],"damage_healed":0,"gold_gain":0,"player_choice":"Card Removal","damage_taken":0,"max_hp_gain":0,"max_hp_loss":0,"event_name":"Wheel of Change","floor":12,"gold_loss":0},{"damage_healed":0,"gold_gain":0,"player_choice":"Fought Mushrooms","damage_taken":0,"max_hp_gain":0,"max_hp_loss":0,"event_name":"Mushrooms","floor":14,"gold_loss":0}],"is_beta":false,"boss_relics":[{"not_picked":["Fusion Hammer","Orrery"],"picked":"Coffee Dripper"}],"items_purged_floors":[],"is_endless":false,"potions_floor_spawned":[1,2,6,11,16,18,21,23],"killed_by":"Slavers","ascension_level":20}