{"gold_per_floor":[114,114,129,54,69,69,84,99,99,148,178,178,193,208,208,208],"floor_reached":16,"playtime":804,"items_purged":["True Grit"],"score":129,"play_id":"bac419b3-fc8d-4bce-8c94-0bbfb677e7e5","local_time":"20190522203646","daily_mods":["Draft","Blue Cards","Terminal"],"is_ascension_mode":false,"campfire_choices":[{"data":"White Noise","floor":6,"key":"SMITH"},{"data":"White Noise","floor":12,"key":"SMITH"},{"data":"Flex","floor":15,"key":"SMITH"}],"neow_cost":"","seed_source_timestamp":0,"circlet_count":0,"master_deck":["Rebound","Cleave","Sweeping Beam","Rampage","Sweeping Beam","Headbutt","Clash","Flex+1","Heavy Blade","Sunder","Thunderclap","Power Through","Cleave","White Noise+1","White Noise+1","Cleave","Turbo","Doom and Gloom","Sweeping Beam+1","Headbutt+1"],"special_seed":18039,"relics":["Burning Blood","PreservedInsect","Blue Candle","Dodecahedron","Molten Egg 2"],"potions_floor_usage":[8,11,13,13],"damage_taken":[{"damage":6,"enemies":"Jaw Worm","floor":1,"turns":2},{"damage":0,"enemies":"Cultist","floor":3,"turns":2},{"damage":2,"enemies":"2 Louse","floor":5,"turns":2},{"damage":0,"enemies":"2 Fungi Beasts","floor":7,"turns":1},{"damage":6,"enemies":"Large Slime","floor":8,"turns":3},{"damage":4,"enemies":"3 Sentries","floor":10,"turns":2},{"damage":0,"enemies":"3 Sentries","floor":11,"turns":2},{"damage":0,"enemies":"Blue Slaver","floor":13,"turns":1},{"damage":8,"enemies":"Red Slaver","floor":14,"turns":2},{"damage":65,"enemies":"Hexaghost","floor":16,"turns":4}],"seed_played":"-1599869473394492483","potions_obtained":[{"floor":7,"key":"PowerPotion"},{"floor":8,"key":"FearPotion"},{"floor":10,"key":"SkillPotion"},{"floor":11,"key":"Swift Potion"}],"is_trial":false,"path_per_floor":["M","?","M","$","M","R","M","M","T","?","E","R","M","M","R","B"],"character_chosen":"IRONCLAD","items_purchased":[],"campfire_rested":0,"item_purchase_floors":[],"current_hp_per_floor":[78,77,76,75,74,73,72,71,70,69,68,67,66,64,64,0],"gold":208,"neow_bonus":"","is_prod":false,"is_daily":true,"chose_seed":false,"campfire_upgraded":3,"win_rate":0,"timestamp":1558571806,"path_taken":["M","?","M","?","M","R","M","M","T","?","E","R","M","M","R","BOSS"],"build_version":"2019-01-23","purchased_purges":1,"victory":false,"max_hp_per_floor":[78,77,76,75,74,73,72,71,70,69,68,67,66,65,64,64],"card_choices":[{"not_picked":["Perfected Strike","Consume"],"picked":"True Grit","floor":0},{"not_picked":["Havoc","Chaos"],"picked":"Rebound","floor":0},{"not_picked":["Shrug It Off","Beam Cell"],"picked":"Cleave","floor":0},{"not_picked":["Melter","Clash"],"picked":"Sweeping Beam","floor":0},{"not_picked":["Twin Strike","Sever Soul"],"picked":"Rampage","floor":0},{"not_picked":["Inflame","White Noise"],"picked":"Sweeping Beam","floor":0},{"not_picked":["Recycle","Ghostly Armor"],"picked":"Headbutt","floor":0},{"not_picked":["Hologram","Streamline"],"picked":"Clash","floor":0},{"not_picked":["Fire Breathing","Body Slam"],"picked":"Flex","floor":0},{"not_picked":["Compile Driver","Melter"],"picked":"Heavy Blade","floor":0},{"not_picked":["Power Through","Bloodletting"],"picked":"Sunder","floor":0},{"not_picked":["Flex","Pummel"],"picked":"Thunderclap","floor":0},{"not_picked":["Leap","Steam"],"picked":"Power Through","floor":0},{"not_picked":["Iron Wave","Coolheaded"],"picked":"Cleave","floor":0},{"not_picked":["Flex","Streamline"],"picked":"White Noise","floor":0},{"not_picked":["Defragment","Loop"],"picked":"White Noise","floor":1},{"not_picked":["Genetic Algorithm","Seeing Red"],"picked":"Cleave","floor":3},{"not_picked":["Beam Cell","Compile Driver","Steam"],"picked":"SKIP","floor":5},{"not_picked":["Iron Wave","Whirlwind"],"picked":"Turbo","floor":7},{"not_picked":["Disarm","Chill","Go for the Eyes"],"picked":"SKIP","floor":8},{"not_picked":["FTL","Limit Break"],"picked":"Doom and Gloom","floor":10},{"not_picked":["Twin Strike","Limit Break","Brutality"],"picked":"SKIP","floor":11},{"not_picked":["Barrage+1","Twin Strike+1"],"picked":"Sweeping Beam+1","floor":13},{"not_picked":["Redo","Heavy Blade+1"],"picked":"Headbutt+1","floor":14}],"player_experience":224070,"relics_obtained":[{"floor":2,"key":"PreservedInsect"},{"floor":9,"key":"Blue Candle"},{"floor":10,"key":"Dodecahedron"},{"floor":11,"key":"Molten Egg 2"}],"event_choices":[{"damage_healed":0,"gold_gain":0,"player_choice":"Relic","damage_taken":0,"max_hp_gain":0,"max_hp_loss":0,"event_name":"Wheel of Change","floor":2,"gold_loss":0},{"damage_healed":0,"gold_gain":30,"player_choice":"Searched \u00272\u0027 times","damage_taken":0,"max_hp_gain":0,"max_hp_loss":0,"event_name":"Dead Adventurer","floor":10,"gold_loss":0}],"is_beta":false,"boss_relics":[],"items_purged_floors":[4],"is_endless":false,"potions_floor_spawned":[7,8,10,11],"killed_by":"Hexaghost","ascension_level":0}