{"gold_per_floor":[111,111,127,127,138,166,166,201,201,233,108,135,161,191,191,265,265,277,294,294,320,139,173,203,237,263,303,348,389,426,468,480,567,579,611,723,735,1022,225,251,281,306,357,392,420,59,90,90,90,90,90,90,90,23,49,49],"floor_reached":57,"playtime":4350,"items_purged":["Regret","Writhe"],"score":4259,"play_id":"1413963f-3655-44c8-bbeb-6ebeba4443f6","local_time":"20190710012255","daily_mods":["SealedDeck","Vintage","Heirloom","Time Dilation","Flight","DeadlyEvents","Elite Swarm","Binary"],"is_ascension_mode":true,"campfire_choices":[{"data":"Genetic Algorithm","floor":7.0,"key":"SMITH"},{"data":"Defragment","floor":15.0,"key":"SMITH"},{"data":"1","floor":32.0,"key":"LIFT"},{"floor":49.0,"key":"RECALL"},{"data":"2","floor":53.0,"key":"LIFT"}],"neow_cost":"","seed_source_timestamp":0,"circlet_count":0,"master_deck":["AscendersBane","Redo","Coolheaded","Sweeping Beam","Compile Driver+1","Doom and Gloom","Conserve Battery","FTL+1","Undo","Glacier","Genetic Algorithm+1","Self Repair","Defragment+1","FTL+1","Loop+1","Panache+1"],"special_seed":0,"relics":["FrozenCore","Busted Crown","Du-Vu Doll","The Courier","PreservedInsect","Toxic Egg 2","Molten Egg 2","Shuriken","Girya","Sundial","Bottled Flame","Bronze Scales","Matryoshka","Meat on the Bone","Inserter","Orichalcum","Mummified Hand","Gremlin Horn","Cables","Runic Capacitor","StoneCalendar","Regal Pillow","Happy Flower","MawBank","Centennial Puzzle","Singing Bowl","Kunai","Potion Belt","Blood Vial","Symbiotic Virus","Dodecahedron","Emotion Chip","Lantern","Frozen Egg 2","Bag of Preparation","Vajra","Bird Faced Urn","DataDisk","Mercury Hourglass","Pen Nib","Ancient Tea Set","Oddly Smooth Stone","Question Card","Whetstone","Gambling Chip","Incense Burner"],"potions_floor_usage":[56,56,56,56],"damage_taken":[{"damage":0.0,"enemies":"Jaw Worm","floor":1.0,"turns":2.0},{"damage":0.0,"enemies":"Cultist","floor":3.0,"turns":3.0},{"damage":3.0,"enemies":"Small Slimes","floor":5.0,"turns":2.0},{"damage":0.0,"enemies":"Lagavulin","floor":6.0,"turns":4.0},{"damage":0.0,"enemies":"3 Sentries","floor":8.0,"turns":4.0},{"damage":0.0,"enemies":"Lagavulin","floor":10.0,"turns":3.0},{"damage":0.0,"enemies":"Gremlin Nob","floor":12.0,"turns":3.0},{"damage":0.0,"enemies":"3 Sentries","floor":13.0,"turns":4.0},{"damage":0.0,"enemies":"Lagavulin","floor":14.0,"turns":4.0},{"damage":17.0,"enemies":"Hexaghost","floor":16.0,"turns":7.0},{"damage":12.0,"enemies":"Shell Parasite","floor":18.0,"turns":4.0},{"damage":0.0,"enemies":"Chosen","floor":19.0,"turns":5.0},{"damage":5.0,"enemies":"Book of Stabbing","floor":21.0,"turns":4.0},{"damage":6.0,"enemies":"Slavers","floor":23.0,"turns":3.0},{"damage":4.0,"enemies":"Book of Stabbing","floor":24.0,"turns":3.0},{"damage":0.0,"enemies":"Gremlin Leader","floor":25.0,"turns":2.0},{"damage":0.0,"enemies":"Slavers","floor":27.0,"turns":2.0},{"damage":0.0,"enemies":"Gremlin Leader","floor":28.0,"turns":3.0},{"damage":0.0,"enemies":"Book of Stabbing","floor":29.0,"turns":3.0},{"damage":0.0,"enemies":"Gremlin Leader","floor":30.0,"turns":4.0},{"damage":9.0,"enemies":"Slavers","floor":31.0,"turns":4.0},{"damage":0.0,"enemies":"Collector","floor":33.0,"turns":6.0},{"damage":0.0,"enemies":"3 Shapes","floor":35.0,"turns":2.0},{"damage":0.0,"enemies":"Mind Bloom Boss Battle","floor":36.0,"turns":5.0},{"damage":0.0,"enemies":"Reptomancer","floor":40.0,"turns":2.0},{"damage":0.0,"enemies":"Giant Head","floor":41.0,"turns":6.0},{"damage":0.0,"enemies":"Reptomancer","floor":42.0,"turns":2.0},{"damage":0.0,"enemies":"Nemesis","floor":44.0,"turns":5.0},{"damage":0.0,"enemies":"Reptomancer","floor":45.0,"turns":3.0},{"damage":0.0,"enemies":"Nemesis","floor":47.0,"turns":3.0},{"damage":4.0,"enemies":"Awakened One","floor":50.0,"turns":4.0},{"damage":2.0,"enemies":"Donu and Deca","floor":51.0,"turns":5.0},{"damage":0,"enemies":"Shield and Spear","floor":55,"turns":3},{"damage":4,"enemies":"The Heart","floor":56,"turns":7}],"seed_played":"-5236640561384750654","potions_obtained":[{"floor":5.0,"key":"SkillPotion"},{"floor":6.0,"key":"EssenceOfSteel"},{"floor":25.0,"key":"FocusPotion"},{"floor":29.0,"key":"Poison Potion"},{"floor":36.0,"key":"Energy Potion"},{"floor":41.0,"key":"Fire Potion"},{"floor":55,"key":"AttackPotion"}],"is_trial":true,"path_per_floor":["?","T","M","?","E","?","T","?"],"character_chosen":"DEFECT","items_purchased":["Self Repair","Defragment","Runic Capacitor","FTL+1","Loop+1","Bag of Preparation","Vajra","Bird Faced Urn","DataDisk","Whetstone","Panache+1","LiquidBronze"],"campfire_rested":0,"item_purchase_floors":[11,11,22,39,39,39,39,39,39,46,46,54],"current_hp_per_floor":[64,69,69,69,66,66,66,66,66,66,66,73,76,76,76,66,74,69,76,76,76,76,70,73,76,76,76,76,76,76,74,74,76,76,76,76,76,76,76,76,76,76,76,76,76,76,78,78,78,78,78,78,78,78,80,80],"gold":49,"neow_bonus":"","is_prod":false,"is_daily":false,"chose_seed":false,"campfire_upgraded":2,"win_rate":0,"timestamp":1562710975,"path_taken":["M","?","M","?","M","E","R","E","T","E","$","E","E","E","R","BOSS","M","?","?","?","$","E","E","E","T","E","E","E","E","E","R","BOSS","M","?","?","?","$","E","E","E","T","E","E","$","E","$","R","BOSS","BOSS","R","$","E","BOSS"],"build_version":"2019-01-23","purchased_purges":2,"victory":true,"max_hp_per_floor":[71,76,76,76,76,76,76,76,76,76,76,76,76,76,76,76,76,76,76,76,76,76,76,76,76,76,76,76,76,76,76,76,76,76,76,76,76,76,76,76,76,76,76,76,76,76,78,78,78,78,78,78,78,78,80,80],"card_choices":[{"not_picked":["All For One+1"],"picked":"Singing Bowl","floor":47.0},{"not_picked":["All For One+1"],"picked":"Singing Bowl","floor":55}],"player_experience":350266,"relics_obtained":[{"floor":1.0,"key":"The Courier"},{"floor":3.0,"key":"PreservedInsect"},{"floor":4.0,"key":"Toxic Egg 2"},{"floor":5.0,"key":"Molten Egg 2"},{"floor":6.0,"key":"Shuriken"},{"floor":8.0,"key":"Girya"},{"floor":9.0,"key":"Sundial"},{"floor":10.0,"key":"Bottled Flame"},{"floor":12.0,"key":"Bronze Scales"},{"floor":13.0,"key":"Matryoshka"},{"floor":14.0,"key":"Meat on the Bone"},{"floor":18.0,"key":"Orichalcum"},{"floor":19.0,"key":"Mummified Hand"},{"floor":21.0,"key":"Cables"},{"floor":23.0,"key":"StoneCalendar"},{"floor":24.0,"key":"Regal Pillow"},{"floor":25.0,"key":"Happy Flower"},{"floor":26.0,"key":"MawBank"},{"floor":26.0,"key":"Centennial Puzzle"},{"floor":27.0,"key":"Singing Bowl"},{"floor":28.0,"key":"Kunai"},{"floor":29.0,"key":"Potion Belt"},{"floor":30.0,"key":"Blood Vial"},{"floor":31.0,"key":"Symbiotic Virus"},{"floor":35.0,"key":"Dodecahedron"},{"floor":36.0,"key":"Emotion Chip"},{"floor":37.0,"key":"Lantern"},{"floor":37.0,"key":"Frozen Egg 2"},{"floor":40.0,"key":"Mercury Hourglass"},{"floor":41.0,"key":"Pen Nib"},{"floor":42.0,"key":"Ancient Tea Set"},{"floor":44.0,"key":"Oddly Smooth Stone"},{"floor":45.0,"key":"Question Card"},{"floor":47.0,"key":"Gambling Chip"},{"floor":55,"key":"Incense Burner"}],"event_choices":[{"damage_healed":0.0,"max_hp_gain":5.0,"max_hp_loss":0.0,"gold_gain":0.0,"event_name":"Big Fish","player_choice":"Donut","floor":2.0,"gold_loss":0.0,"damage_taken":0.0},{"damage_healed":0.0,"max_hp_gain":0.0,"max_hp_loss":0.0,"gold_gain":0.0,"event_name":"The Mausoleum","player_choice":"Opened","floor":20.0,"gold_loss":0.0,"damage_taken":0.0,"relics_obtained":["Gremlin Horn"],"cards_obtained":["Writhe"]},{"damage_healed":0.0,"max_hp_gain":0.0,"max_hp_loss":0.0,"gold_gain":0.0,"event_name":"MindBloom","player_choice":"Fight","floor":36.0,"gold_loss":0.0,"damage_taken":0.0},{"damage_healed":0.0,"max_hp_gain":0.0,"max_hp_loss":0.0,"gold_gain":275.0,"event_name":"Golden Shrine","player_choice":"Desecrate","floor":38.0,"gold_loss":0.0,"damage_taken":0.0,"cards_obtained":["Regret"]}],"is_beta":false,"boss_relics":[{"not_picked":["Velvet Choker","Astrolabe"],"picked":"Inserter"},{"not_picked":["Tiny House","Lizard Tail"],"picked":"FrozenCore"}],"items_purged_floors":[39,46],"is_endless":false,"potions_floor_spawned":[5,6,8,12,14,16,21,23,25,27,29,36,41,45,47,55],"ascension_level":20}