{"gold_per_floor":[115,127,127,26,40,68,81,81,104,117,132,142,142,107,107,230,230,245,261,261,261,274,274,292,34,111,131,7,7,7,26,26,157,157,178,178,193,293,293],"floor_reached":39,"playtime":5499,"items_purged":["Doubt"],"score":410,"play_id":"c60ad6fd-5ee1-4281-a0f6-eb70c3613b21","local_time":"20190511111934","is_ascension_mode":false,"campfire_choices":[{"floor":8.0,"key":"REST"},{"floor":15.0,"key":"REST"},{"floor":23.0,"key":"REST"},{"floor":29,"key":"REST"},{"floor":32,"key":"REST"}],"neow_cost":"NONE","seed_source_timestamp":0,"circlet_count":0,"master_deck":["Defend_G","Defend_G","Defend_G","Defend_G","Defend_G","Strike_G","Strike_G","Strike_G","Strike_G","Strike_G","Survivor","Neutralize","Acrobatics","Outmaneuver","Neutralize","Poisoned Stab","Quick Slash","Escape Plan","Heel Hook","Underhanded Strike","Crippling Poison","Die Die Die","Heel Hook","Injury","A Thousand Cuts","Endless Agony","Terror","Backstab+1","Flying Knee+1","Deflect","Leg Sweep","Wraith Form v2","Bouncing Flask","Noxious Fumes","Slice","Outmaneuver+1","Bullet Time","Sucker Punch","Blur","Slice","Dodge and Roll","Dash","Deflect+1","Backflip"],"special_seed":0,"relics":["Ring of the Snake","Pen Nib","Boot","Golden Idol","Sozu","Ancient Tea Set","Paper Crane","Orrery"],"potions_floor_usage":[],"damage_taken":[{"damage":2.0,"enemies":"Small Slimes","floor":1.0,"turns":4.0},{"damage":0.0,"enemies":"Cultist","floor":2.0,"turns":5.0},{"damage":0.0,"enemies":"Jaw Worm","floor":5.0,"turns":3.0},{"damage":53.0,"enemies":"Lagavulin","floor":6.0,"turns":12.0},{"damage":2.0,"enemies":"Large Slime","floor":7.0,"turns":7.0},{"damage":5.0,"enemies":"Blue Slaver","floor":10.0,"turns":2.0},{"damage":7.0,"enemies":"Red Slaver","floor":11.0,"turns":4.0},{"damage":0.0,"enemies":"Lots of Slimes","floor":12.0,"turns":1.0},{"damage":62.0,"enemies":"Hexaghost","floor":16.0,"turns":11.0},{"damage":9.0,"enemies":"Chosen","floor":18.0,"turns":5.0},{"damage":18.0,"enemies":"Spheric Guardian","floor":19.0,"turns":5.0},{"damage":12.0,"enemies":"Cultist and Chosen","floor":22.0,"turns":6.0},{"damage":7,"enemies":"Centurion and Healer","floor":24,"turns":5},{"damage":17,"enemies":"Snake Plant","floor":27,"turns":2},{"damage":5,"enemies":"Shelled Parasite and Fungi","floor":31,"turns":3},{"damage":72,"enemies":"Automaton","floor":33,"turns":11},{"damage":9,"enemies":"Orb Walker","floor":35,"turns":4},{"damage":10,"enemies":"3 Shapes","floor":37,"turns":3},{"damage":58,"enemies":"Jaw Worm Horde","floor":39,"turns":4}],"seed_played":"-4204501995485338159","potions_obtained":[{"floor":5.0,"key":"FearPotion"},{"floor":7.0,"key":"Dexterity Potion"},{"floor":11.0,"key":"FearPotion"}],"is_trial":false,"path_per_floor":["?","M","?","?","?","?","M","$","?","?"],"character_chosen":"THE_SILENT","items_purchased":["Quick Slash","Deflect","Leg Sweep","Wraith Form v2","Noxious Fumes","Slice"],"campfire_rested":5,"item_purchase_floors":[4,25,25,25,28,28],"current_hp_per_floor":[75,75,75,75,75,22,20,43,43,38,31,31,31,50,73,11,77,68,50,50,50,38,61,54,54,54,37,37,60,60,55,77,5,77,68,68,58,58,0],"gold":293,"neow_bonus":"TEN_PERCENT_HP_BONUS","is_prod":false,"is_daily":false,"chose_seed":false,"campfire_upgraded":0,"win_rate":0.0,"timestamp":1557562774,"path_taken":["M","M","?","$","M","E","M","R","T","M","M","?","?","?","R","BOSS","M","M","?","?","M","R","?","?","T","M","$","R","$","M","R","BOSS","M","?","M","?","M"],"build_version":"2019-01-23","purchased_purges":1,"victory":false,"max_hp_per_floor":[77,77,77,77,77,77,77,77,77,77,77,77,77,77,77,77,77,77,77,77,77,77,77,77,77,77,77,77,77,77,77,77,77,77,77,77,77,77,77],"card_choices":[{"not_picked":["Dagger Spray","Sucker Punch"],"picked":"Acrobatics","floor":1.0},{"not_picked":["Acrobatics","Blade Dance"],"picked":"Outmaneuver","floor":2.0},{"not_picked":["Prepared","Expertise"],"picked":"Escape Plan","floor":5.0},{"not_picked":["Poisoned Stab","Expertise"],"picked":"Heel Hook","floor":6.0},{"not_picked":["Deflect","Crippling Poison"],"picked":"Underhanded Strike","floor":7.0},{"not_picked":["Dagger Spray","Outmaneuver"],"picked":"Crippling Poison","floor":10.0},{"not_picked":["Choke","Underhanded Strike"],"picked":"Die Die Die","floor":11.0},{"not_picked":["Bouncing Flask","Deadly Poison"],"picked":"Heel Hook","floor":12.0},{"not_picked":["Phantasmal Killer","Night Terror"],"picked":"A Thousand Cuts","floor":16.0},{"not_picked":["Outmaneuver","Blade Dance"],"picked":"Endless Agony","floor":18.0},{"not_picked":["Quick Slash","Dagger Spray+1"],"picked":"Terror","floor":19.0},{"not_picked":["Acrobatics+1","Flying Knee"],"picked":"Backstab+1","floor":22.0},{"not_picked":["Night Terror","Distraction+1"],"picked":"Flying Knee+1","floor":24},{"not_picked":["Riddle With Holes","Slice"],"picked":"Bouncing Flask","floor":27},{"not_picked":["Prepared","Slice"],"picked":"Outmaneuver+1","floor":31},{"not_picked":["Glass Knife","Night Terror"],"picked":"Bullet Time","floor":33},{"not_picked":["Dagger Spray","Distraction"],"picked":"Sucker Punch","floor":34},{"not_picked":["Tactician+1","Deflect"],"picked":"Blur","floor":34},{"not_picked":["Caltrops","Flying Knee"],"picked":"Slice","floor":34},{"not_picked":["Outmaneuver+1","Flechettes"],"picked":"Dodge and Roll","floor":34},{"not_picked":["Backstab+1","Slice"],"picked":"Dash","floor":34},{"not_picked":["Quick Slash","Reflex"],"picked":"Deflect+1","floor":35},{"not_picked":["Outmaneuver+1","Doppelganger"],"picked":"Backflip","floor":37}],"player_experience":16103,"relics_obtained":[{"floor":6.0,"key":"Pen Nib"},{"floor":9.0,"key":"Boot"},{"floor":26,"key":"Paper Crane"}],"event_choices":[{"damage_healed":0.0,"max_hp_gain":0.0,"max_hp_loss":0.0,"gold_gain":0.0,"event_name":"Match and Keep!","player_choice":"3 cards matched","floor":3.0,"gold_loss":0.0,"damage_taken":0.0,"cards_obtained":["Neutralize","Doubt","Poisoned Stab"]},{"damage_healed":0.0,"max_hp_gain":0.0,"max_hp_loss":0.0,"gold_gain":0.0,"event_name":"Match and Keep!","player_choice":"3 cards matched","floor":3.0,"gold_loss":0.0,"damage_taken":0.0,"cards_obtained":["Neutralize","Doubt","Poisoned Stab"]},{"damage_healed":0.0,"max_hp_gain":0.0,"max_hp_loss":0.0,"gold_gain":0.0,"event_name":"Golden Idol","player_choice":"Take Wound","floor":13.0,"gold_loss":0.0,"damage_taken":0.0,"relics_obtained":["Golden Idol"],"cards_obtained":["Injury"]},{"damage_healed":19.0,"max_hp_gain":0.0,"max_hp_loss":0.0,"gold_gain":0.0,"event_name":"The Cleric","player_choice":"Healed","floor":14.0,"gold_loss":35.0,"damage_taken":0.0},{"damage_healed":0.0,"max_hp_gain":0.0,"max_hp_loss":0.0,"gold_gain":0.0,"event_name":"The Mausoleum","player_choice":"Opened","floor":20.0,"gold_loss":0.0,"damage_taken":0.0,"relics_obtained":["Ancient Tea Set"]},{"damage_healed":0.0,"max_hp_gain":0.0,"max_hp_loss":0.0,"gold_gain":0.0,"event_name":"Lab","player_choice":"Got Potions","floor":21.0,"gold_loss":0.0,"damage_taken":0.0},{"damage_healed":0,"gold_gain":0,"player_choice":"Ignored","damage_taken":0,"max_hp_gain":0,"max_hp_loss":0,"event_name":"The Moai Head","floor":36,"gold_loss":0},{"damage_healed":0,"gold_gain":100,"player_choice":"Pray","damage_taken":0,"max_hp_gain":0,"max_hp_loss":0,"event_name":"Golden Shrine","floor":38,"gold_loss":0}],"is_beta":false,"boss_relics":[{"not_picked":["WristBlade","Snecko Eye"],"picked":"Sozu"},{"not_picked":["White Beast Statue","Empty Cage"],"picked":"Orrery"}],"items_purged_floors":[4],"is_endless":false,"potions_floor_spawned":[5,7,11,12,19,33,37],"killed_by":"Jaw Worm Horde","ascension_level":0}