{"gold_per_floor":[12,30,43,43,62,62,82,82,131,131,131,146,158,193,193,296,296,311,331,331,347,34,61,73,120,204,216,228,240,252,281,293,402,414,445,44,9,9],"floor_reached":38,"playtime":2297,"items_purged":["Strike_B","Defend_B"],"score":687,"play_id":"90acfc8d-a9cf-4298-bdd4-8f957fcd1373","local_time":"20190708222520","is_ascension_mode":true,"campfire_choices":[{"data":"Darkness","floor":6.0,"key":"SMITH"},{"data":"Redo","floor":8.0,"key":"SMITH"},{"floor":10.0,"key":"REST"},{"data":"Zap","floor":15.0,"key":"SMITH"},{"floor":24,"key":"REST"},{"data":"Genetic Algorithm","floor":29,"key":"SMITH"},{"data":"Hologram","floor":32,"key":"SMITH"}],"neow_cost":"NO_GOLD","seed_source_timestamp":857947348763584,"circlet_count":0,"master_deck":["AscendersBane","Defend_B","Defend_B","Defend_B","Zap+1","Dualcast","Biased Cognition","Fusion+1","Darkness+1","Redo+1","Reboot","Cold Snap","Compile Driver","Echo Form","Hologram+1","Conserve Battery","Electrodynamics","Genetic Algorithm+1","Dark Shackles","Bite","Bite","Bite","Bite","Bite","Redo+1","Capacitor"],"special_seed":0,"relics":["Cracked Core","Regal Pillow","NlothsMask","Dodecahedron","Nuclear Battery","Oddly Smooth Stone","MawBank","Symbiotic Virus","Pantograph","Cursed Key","Gambling Chip"],"potions_floor_usage":[23,25,38],"damage_taken":[{"damage":0.0,"enemies":"Cultist","floor":1.0,"turns":2.0},{"damage":9.0,"enemies":"Jaw Worm","floor":2.0,"turns":4.0},{"damage":0.0,"enemies":"Small Slimes","floor":3.0,"turns":3.0},{"damage":15.0,"enemies":"Gremlin Gang","floor":5.0,"turns":6.0},{"damage":12.0,"enemies":"3 Louse","floor":7.0,"turns":4.0},{"damage":16.0,"enemies":"Lots of Slimes","floor":12.0,"turns":3.0},{"damage":14.0,"enemies":"Exordium Wildlife","floor":13.0,"turns":5.0},{"damage":3.0,"enemies":"Gremlin Nob","floor":14.0,"turns":3.0},{"damage":31.0,"enemies":"Slime Boss","floor":16.0,"turns":10.0},{"damage":0.0,"enemies":"Spheric Guardian","floor":18.0,"turns":2.0},{"damage":8.0,"enemies":"Chosen","floor":19.0,"turns":4.0},{"damage":14,"enemies":"Centurion and Healer","floor":21,"turns":5},{"damage":32,"enemies":"Slavers","floor":23,"turns":4},{"damage":29,"enemies":"Gremlin Leader","floor":25,"turns":6},{"damage":15,"enemies":"Shelled Parasite and Fungi","floor":31,"turns":5},{"damage":61,"enemies":"Automaton","floor":33,"turns":12},{"damage":10,"enemies":"Orb Walker","floor":35,"turns":3},{"damage":59,"enemies":"2 Orb Walkers","floor":38,"turns":4}],"seed_played":"9094731749679802330","potions_obtained":[{"floor":1.0,"key":"PowerPotion"},{"floor":4.0,"key":"AttackPotion"},{"floor":7.0,"key":"GamblersBrew"},{"floor":12.0,"key":"AttackPotion"},{"floor":14.0,"key":"GamblersBrew"},{"floor":25,"key":"FairyPotion"},{"floor":31,"key":"Regen Potion"}],"is_trial":false,"path_per_floor":["M","?","M","?","M","?","M","?","?","?","$","?"],"character_chosen":"DEFECT","items_purchased":["Oddly Smooth Stone","Dark Shackles","Gambling Chip","Capacitor"],"campfire_rested":2,"item_purchase_floors":[22,22,36,37],"current_hp_per_floor":[68,59,59,59,44,44,32,32,32,69,69,53,39,36,36,5,58,58,50,50,36,36,4,41,12,12,12,12,12,12,5,5,4,40,42,42,42,0],"gold":9,"neow_bonus":"THREE_RARE_CARDS","is_prod":false,"is_daily":false,"chose_seed":false,"campfire_upgraded":5,"win_rate":0,"timestamp":1562613920,"path_taken":["M","M","?","?","?","R","M","R","T","R","?","M","M","E","R","BOSS","M","?","?","?","$","E","R","E","T","?","?","R","?","M","R","BOSS","M","?","$","?"],"build_version":"2019-01-23","purchased_purges":2,"victory":false,"max_hp_per_floor":[75,75,75,75,75,75,75,75,75,75,75,75,75,75,75,75,75,75,75,75,75,75,75,75,75,75,75,52,52,52,52,52,52,52,52,52,52,52],"card_choices":[{"not_picked":["Seek","Core Surge"],"picked":"Biased Cognition","floor":0.0},{"not_picked":["Auto Shields","Gash"],"picked":"Fusion","floor":1.0},{"not_picked":["Sweeping Beam","Blizzard"],"picked":"Darkness","floor":2.0},{"not_picked":["Leap","Streamline","Go for the Eyes"],"picked":"SKIP","floor":3.0},{"not_picked":["Rebound","Beam Cell","Leap"],"picked":"SKIP","floor":5.0},{"not_picked":["Reinforced Body","Compile Driver"],"picked":"Redo","floor":7.0},{"not_picked":["Coolheaded","Chaos"],"picked":"Reboot","floor":12.0},{"not_picked":["Steam","Go for the Eyes"],"picked":"Cold Snap","floor":13.0},{"not_picked":["Go for the Eyes","Steam"],"picked":"Compile Driver","floor":14.0},{"not_picked":["Buffer","Amplify"],"picked":"Echo Form","floor":16.0},{"not_picked":["Force Field","Reprogram"],"picked":"Hologram","floor":18.0},{"not_picked":["Hologram","Sweeping Beam"],"picked":"Conserve Battery","floor":19.0},{"not_picked":["Melter","Stack","Compile Driver"],"picked":"SKIP","floor":21},{"not_picked":["Gash","Static Discharge","Ball Lightning"],"picked":"SKIP","floor":23},{"not_picked":["Chaos","Heatsinks","Genetic Algorithm"],"picked":"SKIP","floor":25},{"not_picked":["Beam Cell+1","Turbo"],"picked":"Redo+1","floor":31},{"not_picked":["Streamline+1","Tempest","Sweeping Beam"],"picked":"SKIP","floor":35}],"player_experience":332364,"relics_obtained":[{"floor":9.0,"key":"Regal Pillow"},{"floor":14.0,"key":"Dodecahedron"},{"floor":23,"key":"MawBank"},{"floor":25,"key":"Symbiotic Virus"}],"event_choices":[{"damage_healed":0.0,"max_hp_gain":0.0,"max_hp_loss":0.0,"gold_gain":0.0,"event_name":"Lab","player_choice":"Got Potions","floor":4.0,"gold_loss":0.0,"damage_taken":0.0},{"damage_healed":0.0,"max_hp_gain":0.0,"max_hp_loss":0.0,"gold_gain":0.0,"event_name":"FaceTrader","player_choice":"Trade","floor":11.0,"gold_loss":0.0,"damage_taken":0.0,"relics_obtained":["NlothsMask"]},{"damage_healed":0.0,"max_hp_gain":0.0,"max_hp_loss":0.0,"gold_gain":0.0,"event_name":"Match and Keep!","player_choice":"2 cards matched","floor":20.0,"gold_loss":0.0,"damage_taken":0.0,"cards_obtained":["Electrodynamics","Genetic Algorithm"]},{"damage_healed":0,"gold_gain":0,"player_choice":"Opened","damage_taken":0,"relics_obtained":["Pantograph"],"max_hp_gain":0,"max_hp_loss":0,"event_name":"The Mausoleum","floor":27,"gold_loss":0},{"damage_healed":0,"gold_gain":0,"player_choice":"Became a vampire","damage_taken":0,"max_hp_gain":0,"max_hp_loss":23,"event_name":"Vampires","floor":28,"gold_loss":0,"cards_obtained":["Bite","Bite","Bite","Bite","Bite"]},{"damage_healed":0,"gold_gain":0,"player_choice":"Upgraded","damage_taken":0,"max_hp_gain":0,"max_hp_loss":0,"event_name":"Upgrade Shrine","floor":30,"gold_loss":0,"cards_upgraded":["Fusion"]},{"damage_healed":0,"gold_gain":0,"player_choice":"Fight","damage_taken":0,"max_hp_gain":0,"max_hp_loss":0,"event_name":"Mysterious Sphere","floor":38,"gold_loss":0}],"is_beta":false,"boss_relics":[{"not_picked":["Astrolabe","Sozu"],"picked":"Nuclear Battery"},{"not_picked":["FrozenCore","Lizard Tail"],"picked":"Cursed Key"}],"items_purged_floors":[22,36],"is_endless":false,"potions_floor_spawned":[1,7,12,14,25,31],"killed_by":"2 Orb Walkers","ascension_level":12}