{"gold_per_floor":[218,218,236,44,44,44,70,70,70,100,38,72,89,101,101,200,200,211,211,161,172,172,172,226,206,206,241,241,258,283,283,283,380,380,396,396,396,10,27,59,59,59,59,59,78,106,124,136,136,136],"floor_reached":51,"playtime":4541,"items_purged":["Writhe"],"score":1226,"play_id":"e2234eb5-81d4-42fa-b121-36bb1478281d","local_time":"20190713205259","is_ascension_mode":true,"campfire_choices":[{"data":"Deadly Poison","floor":6.0,"key":"SMITH"},{"data":"Sucker Punch","floor":8.0,"key":"SMITH"},{"floor":15.0,"key":"REST"},{"data":"Adrenaline","floor":23.0,"key":"SMITH"},{"data":"Footwork","floor":28.0,"key":"SMITH"},{"data":"Noxious Fumes","floor":32.0,"key":"SMITH"},{"data":"Wraith Form v2","floor":41.0,"key":"SMITH"},{"data":"Neutralize","floor":49,"key":"SMITH"}],"neow_cost":"NONE","seed_source_timestamp":93250542568923,"circlet_count":0,"master_deck":["AscendersBane","Defend_G+1","Defend_G","Defend_G","Defend_G","Defend_G","Strike_G","Strike_G","Strike_G","Survivor+1","Neutralize+1","Infinite Blades","Deadly Poison+1","Well Laid Plans","Well Laid Plans","Sucker Punch+1","Noxious Fumes+1","Cloak And Dagger","Heel Hook","Reflex","Adrenaline+1","Footwork+1","Ghostly","Ghostly","Ghostly","Ghostly","Ghostly","Leg Sweep","Bouncing Flask","Backstab+1","Wraith Form v2+1","Backstab","Footwork+1","Backflip","Noxious Fumes","After Image","Dash","Backflip+1","Dodge and Roll+1","Acrobatics","Night Terror"],"special_seed":0,"relics":["Ring of the Serpent","PreservedInsect","Juzu Bracelet","Paper Crane","The Courier","Smiling Mask","War Paint","Mercury Hourglass","Bag of Preparation","Dodecahedron","Nloth\u0027s Gift","Philosopher\u0027s Stone","Bronze Scales","Ninja Scroll","Gremlin Horn","Pen Nib"],"potions_floor_usage":[50,50],"damage_taken":[{"damage":0.0,"enemies":"2 Louse","floor":1.0,"turns":4.0},{"damage":1.0,"enemies":"Jaw Worm","floor":3.0,"turns":6.0},{"damage":12.0,"enemies":"Lagavulin","floor":7.0,"turns":6.0},{"damage":10.0,"enemies":"3 Sentries","floor":10.0,"turns":8.0},{"damage":4.0,"enemies":"Gremlin Nob","floor":12.0,"turns":4.0},{"damage":6.0,"enemies":"Cultist","floor":13.0,"turns":4.0},{"damage":20.0,"enemies":"Gremlin Gang","floor":14.0,"turns":6.0},{"damage":23.0,"enemies":"The Guardian","floor":16.0,"turns":13.0},{"damage":27.0,"enemies":"3 Byrds","floor":18.0,"turns":7.0},{"damage":0.0,"enemies":"Chosen","floor":21.0,"turns":5.0},{"damage":0.0,"enemies":"Slavers","floor":27.0,"turns":6.0},{"damage":0.0,"enemies":"Snake Plant","floor":29.0,"turns":6.0},{"damage":3.0,"enemies":"Book of Stabbing","floor":30.0,"turns":6.0},{"damage":11.0,"enemies":"Champ","floor":33.0,"turns":15.0},{"damage":0.0,"enemies":"3 Shapes","floor":35.0,"turns":6.0},{"damage":0.0,"enemies":"Orb Walker","floor":39.0,"turns":4.0},{"damage":0.0,"enemies":"Giant Head","floor":40.0,"turns":10.0},{"damage":6.0,"enemies":"Writhing Mass","floor":45.0,"turns":7.0},{"damage":0.0,"enemies":"Reptomancer","floor":46.0,"turns":8.0},{"damage":0.0,"enemies":"Jaw Worm Horde","floor":47.0,"turns":5.0},{"damage":0,"enemies":"Maw","floor":48,"turns":9},{"damage":3,"enemies":"Time Eater","floor":50,"turns":18}],"seed_played":"-5096147063395333334","potions_obtained":[{"floor":1.0,"key":"LiquidBronze"},{"floor":7.0,"key":"GhostInAJar"},{"floor":10.0,"key":"Weak Potion"},{"floor":16.0,"key":"Regen Potion"},{"floor":18.0,"key":"LiquidBronze"},{"floor":21.0,"key":"EssenceOfSteel"},{"floor":25.0,"key":"Fire Potion"},{"floor":35.0,"key":"PowerPotion"},{"floor":44.0,"key":"Fruit Juice"},{"floor":44.0,"key":"AttackPotion"},{"floor":46.0,"key":"Poison Potion"}],"is_trial":false,"path_per_floor":["?","?","$","?","?","T","?","?","?","?","?","?"],"character_chosen":"THE_SILENT","items_purchased":["PreservedInsect","Well Laid Plans","Noxious Fumes","Backflip","Noxious Fumes","After Image","Dash","Bronze Scales"],"campfire_rested":1,"item_purchase_floors":[4,4,11,38,38,38,38,38],"current_hp_per_floor":[63,56,55,55,55,55,43,43,43,33,33,29,23,3,24,1,53,26,26,26,26,26,26,26,26,26,26,26,26,23,23,23,12,29,29,29,29,29,29,29,29,29,29,34,28,28,28,28,28,37],"gold":136,"neow_bonus":"HUNDRED_GOLD","is_prod":false,"is_daily":false,"chose_seed":false,"campfire_upgraded":7,"win_rate":0,"timestamp":1563040379,"path_taken":["M","?","M","$","?","R","E","R","T","E","?","E","M","M","R","BOSS","M","?","$","M","?","R","?","?","T","E","R","M","E","?","R","BOSS","M","?","?","$","M","E","R","?","T","?","M","E","M","M","R","BOSS"],"build_version":"2019-01-23","purchased_purges":1,"victory":true,"max_hp_per_floor":[70,70,70,70,70,70,70,70,70,70,70,70,70,70,70,70,70,70,70,70,70,35,35,35,35,35,35,35,35,35,35,35,35,35,35,35,35,35,35,35,35,33,33,38,38,38,38,38,38,38],"card_choices":[{"not_picked":["Setup","PiercingWail"],"picked":"Infinite Blades","floor":1.0},{"not_picked":["Calculated Gamble","Prepared"],"picked":"Deadly Poison","floor":3.0},{"not_picked":["Finisher","PiercingWail"],"picked":"Sucker Punch","floor":7.0},{"not_picked":["Quick Slash","Bane"],"picked":"Dagger Throw","floor":10.0},{"not_picked":["PiercingWail","Caltrops"],"picked":"Cloak And Dagger","floor":12.0},{"not_picked":["Setup","Slice"],"picked":"Heel Hook","floor":13.0},{"not_picked":["Blade Dance","Sucker Punch"],"picked":"Reflex","floor":14.0},{"not_picked":["Bullet Time","Unload"],"picked":"Adrenaline","floor":16.0},{"not_picked":["Prepared+1","All Out Attack"],"picked":"Footwork","floor":18.0},{"not_picked":["Skewer","Dagger Spray","Terror"],"picked":"SKIP","floor":21.0},{"not_picked":["Eviscerate","Endless Agony"],"picked":"Leg Sweep","floor":27.0},{"not_picked":["Riddle With Holes","Dodge and Roll"],"picked":"Bouncing Flask","floor":29.0},{"not_picked":["Crippling Poison+1","Tools of the Trade"],"picked":"Backstab+1","floor":30.0},{"not_picked":["A Thousand Cuts","Corpse Explosion"],"picked":"Wraith Form v2","floor":33.0},{"not_picked":["Endless Agony","Dagger Throw+1"],"picked":"Backstab","floor":35.0},{"not_picked":["Bane+1","Predator"],"picked":"Backflip+1","floor":39.0},{"not_picked":["Dagger Spray","Deadly Poison","Quick Slash+1"],"picked":"SKIP","floor":40.0},{"not_picked":["Dagger Throw","Deadly Poison+1"],"picked":"Dodge and Roll+1","floor":45.0},{"not_picked":["Slice+1","Quick Slash+1"],"picked":"Acrobatics","floor":46.0},{"not_picked":["Heel Hook","Distraction+1"],"picked":"Night Terror","floor":47.0},{"not_picked":["Cloak And Dagger","Bullet Time","Deadly Poison"],"picked":"SKIP","floor":48}],"player_experience":397145,"relics_obtained":[{"floor":7.0,"key":"Juzu Bracelet"},{"floor":9.0,"key":"Paper Crane"},{"floor":10.0,"key":"The Courier"},{"floor":12.0,"key":"Smiling Mask"},{"floor":24.0,"key":"Dream Catcher"},{"floor":26.0,"key":"Mercury Hourglass"},{"floor":27.0,"key":"Bag of Preparation"},{"floor":30.0,"key":"Dodecahedron"},{"floor":40.0,"key":"Ninja Scroll"},{"floor":43.0,"key":"Gremlin Horn"},{"floor":46.0,"key":"Pen Nib"}],"event_choices":[{"cards_removed":["Strike_G"],"damage_healed":0.0,"max_hp_gain":0.0,"max_hp_loss":0.0,"gold_gain":0.0,"event_name":"Golden Wing","player_choice":"Card Removal","floor":2.0,"gold_loss":0.0,"damage_taken":7.0},{"damage_healed":0.0,"max_hp_gain":0.0,"max_hp_loss":0.0,"gold_gain":0.0,"cards_transformed":["Strike_G"],"event_name":"Living Wall","player_choice":"Change","floor":5.0,"gold_loss":0.0,"damage_taken":0.0,"cards_obtained":["Well Laid Plans"]},{"damage_healed":0.0,"max_hp_gain":0.0,"max_hp_loss":0.0,"gold_gain":0.0,"event_name":"The Mausoleum","player_choice":"Opened","floor":19.0,"gold_loss":0.0,"damage_taken":0.0,"relics_obtained":["War Paint"],"cards_obtained":["Writhe"]},{"damage_healed":0.0,"max_hp_gain":0.0,"max_hp_loss":35.0,"gold_gain":0.0,"event_name":"Ghosts","player_choice":"Became a Ghost","floor":22.0,"gold_loss":0.0,"damage_taken":0.0,"cards_obtained":["Ghostly","Ghostly","Ghostly","Ghostly","Ghostly"]},{"damage_healed":0.0,"max_hp_gain":0.0,"max_hp_loss":0.0,"gold_gain":0.0,"event_name":"The Woman in Blue","player_choice":"Bought 1 Potion","floor":25.0,"gold_loss":0.0,"damage_taken":0.0},{"damage_healed":0.0,"max_hp_gain":0.0,"max_hp_loss":0.0,"gold_gain":0.0,"event_name":"N\u0027loth","player_choice":"Traded Relic","floor":31.0,"relics_lost":["Dream Catcher"],"gold_loss":0.0,"damage_taken":0.0,"relics_obtained":["Nloth\u0027s Gift"]},{"damage_healed":0.0,"max_hp_gain":0.0,"max_hp_loss":0.0,"gold_gain":0.0,"event_name":"Duplicator","player_choice":"Copied","floor":36.0,"gold_loss":0.0,"damage_taken":0.0,"cards_obtained":["Footwork"]},{"cards_removed":["Dagger Throw"],"damage_healed":0.0,"max_hp_gain":0.0,"max_hp_loss":0.0,"gold_gain":0.0,"event_name":"Falling","player_choice":"Removed Attack","floor":37.0,"gold_loss":0.0,"damage_taken":0.0},{"damage_healed":0.0,"max_hp_gain":0.0,"max_hp_loss":2.0,"gold_gain":0.0,"event_name":"Winding Halls","player_choice":"Max HP","floor":42.0,"gold_loss":0.0,"damage_taken":0.0},{"damage_healed":0.0,"max_hp_gain":0.0,"max_hp_loss":0.0,"gold_gain":0.0,"event_name":"Lab","player_choice":"Got Potions","floor":44.0,"gold_loss":0.0,"damage_taken":0.0}],"is_beta":false,"boss_relics":[{"not_picked":["Fusion Hammer","Coffee Dripper"],"picked":"Ring of the Serpent"},{"not_picked":["White Beast Statue","Runic Pyramid"],"picked":"Philosopher\u0027s Stone"}],"items_purged_floors":[20],"is_endless":false,"potions_floor_spawned":[1,7,10,16,18,21,27,35,40,46,47],"ascension_level":10}