{"gold_per_floor":[114,114,129,144,159,189,189,189,239,269,284,299,326,353,365,477,489,516,528,555,492,154,154,169,184,184,184,199,199,214,229,229,329,329,344,676,376,391,436,436,451,466,516,541,556,56,156,171,171,171],"floor_reached":51,"playtime":5193,"items_purged":["Tools of the Trade","Flash of Steel"],"score":794,"play_id":"44ac94ae-4169-4c91-bec3-4a8afc356db7","local_time":"20190531002643","daily_mods":["Shiny","Vintage","Terminal"],"is_ascension_mode":false,"campfire_choices":[{"data":"Glass Knife","floor":7,"key":"SMITH"},{"data":"Adrenaline","floor":15,"key":"SMITH"},{"data":"Corpse Explosion","floor":23,"key":"SMITH"},{"floor":32,"key":"REST"},{"floor":40,"key":"REST"},{"data":"Venomology","floor":49,"key":"SMITH"}],"neow_cost":"","seed_source_timestamp":114103246865852,"circlet_count":0,"master_deck":["Venomology+1","Corpse Explosion+1","Malaise+1","Phantasmal Killer","Die Die Die","Adrenaline+1","Envenom","Doppelganger","Burst+1","Wraith Form v2","Night Terror","Unload","After Image","Bullet Time","Storm of Steel","Glass Knife+1","A Thousand Cuts","Dagger Spray","Unload","PiercingWail","Venomology","Dagger Spray+1"],"special_seed":18047,"relics":["Ring of the Snake","Vajra","Dream Catcher","Art of War","Regal Pillow","Turnip","Orichalcum","Mercury Hourglass","Bag of Marbles","MawBank","Anchor","Smiling Mask","Black Star","Omamori","Bag of Preparation","Mango","StoneCalendar","Boot","Bottled Lightning","Necronomicon","Ninja Scroll","Ancient Tea Set","Matryoshka","WristBlade","Torii","Old Coin","Singing Bowl","Ice Cream","Tiny Chest","Lantern","Du-Vu Doll","Snake Skull","Centennial Puzzle","Bronze Scales","War Paint","Juzu Bracelet","Mummified Hand","Gremlin Horn","Gambling Chip","Strawberry"],"potions_floor_usage":[4,6,10,16,16,18,20,25,25,30,30,30,33,36,36,36,36,38,39,39,39,41,41,41,41,42,45,45,45,47,47,47,48,48,48,48,50,50,50,50,50],"damage_taken":[{"damage":0,"enemies":"2 Louse","floor":1,"turns":1},{"damage":0,"enemies":"Cultist","floor":3,"turns":2},{"damage":0,"enemies":"Small Slimes","floor":4,"turns":1},{"damage":0,"enemies":"2 Fungi Beasts","floor":5,"turns":1},{"damage":4,"enemies":"3 Sentries","floor":6,"turns":2},{"damage":0,"enemies":"Lagavulin","floor":10,"turns":2},{"damage":4,"enemies":"Looter","floor":11,"turns":3},{"damage":9,"enemies":"Large Slime","floor":12,"turns":3},{"damage":0,"enemies":"Gremlin Gang","floor":13,"turns":1},{"damage":0,"enemies":"2 Fungi Beasts","floor":14,"turns":1},{"damage":14,"enemies":"The Guardian","floor":16,"turns":7},{"damage":0,"enemies":"Spheric Guardian","floor":18,"turns":3},{"damage":0,"enemies":"2 Thieves","floor":20,"turns":3},{"damage":0,"enemies":"3 Cultists","floor":24,"turns":2},{"damage":0,"enemies":"Snake Plant","floor":25,"turns":2},{"damage":0,"enemies":"Snecko","floor":28,"turns":5},{"damage":0,"enemies":"Shelled Parasite and Fungi","floor":30,"turns":2},{"damage":4,"enemies":"Centurion and Healer","floor":31,"turns":3},{"damage":0,"enemies":"Collector","floor":33,"turns":4},{"damage":0,"enemies":"3 Shapes","floor":35,"turns":1},{"damage":0,"enemies":"2 Orb Walkers","floor":36,"turns":2},{"damage":0,"enemies":"Orb Walker","floor":38,"turns":2},{"damage":19,"enemies":"Transient","floor":39,"turns":5},{"damage":0,"enemies":"Sphere and 2 Shapes","floor":41,"turns":1},{"damage":2,"enemies":"4 Shapes","floor":42,"turns":2},{"damage":0,"enemies":"Transient","floor":45,"turns":5},{"damage":2,"enemies":"Mind Bloom Boss Battle","floor":47,"turns":3},{"damage":0,"enemies":"Jaw Worm Horde","floor":48,"turns":1},{"damage":4,"enemies":"Awakened One","floor":50,"turns":7}],"seed_played":"-908800921328887028","potions_obtained":[{"floor":3,"key":"AttackPotion"},{"floor":4,"key":"Swift Potion"},{"floor":6,"key":"SpeedPotion"},{"floor":13,"key":"Poison Potion"},{"floor":31,"key":"Fire Potion"},{"floor":33,"key":"SteroidPotion"},{"floor":38,"key":"Strength Potion"},{"floor":39,"key":"Ancient Potion"},{"floor":45,"key":"Fire Potion"},{"floor":48,"key":"Fire Potion"}],"is_trial":false,"path_per_floor":["M","?","M","M","M","E","R","$","T","E","M","M","M","M","R","B",null,"M","?","M","?","$","R","M","M","T","?","M","?","M","M","R","B",null,"M","?","$","M","M","R","M","M","T","T","M","$","?","M","R","B",null],"character_chosen":"THE_SILENT","items_purchased":["Mango","Singing Bowl","Mummified Hand","Gremlin Horn"],"campfire_rested":2,"item_purchase_floors":[22,37,46,46],"current_hp_per_floor":[68,67,66,65,64,60,60,60,60,59,55,46,46,46,46,32,52,51,50,49,48,61,60,59,58,57,41,41,29,29,25,51,50,49,48,47,46,45,26,45,44,42,42,41,40,39,39,46,45,43],"gold":171,"neow_bonus":"","is_prod":false,"is_daily":true,"chose_seed":false,"campfire_upgraded":4,"win_rate":0,"timestamp":1559276803,"path_taken":["M","?","M","?","M","E","R","?","T","E","M","M","M","M","R","BOSS","M","?","M","?","$","R","M","M","T","?","M","?","M","?","R","BOSS","M","?","$","M","M","R","M","M","T","?","M","?","?","M","R","BOSS"],"build_version":"2019-01-23","purchased_purges":2,"victory":true,"max_hp_per_floor":[68,67,66,65,64,63,62,61,60,59,58,57,56,55,54,53,52,51,50,49,48,61,60,59,58,57,56,55,54,53,52,51,50,49,48,47,46,45,44,45,44,43,42,41,40,39,40,46,45,44],"card_choices":[{"not_picked":["Endless Agony","Flying Knee"],"picked":"Dagger Spray","floor":6},{"not_picked":["Deadly Poison","Dagger Throw","Blur"],"picked":"SKIP","floor":10},{"not_picked":["Corpse Explosion","Doppelganger"],"picked":"Unload","floor":16},{"not_picked":["Slice","Tactician"],"picked":"PiercingWail","floor":32},{"not_picked":["Die Die Die","Doppelganger"],"picked":"Venomology","floor":33},{"not_picked":["Deflect","Dash+1"],"picked":"Dagger Spray+1","floor":36},{"not_picked":["Backstab+1","Masterful Stab","Prepared+1"],"picked":"Singing Bowl","floor":40},{"not_picked":["Tools of the Trade","Dodge and Roll","Deflect"],"picked":"Singing Bowl","floor":47}],"player_experience":298535,"relics_obtained":[{"floor":1,"key":"Vajra"},{"floor":3,"key":"Dream Catcher"},{"floor":4,"key":"Art of War"},{"floor":5,"key":"Regal Pillow"},{"floor":6,"key":"Turnip"},{"floor":9,"key":"Orichalcum"},{"floor":10,"key":"Mercury Hourglass"},{"floor":11,"key":"Bag of Marbles"},{"floor":12,"key":"MawBank"},{"floor":13,"key":"Anchor"},{"floor":14,"key":"Smiling Mask"},{"floor":18,"key":"Omamori"},{"floor":20,"key":"Bag of Preparation"},{"floor":24,"key":"StoneCalendar"},{"floor":25,"key":"Boot"},{"floor":26,"key":"Bottled Lightning"},{"floor":27,"key":"Necronomicon"},{"floor":28,"key":"Ninja Scroll"},{"floor":30,"key":"Ancient Tea Set"},{"floor":31,"key":"Matryoshka"},{"floor":35,"key":"Torii"},{"floor":36,"key":"Old Coin"},{"floor":38,"key":"Ice Cream"},{"floor":39,"key":"Tiny Chest"},{"floor":41,"key":"Lantern"},{"floor":42,"key":"Du-Vu Doll"},{"floor":43,"key":"Snake Skull"},{"floor":43,"key":"Centennial Puzzle"},{"floor":44,"key":"Bronze Scales"},{"floor":44,"key":"War Paint"},{"floor":45,"key":"Juzu Bracelet"},{"floor":47,"key":"Gambling Chip"},{"floor":48,"key":"Strawberry"}],"event_choices":[{"damage_healed":0,"gold_gain":0,"player_choice":"Ignored","damage_taken":0,"max_hp_gain":0,"max_hp_loss":0,"event_name":"WeMeetAgain","floor":2,"gold_loss":0},{"damage_healed":0,"gold_gain":0,"player_choice":"Ignored","damage_taken":0,"max_hp_gain":0,"max_hp_loss":0,"event_name":"Ghosts","floor":19,"gold_loss":0},{"cards_removed":["Grand Finale"],"damage_healed":0,"gold_gain":0,"player_choice":"Gave Gold","damage_taken":0,"max_hp_gain":0,"max_hp_loss":0,"event_name":"Beggar","floor":21,"gold_loss":75},{"damage_healed":0,"gold_gain":0,"player_choice":"Obtained Book","damage_taken":16,"max_hp_gain":0,"max_hp_loss":0,"event_name":"Cursed Tome","floor":27,"gold_loss":0},{"damage_healed":0,"gold_gain":0,"player_choice":"CARD ","damage_taken":12,"max_hp_gain":0,"max_hp_loss":0,"event_name":"Knowing Skull","floor":29,"potions_obtained":[],"gold_loss":0,"cards_obtained":["Flash of Steel"]},{"damage_healed":0,"gold_gain":0,"player_choice":"Fight","damage_taken":0,"max_hp_gain":0,"max_hp_loss":0,"event_name":"Mysterious Sphere","floor":36,"gold_loss":0},{"damage_healed":0,"gold_gain":0,"player_choice":"Fight","damage_taken":0,"max_hp_gain":0,"max_hp_loss":0,"event_name":"MindBloom","floor":47,"gold_loss":0}],"is_beta":false,"boss_relics":[{"not_picked":["Busted Crown","Philosopher\u0027s Stone"],"picked":"Black Star"},{"not_picked":["Astrolabe","Calling Bell"],"picked":"WristBlade"}],"items_purged_floors":[22,37],"is_endless":false,"potions_floor_spawned":[3,4,6,13,31,33,38,39,45,48],"ascension_level":0}