{"gold_per_floor":[114,114,129,129,9,9,9,24,49,64,64,79,27,57,57,157,157,172,187,202,202,217,217,316,316,316,316,316,44,44,59,59,159,159,174,84,99,99,114,144,144,159,209,12,27,27,42,72,72,72],"floor_reached":51,"playtime":2254,"items_purged":["Regret","Doubt"],"score":807,"play_id":"1b4afea6-65d5-4d18-93d2-2e891a1010e0","local_time":"20190715013015","daily_mods":["Specialized","Vintage","Binary"],"is_ascension_mode":false,"campfire_choices":[{"floor":6,"key":"REST"},{"floor":11,"key":"REST"},{"floor":15,"key":"REST"},{"floor":23,"key":"REST"},{"data":"Chaos","floor":25,"key":"SMITH"},{"data":"Static Discharge","floor":27,"key":"SMITH"},{"floor":30,"key":"REST"},{"data":"1","floor":32,"key":"LIFT"},{"floor":46,"key":"REST"},{"floor":49,"key":"REST"}],"neow_cost":"","seed_source_timestamp":0,"circlet_count":0,"master_deck":["Zap","Dualcast","Static Discharge+1","Static Discharge","Static Discharge","Static Discharge","Rebound","Conserve Battery","Chaos+1","Core Surge","Loop","Rainbow","Double Energy","All For One","Aggregate","Consume+1","Biased Cognition","Consume","Chill+1","Capacitor","Streamline+1"],"special_seed":18091,"relics":["Cracked Core","Centennial Puzzle","FossilizedHelix","Pen Nib","Symbiotic Virus","PreservedInsect","Bottled Lightning","Smiling Mask","Question Card","The Courier","Nuclear Battery","Girya","Happy Flower","Regal Pillow","Kunai","Unceasing Top","Nilry\u0027s Codex","Blood Vial","Strawberry","Blue Candle","Pandora\u0027s Box","Ancient Tea Set","Orichalcum","Matryoshka","Cables","Art of War","Boot","DataDisk","Potion Belt","Bronze Scales","Oddly Smooth Stone","Anchor"],"potions_floor_usage":[33,40,42,50,50,50],"damage_taken":[{"damage":5,"enemies":"Cultist","floor":1,"turns":3},{"damage":15,"enemies":"Small Slimes","floor":3,"turns":2},{"damage":2,"enemies":"Jaw Worm","floor":8,"turns":4},{"damage":15,"enemies":"Gremlin Gang","floor":10,"turns":3},{"damage":8,"enemies":"Exordium Wildlife","floor":12,"turns":3},{"damage":5,"enemies":"Gremlin Nob","floor":14,"turns":3},{"damage":24,"enemies":"Hexaghost","floor":16,"turns":7},{"damage":10,"enemies":"Spheric Guardian","floor":18,"turns":3},{"damage":0,"enemies":"Chosen","floor":19,"turns":4},{"damage":14,"enemies":"Snecko","floor":20,"turns":5},{"damage":18,"enemies":"Centurion and Healer","floor":22,"turns":6},{"damage":7,"enemies":"Cultist and Chosen","floor":31,"turns":4},{"damage":15,"enemies":"Champ","floor":33,"turns":8},{"damage":13,"enemies":"Orb Walker","floor":35,"turns":2},{"damage":19,"enemies":"3 Darklings","floor":37,"turns":3},{"damage":24,"enemies":"Jaw Worm Horde","floor":39,"turns":3},{"damage":29,"enemies":"Giant Head","floor":40,"turns":8},{"damage":28,"enemies":"Spire Growth","floor":42,"turns":4},{"damage":5,"enemies":"4 Shapes","floor":45,"turns":4},{"damage":4,"enemies":"Writhing Mass","floor":47,"turns":3},{"damage":50,"enemies":"Nemesis","floor":48,"turns":5},{"damage":32,"enemies":"Donu and Deca","floor":50,"turns":5}],"seed_played":"-4607552387354997456","potions_obtained":[{"floor":1,"key":"FearPotion"},{"floor":8,"key":"SteroidPotion"},{"floor":14,"key":"Dexterity Potion"},{"floor":31,"key":"FocusPotion"},{"floor":33,"key":"Ancient Potion"},{"floor":39,"key":"Explosive Potion"},{"floor":40,"key":"SkillPotion"},{"floor":47,"key":"Weak Potion"}],"is_trial":false,"path_per_floor":["M","?","M","?","$","R","$","M","T","M","R","M","?","E","R","B",null,"M","M","M","?","M","R","?","R","T","R","?","$","R","M","R","B",null,"M","?","M","?","M","E","?","M","T","$","M","R","M","E","R","B",null],"character_chosen":"DEFECT","items_purchased":["Conserve Battery","Loop","Blood Vial","Strawberry","Capacitor","Potion Belt"],"campfire_rested":7,"item_purchase_floors":[5,29,29,29,44,44],"current_hp_per_floor":[70,70,55,55,55,75,75,73,73,58,75,67,67,62,75,51,75,65,65,51,51,33,70,70,70,70,70,54,61,82,75,75,62,82,69,69,52,52,30,3,82,54,54,54,51,82,78,30,69,39],"gold":72,"neow_bonus":"","is_prod":false,"is_daily":true,"chose_seed":false,"campfire_upgraded":2,"win_rate":1,"timestamp":1563147015,"path_taken":["M","?","M","?","?","R","$","M","T","M","R","?","?","E","R","BOSS","M","?","?","?","?","R","?","R","T","R","?","?","R","M","R","BOSS","M","?","?","?","?","E","?","M","T","$","M","R","M","E","R","BOSS"],"build_version":"2019-07-05","purchased_purges":2,"victory":true,"max_hp_per_floor":[75,75,75,75,75,75,75,75,75,75,75,75,75,75,75,75,75,75,75,75,75,75,75,75,75,75,75,75,82,82,82,82,82,82,82,82,82,82,82,82,82,82,82,82,82,82,82,82,82,82],"card_choices":[{"not_picked":["Storm","Go for the Eyes"],"picked":"Chaos","floor":14},{"not_picked":["Creative AI","All For One"],"picked":"Core Surge","floor":16},{"not_picked":["Hyperbeam","Seek"],"picked":"Rainbow","floor":33},{"not_picked":["Auto Shields+1","Force Field"],"picked":"Chill+1","floor":40},{"not_picked":["Sweeping Beam","Steam"],"picked":"Streamline+1","floor":48}],"player_experience":85085,"relics_obtained":[{"floor":1,"key":"Centennial Puzzle"},{"floor":3,"key":"Pen Nib"},{"floor":8,"key":"Symbiotic Virus"},{"floor":9,"key":"PreservedInsect"},{"floor":10,"key":"Bottled Lightning"},{"floor":12,"key":"Smiling Mask"},{"floor":14,"key":"The Courier"},{"floor":18,"key":"Girya"},{"floor":19,"key":"Happy Flower"},{"floor":20,"key":"Regal Pillow"},{"floor":22,"key":"Kunai"},{"floor":26,"key":"Unceasing Top"},{"floor":28,"key":"Nilry\u0027s Codex"},{"floor":31,"key":"Blue Candle"},{"floor":35,"key":"Ancient Tea Set"},{"floor":37,"key":"Orichalcum"},{"floor":39,"key":"Matryoshka"},{"floor":40,"key":"Cables"},{"floor":42,"key":"Art of War"},{"floor":43,"key":"Boot"},{"floor":43,"key":"DataDisk"},{"floor":45,"key":"Bronze Scales"},{"floor":47,"key":"Oddly Smooth Stone"},{"floor":48,"key":"Anchor"}],"event_choices":[{"damage_healed":0,"gold_gain":0,"player_choice":"Box","damage_taken":0,"relics_obtained":["FossilizedHelix"],"max_hp_gain":0,"max_hp_loss":0,"event_name":"Big Fish","floor":2,"gold_loss":0,"cards_obtained":["Regret"]},{"damage_healed":0,"gold_gain":0,"cards_transformed":["Static Discharge"],"player_choice":"Change","damage_taken":0,"max_hp_gain":0,"max_hp_loss":0,"event_name":"Living Wall","floor":4,"gold_loss":0,"cards_obtained":["Rebound"]},{"damage_healed":0,"gold_gain":0,"player_choice":"Paid Gold","damage_taken":0,"relics_obtained":["Question Card"],"max_hp_gain":0,"max_hp_loss":0,"event_name":"WeMeetAgain","floor":13,"gold_loss":52},{"cards_removed":["Strike_B"],"damage_healed":0,"gold_gain":0,"player_choice":"Purged","damage_taken":0,"max_hp_gain":0,"max_hp_loss":0,"event_name":"Purifier","floor":21,"gold_loss":0},{"damage_healed":0,"gold_gain":99,"player_choice":"Stole From Cult","damage_taken":0,"max_hp_gain":0,"max_hp_loss":0,"event_name":"Nest","floor":24,"gold_loss":0},{"damage_healed":0,"gold_gain":0,"player_choice":"Obtained Book","damage_taken":16,"max_hp_gain":0,"max_hp_loss":0,"event_name":"Cursed Tome","floor":28,"gold_loss":0},{"cards_removed":["Double Energy"],"damage_healed":0,"gold_gain":0,"player_choice":"Upgrade and Remove","damage_taken":0,"max_hp_gain":0,"max_hp_loss":0,"event_name":"Designer","floor":36,"gold_loss":90,"cards_upgraded":["Consume"]},{"damage_healed":0,"gold_gain":0,"cards_transformed":["Aggregate"],"player_choice":"Transformed","damage_taken":0,"max_hp_gain":0,"max_hp_loss":0,"event_name":"Transmorgrifier","floor":38,"gold_loss":0,"cards_obtained":["Consume"]},{"damage_healed":79,"gold_gain":0,"player_choice":"Heal","damage_taken":0,"max_hp_gain":0,"max_hp_loss":0,"event_name":"MindBloom","floor":41,"gold_loss":0,"cards_obtained":["Doubt"]}],"is_beta":false,"boss_relics":[{"not_picked":["Snecko Eye","Coffee Dripper"],"picked":"Nuclear Battery"},{"not_picked":["Empty Cage","Eternal Feather"],"picked":"Pandora\u0027s Box"}],"items_purged_floors":[5,44],"is_endless":false,"potions_floor_spawned":[1,8,14,31,33,39,40,47],"ascension_level":0}