{"gold_per_floor":[215,230,245,260,193,223,223,238,238,286,316,316,346,361,361,461,461,476,476,386,401,416,446,446,476,476,476,76,129,171,238,238,242],"floor_reached":33,"playtime":3208,"items_purged":[],"score":502,"play_id":"d75bd0b4-8ad7-453b-a1a0-22a24a204ee7","local_time":"20190520193030","daily_mods":["Shiny","Uncertain Future","Elite Swarm"],"is_ascension_mode":false,"campfire_choices":[{"data":"Enbodiment","floor":7,"key":"SMITH"},{"floor":15,"key":"REST"},{"floor":24,"key":"REST"},{"floor":27,"key":"REST"},{"data":"Duplication","floor":32,"key":"SMITH"}],"neow_cost":"","seed_source_timestamp":282749339754666,"circlet_count":0,"master_deck":["SoulSculpture+1","Sunlight","SilverMatrix","ForgedInTime","Duplication+1","MurderousAura","LightFlow","Dilation","PendulumOfEternity","FlawlessForm","Initiator","Deny","KillingDoll","TheWorld","FloweringNight","Solidify","Enbodiment+1","Rewind","ShatteredReality","FanOfKnives","Enbodiment","Spin","TimeWarp","Deny","Enbodiment","Duplication","TimeWarp","hubris:Compulsion","BottledTime","ShatteredReality","TheWorld","hubris:Greed","hubris:Greed","hubris:Greed","hubris:Greed","hubris:Greed","SilverBlades+1","hubris:Greed","hubris:Greed","hubris:Greed","Ricochet+1","hubris:Greed"],"special_seed":18036,"relics":["Uniform","RomanBracelet","infinitespire:BottledMercury","infinitespire:CursedDice","infinitespire:EmpoweringShard","hubris:Icosahedron","Orichalcum","Cursed Key","hubris:TinFlute","Bag of Marbles","infinitespire:Satchel","Singing Bowl","Bottled Tornado","infinitespire:Midas Blood","Pen Nib","Broom"],"potions_floor_usage":[4,8,10,10,18,29,31,31,33],"damage_taken":[{"damage":0,"enemies":"Cultist","floor":1,"turns":2},{"damage":0,"enemies":"Small Slimes","floor":2,"turns":2},{"damage":9,"enemies":"Jaw Worm","floor":3,"turns":2},{"damage":0,"enemies":"Red Slaver","floor":4,"turns":3},{"damage":5,"enemies":"Gremlin Nob","floor":6,"turns":3},{"damage":0,"enemies":"Blue Slaver","floor":8,"turns":3},{"damage":11,"enemies":"Lagavulin Event","floor":10,"turns":7},{"damage":28,"enemies":"3 Sentries","floor":11,"turns":5},{"damage":13,"enemies":"Lagavulin","floor":13,"turns":4},{"damage":3,"enemies":"Exordium Thugs","floor":14,"turns":2},{"damage":11,"enemies":"The Guardian","floor":16,"turns":7},{"damage":16,"enemies":"Spheric Guardian","floor":18,"turns":3},{"damage":0,"enemies":"Shell Parasite","floor":21,"turns":2},{"damage":0,"enemies":"Snecko","floor":22,"turns":4},{"damage":24,"enemies":"Slavers","floor":23,"turns":2},{"damage":24,"enemies":"Gremlin Leader","floor":25,"turns":4},{"damage":0,"enemies":"Nightmare","floor":29,"turns":6},{"damage":3,"enemies":"Snake Plant","floor":30,"turns":2},{"damage":39,"enemies":"Cultist and Chosen","floor":31,"turns":5},{"damage":25,"enemies":"Collector","floor":33,"turns":2}],"seed_played":"1966369025298368100","potions_obtained":[{"floor":1,"key":"Regen Potion"},{"floor":2,"key":"Swift Potion"},{"floor":6,"key":"PowerPotion"},{"floor":8,"key":"Ancient Potion"},{"floor":10,"key":"Explosive Potion"},{"floor":16,"key":"PowerPotion"},{"floor":18,"key":"SpeedPotion"},{"floor":25,"key":"GamblersBrew"},{"floor":31,"key":"SpeedPotion"}],"is_trial":false,"path_per_floor":["M","M","M","M","$","E","R","M","T","?","E","?","E","M","R","B",null,"M","T","?","M","M","E","R","E","T","R","$","NM","M","M","R","B"],"character_chosen":"THE_SERVANT","items_purchased":["FanOfKnives","infinitespire:Midas Blood","Pen Nib"],"campfire_rested":3,"item_purchase_floors":[5,28,28],"current_hp_per_floor":[65,65,56,56,56,51,51,51,51,54,26,26,13,10,29,18,65,49,49,49,49,49,25,44,20,20,39,39,41,38,24,24,0],"gold":242,"neow_bonus":"","is_prod":false,"is_daily":true,"chose_seed":false,"campfire_upgraded":2,"win_rate":0.0,"timestamp":1558395030,"path_taken":["M","M","M","?","$","E","R","M","T","?","E","?","E","M","R","BOSS","M","?","?","M","?","E","R","E","T","R","$","NM","M","M","R","BOSS"],"build_version":"2019-01-23","purchased_purges":0,"victory":false,"max_hp_per_floor":[65,65,65,65,65,65,65,65,65,65,65,65,65,65,65,65,65,65,65,65,65,65,65,65,65,65,65,65,67,67,67,67,67],"card_choices":[{"not_picked":["Potential","BottledTime"],"picked":"Rewind","floor":1},{"not_picked":["TimeWarp","Orbit"],"picked":"ShatteredReality","floor":2},{"not_picked":["Read","DoubleEdge","Replace"],"picked":"SKIP","floor":3},{"not_picked":["Revamp","Deadline","Hightail"],"picked":"SKIP","floor":4},{"not_picked":["Sunlight","TrueSight"],"picked":"Enbodiment","floor":6},{"not_picked":["FastForward","Alleviate"],"picked":"Spin","floor":8},{"not_picked":["DualDimension","Defy"],"picked":"TimeWarp","floor":10},{"not_picked":["LightFlow","FloweringNight"],"picked":"Deny","floor":11},{"not_picked":["MurderousAura","KillingDoll"],"picked":"Enbodiment","floor":13},{"not_picked":["Defy","Alleviate","FastForward"],"picked":"SKIP","floor":14},{"not_picked":["LightFlow","Deny"],"picked":"Duplication","floor":16},{"not_picked":["Spin","Collapse+1"],"picked":"TimeWarp","floor":18},{"not_picked":["Sabotage+1","Alleviate+1"],"picked":"BottledTime","floor":21},{"not_picked":["Snipe+1","Defy"],"picked":"ShatteredReality","floor":22},{"not_picked":["TrueSight","Duplication"],"picked":"TheWorld","floor":23},{"not_picked":["Initiator","MurderousAura","SilverMatrix"],"picked":"SKIP","floor":25},{"not_picked":["Sunlight","Initiator","Solidify"],"picked":"Singing Bowl","floor":29},{"not_picked":["Orbit","Barrier+1"],"picked":"SilverBlades+1","floor":30},{"not_picked":["ShiftingGears","Spin"],"picked":"Ricochet+1","floor":31}],"player_experience":259275,"relics_obtained":[{"floor":6,"key":"RomanBracelet"},{"floor":9,"key":"infinitespire:BottledMercury"},{"floor":11,"key":"infinitespire:EmpoweringShard"},{"floor":13,"key":"Orichalcum"},{"floor":19,"key":"hubris:TinFlute"},{"floor":23,"key":"Bag of Marbles"},{"floor":25,"key":"infinitespire:Satchel"},{"floor":26,"key":"Bottled Tornado"},{"floor":29,"key":"Broom"}],"event_choices":[{"damage_healed":0,"gold_gain":30,"player_choice":"Searched \u00273\u0027 times","damage_taken":0,"relics_obtained":["infinitespire:CursedDice"],"max_hp_gain":0,"max_hp_loss":0,"event_name":"Dead Adventurer","floor":10,"gold_loss":0},{"cards_removed":["TrueSight"],"damage_healed":0,"gold_gain":0,"player_choice":"Upgrade and Remove","damage_taken":0,"max_hp_gain":0,"max_hp_loss":0,"event_name":"Designer","floor":20,"gold_loss":90,"cards_upgraded":["SoulSculpture"]}],"is_beta":false,"boss_relics":[{"not_picked":["Sozu","Eternal Feather"],"picked":"Cursed Key"}],"items_purged_floors":[],"is_endless":false,"potions_floor_spawned":[1,2,6,8,10,16,18,25,31],"killed_by":"Collector","ascension_level":0}