{"gold_per_floor":[166,12,12,27,27,52,71,71,96,96,57,76,86,86,86,187,187,197,207,207,137,155,155,180,199,222,234,234,252,271,271,271,373,373,389,30,30,49,67,67,80,90,90,90,0,14,26,43,43,43,43,43,16,43,43],"floor_reached":55,"playtime":14209,"items_purged":[],"score":695,"play_id":"064d02e5-4953-4c4f-8c62-1f4b8076c44c","local_time":"20190512080815","is_ascension_mode":false,"campfire_choices":[{"floor":8.0,"key":"RECALL"},{"floor":10.0,"key":"REST"},{"floor":15.0,"key":"REST"},{"floor":23.0,"key":"REST"},{"data":"Loop","floor":32.0,"key":"SMITH"},{"floor":40.0,"key":"REST"},{"floor":49.0,"key":"REST"},{"data":"Creative AI","floor":52.0,"key":"SMITH"}],"neow_cost":"NONE","seed_source_timestamp":0,"circlet_count":0,"master_deck":["Strike_B+1","Strike_B+1","Strike_B+1","Strike_B+1","Defend_B+1","Defend_B+1","Defend_B+1","Defend_B+1","Sweeping Beam","Rebound+1","Darkness","Reprogram","Rebound+1","Defragment","White Noise","Ball Lightning","Loop+1","Hello World","Reboot","Conserve Battery","Chill","Reinforced Body","Ball Lightning","Chill","Ball Lightning+1","Stack","Glacier","Static Discharge","Aggregate","Creative AI+1","Defragment","Self Repair+1","Chill+1","Seek","Hologram+1","Genetic Algorithm","Seek","Cold Snap","Beam Cell","Parasite","Leap+1","BootSequence+1","Coolheaded","Parasite","Lockon+1","Cold Snap","Defragment+1","Stack","Leap+1"],"special_seed":0,"relics":["Tiny House","Whetstone","Orrery","MutagenicStrength","Letter Opener","Blood Vial","Philosopher\u0027s Stone","Lantern","Pear","Red Mask","Centennial Puzzle"],"potions_floor_usage":[],"damage_taken":[{"damage":3.0,"enemies":"Jaw Worm","floor":1.0,"turns":4.0},{"damage":2.0,"enemies":"Small Slimes","floor":4.0,"turns":3.0},{"damage":26.0,"enemies":"Gremlin Nob","floor":6.0,"turns":5.0},{"damage":0.0,"enemies":"Cultist","floor":7.0,"turns":2.0},{"damage":7.0,"enemies":"Looter","floor":12.0,"turns":3.0},{"damage":16.0,"enemies":"Exordium Wildlife","floor":13.0,"turns":4.0},{"damage":32.0,"enemies":"The Guardian","floor":16.0,"turns":7.0},{"damage":8.0,"enemies":"Spheric Guardian","floor":18.0,"turns":3.0},{"damage":13.0,"enemies":"2 Thieves","floor":19.0,"turns":5.0},{"damage":27.0,"enemies":"Snecko","floor":22.0,"turns":5.0},{"damage":25.0,"enemies":"Slavers","floor":24.0,"turns":10.0},{"damage":22.0,"enemies":"Centurion and Healer","floor":25.0,"turns":7.0},{"damage":8.0,"enemies":"3 Cultists","floor":27.0,"turns":4.0},{"damage":15.0,"enemies":"Chosen and Byrds","floor":29.0,"turns":7.0},{"damage":14.0,"enemies":"Snake Plant","floor":30.0,"turns":5.0},{"damage":24.0,"enemies":"Collector","floor":33.0,"turns":13.0},{"damage":0.0,"enemies":"3 Shapes","floor":35.0,"turns":4.0},{"damage":8.0,"enemies":"Orb Walker","floor":38.0,"turns":6.0},{"damage":37.0,"enemies":"Writhing Mass","floor":39.0,"turns":9.0},{"damage":59.0,"enemies":"Transient","floor":41.0,"turns":5.0},{"damage":13.0,"enemies":"Spire Growth","floor":42.0,"turns":11.0},{"damage":17.0,"enemies":"Writhing Mass","floor":46.0,"turns":14.0},{"damage":16.0,"enemies":"Transient","floor":47.0,"turns":5.0},{"damage":0.0,"enemies":"3 Darklings","floor":48.0,"turns":22.0},{"damage":51.0,"enemies":"Donu and Deca","floor":50.0,"turns":21.0},{"damage":87.0,"enemies":"Shield and Spear","floor":54.0,"turns":15.0},{"damage":15,"enemies":"The Heart","floor":55,"turns":2}],"seed_played":"1745452501883196590","potions_obtained":[{"floor":0.0,"key":"EssenceOfSteel"},{"floor":1.0,"key":"Fire Potion"},{"floor":4.0,"key":"EssenceOfSteel"},{"floor":12.0,"key":"SpeedPotion"},{"floor":13.0,"key":"PowerPotion"},{"floor":18.0,"key":"FocusPotion"},{"floor":22.0,"key":"Dexterity Potion"},{"floor":24.0,"key":"SteroidPotion"},{"floor":27.0,"key":"Fire Potion"},{"floor":29.0,"key":"GamblersBrew"},{"floor":33.0,"key":"Regen Potion"},{"floor":38.0,"key":"GamblersBrew"},{"floor":41.0,"key":"GamblersBrew"}],"is_trial":false,"path_per_floor":["?","?","$","M","?","?","?","M","?","?","M","?","?"],"character_chosen":"DEFECT","items_purchased":["Darkness","Reprogram","Rebound","Consume","Glacier","Lantern","Genetic Algorithm","Seek","Stack"],"campfire_rested":5,"item_purchase_floors":[2,2,2,11,21,36,36,36,53],"current_hp_per_floor":[77,77,61,59,59,33,33,33,33,57,57,50,34,34,58,26,80,72,59,59,59,32,56,31,9,9,3,80,65,63,63,63,51,80,80,80,80,80,53,77,30,29,39,39,39,34,30,42,69,45,90,90,90,13,0],"gold":43,"neow_bonus":"BOSS_RELIC","is_prod":false,"is_daily":false,"chose_seed":false,"campfire_upgraded":2,"win_rate":1,"timestamp":1557637695,"path_taken":["M","$","?","M","?","E","M","R","T","R","?","?","M","?","R","BOSS","M","M","?","$","M","R","E","M","T","M","?","?","M","?","R","BOSS","M","$","?","?","M","R","M","M","T","?","?","M","M","M","R","BOSS","R","$","E","BOSS"],"build_version":"2019-01-23","purchased_purges":0,"victory":false,"max_hp_per_floor":[80,80,80,80,80,80,80,80,80,80,80,80,80,80,80,80,80,80,80,80,80,80,80,80,80,80,80,80,80,80,80,80,80,80,80,80,80,80,80,80,80,80,90,90,90,90,90,90,90,90,90,90,90,90,90],"card_choices":[{"not_picked":["Scrape","Gash"],"picked":"Sweeping Beam","floor":0.0},{"not_picked":["Hologram","Melter"],"picked":"Rebound","floor":1.0},{"not_picked":["Compile Driver","Consume"],"picked":"Defragment","floor":4.0},{"not_picked":["Blizzard","Rebound"],"picked":"White Noise","floor":6.0},{"not_picked":["Steam Power","FTL"],"picked":"Ball Lightning","floor":7.0},{"not_picked":["Double Energy","Biased Cognition"],"picked":"Loop","floor":12.0},{"not_picked":["Loop","Compile Driver"],"picked":"Hello World","floor":13.0},{"not_picked":["Fission","Electrodynamics"],"picked":"Reboot","floor":16.0},{"not_picked":["Tempest","Redo"],"picked":"Conserve Battery","floor":17.0},{"not_picked":["Consume","Steam Power"],"picked":"Chill","floor":17.0},{"not_picked":["Compile Driver","Turbo"],"picked":"Reinforced Body","floor":17.0},{"not_picked":["Loop","Sweeping Beam"],"picked":"Ball Lightning","floor":17.0},{"not_picked":["Stack","Sweeping Beam"],"picked":"Chill","floor":17.0},{"not_picked":["Sunder","Consume"],"picked":"Ball Lightning+1","floor":18.0},{"not_picked":["FTL","Gash"],"picked":"Stack","floor":19.0},{"not_picked":["Blizzard","Ball Lightning"],"picked":"Static Discharge","floor":22.0},{"not_picked":["Melter","Compile Driver"],"picked":"Aggregate","floor":24.0},{"not_picked":["Rebound+1","Hello World+1"],"picked":"Creative AI","floor":25.0},{"not_picked":["Streamline+1","BootSequence+1"],"picked":"Defragment","floor":27.0},{"not_picked":["Cold Snap","Gash+1"],"picked":"Self Repair+1","floor":29.0},{"not_picked":["Rebound","Force Field+1"],"picked":"Chill+1","floor":30.0},{"not_picked":["Meteor Strike","Fission"],"picked":"Seek","floor":33.0},{"not_picked":["Ball Lightning+1","Static Discharge+1"],"picked":"Hologram+1","floor":35.0},{"not_picked":["Sunder","Stack+1"],"picked":"Beam Cell","floor":38.0},{"not_picked":["Barrage","Gash"],"picked":"Leap+1","floor":39.0},{"not_picked":["Sweeping Beam","Turbo+1"],"picked":"BootSequence+1","floor":41.0},{"not_picked":["Beam Cell","Streamline"],"picked":"Coolheaded","floor":42.0},{"not_picked":["Meteor Strike","Beam Cell+1"],"picked":"Lockon+1","floor":46.0},{"not_picked":["Sweeping Beam+1","Static Discharge+1"],"picked":"Cold Snap","floor":47.0},{"not_picked":["Streamline","Turbo+1"],"picked":"Defragment+1","floor":48.0},{"not_picked":["Compile Driver","Auto Shields+1"],"picked":"Leap+1","floor":54.0}],"player_experience":59775,"relics_obtained":[{"floor":6.0,"key":"Whetstone"},{"floor":24.0,"key":"Letter Opener"},{"floor":26.0,"key":"Blood Vial"},{"floor":43.0,"key":"Pear"},{"floor":54.0,"key":"Centennial Puzzle"}],"event_choices":[{"damage_healed":0.0,"max_hp_gain":0.0,"max_hp_loss":0.0,"gold_gain":0.0,"event_name":"Shining Light","player_choice":"Entered Light","floor":3.0,"gold_loss":0.0,"damage_taken":16.0,"cards_upgraded":["Defend_B","Rebound"]},{"damage_healed":0.0,"max_hp_gain":0.0,"max_hp_loss":0.0,"gold_gain":0.0,"event_name":"The Cleric","player_choice":"Leave","floor":5.0,"gold_loss":0.0,"damage_taken":0.0},{"damage_healed":0.0,"max_hp_gain":0.0,"max_hp_loss":0.0,"gold_gain":0.0,"event_name":"Liars Game","player_choice":"Ignored","floor":14.0,"gold_loss":0.0,"damage_taken":0.0},{"damage_healed":0.0,"max_hp_gain":0.0,"max_hp_loss":0.0,"gold_gain":0.0,"event_name":"Drug Dealer","player_choice":"Inject Mutagens","floor":20.0,"gold_loss":0.0,"damage_taken":0.0,"relics_obtained":["MutagenicStrength"]},{"cards_removed":["Consume"],"damage_healed":77.0,"max_hp_gain":0.0,"max_hp_loss":0.0,"gold_gain":0.0,"event_name":"Bonfire Elementals","player_choice":"Offered Uncommon","floor":28.0,"gold_loss":0.0,"damage_taken":0.0},{"damage_healed":0.0,"max_hp_gain":0.0,"max_hp_loss":0.0,"gold_gain":0.0,"event_name":"Back to Basics","player_choice":"Simplicity","floor":31.0,"gold_loss":0.0,"damage_taken":0.0,"cards_upgraded":["Strike_B","Strike_B","Defend_B","Defend_B","Defend_B"]},{"damage_healed":0.0,"max_hp_gain":0.0,"max_hp_loss":0.0,"gold_gain":0.0,"cards_transformed":["Zap"],"event_name":"Transmorgrifier","player_choice":"Transformed","floor":37.0,"gold_loss":0.0,"damage_taken":0.0,"cards_obtained":["Cold Snap"]},{"cards_removed":["Dualcast"],"damage_healed":0.0,"max_hp_gain":0.0,"max_hp_loss":0.0,"gold_gain":0.0,"event_name":"Falling","player_choice":"Removed Skill","floor":44.0,"gold_loss":0.0,"damage_taken":0.0},{"damage_healed":0.0,"max_hp_gain":0.0,"max_hp_loss":0.0,"gold_gain":0.0,"event_name":"Tomb of Lord Red Mask","player_choice":"Paid","floor":45.0,"gold_loss":90.0,"damage_taken":0.0,"relics_obtained":["Red Mask"]}],"is_beta":false,"boss_relics":[{"not_picked":["Velvet Choker","Snecko Eye"],"picked":"Orrery"},{"not_picked":["Astrolabe","Calling Bell"],"picked":"Philosopher\u0027s Stone"}],"items_purged_floors":[],"is_endless":false,"potions_floor_spawned":[1,4,12,13,18,22,24,27,29,33,38,41,42,46],"killed_by":"The Heart","ascension_level":0}