{"gold_per_floor":[119,119,119,219,232,262,262,290,342,358,358,374,674,689,689,814,877,893,881,111,111,11,11,44,60,60,94,74,74,87,111,111,235,235,255,271,119,119,119,119,452,452,452,452,452,484,494,509,509,509,509,509,36,61,61],"floor_reached":55,"playtime":4190,"items_purged":["Strike_B","Strike_B","Decay"],"score":1045,"play_id":"fa241bab-6257-4ab9-a7f2-2cac105f05f0","local_time":"20190703201804","is_ascension_mode":true,"campfire_choices":[{"data":"Zap","floor":7.0,"key":"SMITH"},{"data":"Defragment","floor":15.0,"key":"SMITH"},{"data":"Defragment","floor":23.0,"key":"SMITH"},{"data":"Machine Learning","floor":29.0,"key":"SMITH"},{"data":"Capacitor","floor":32.0,"key":"SMITH"},{"data":"1","floor":40.0,"key":"LIFT"},{"data":"2","floor":42.0,"key":"LIFT"},{"data":"3","floor":45.0,"key":"LIFT"},{"floor":49.0,"key":"RECALL"},{"data":"Defragment","floor":52.0,"key":"SMITH"}],"neow_cost":"NONE","seed_source_timestamp":416664091123587,"circlet_count":0,"master_deck":["Strike_B","Strike_B","Defend_B","Defend_B+1","Defend_B","Defend_B","Zap+1","Dualcast+1","Conserve Battery","Defragment+1","Sweeping Beam","Coolheaded","Ball Lightning","Sunder","Reboot+1","Defragment+1","Chill","FTL","Capacitor+1","Coolheaded","Defragment+1","Barrage+1","Machine Learning+1","Self Repair","Go for the Eyes","Decay","Decay","Coolheaded+1","Capacitor+1","Core Surge","Echo Form","BootSequence","Stack","Aggregate"],"special_seed":0,"relics":["Cracked Core","Oddly Smooth Stone","War Paint","Kunai","Regal Pillow","Old Coin","Tiny House","Gambling Chip","Lee\u0027s Waffle","Darkstone Periapt","Blue Candle","Ginger","Calling Bell","Bronze Scales","Matryoshka","Girya","Lantern","Blood Vial","Calipers","Bottled Lightning"],"potions_floor_usage":[55],"damage_taken":[{"damage":4.0,"enemies":"Jaw Worm","floor":1.0,"turns":3.0},{"damage":2.0,"enemies":"2 Louse","floor":5.0,"turns":3.0},{"damage":28.0,"enemies":"Lagavulin","floor":6.0,"turns":7.0},{"damage":17.0,"enemies":"3 Sentries","floor":8.0,"turns":10.0},{"damage":0.0,"enemies":"Small Slimes","floor":10.0,"turns":3.0},{"damage":3.0,"enemies":"Looter","floor":12.0,"turns":2.0},{"damage":0.0,"enemies":"Blue Slaver","floor":14.0,"turns":3.0},{"damage":11.0,"enemies":"Slime Boss","floor":16.0,"turns":8.0},{"damage":7.0,"enemies":"Chosen","floor":18.0,"turns":3.0},{"damage":16.0,"enemies":"2 Thieves","floor":19.0,"turns":4.0},{"damage":6.0,"enemies":"Gremlin Leader","floor":24.0,"turns":7.0},{"damage":15.0,"enemies":"Snake Plant","floor":25.0,"turns":4.0},{"damage":21.0,"enemies":"Book of Stabbing","floor":27.0,"turns":8.0},{"damage":21.0,"enemies":"Snecko","floor":30.0,"turns":6.0},{"damage":2.0,"enemies":"Cultist and Chosen","floor":31.0,"turns":5.0},{"damage":11.0,"enemies":"Collector","floor":33.0,"turns":9.0},{"damage":11.0,"enemies":"3 Shapes","floor":35.0,"turns":7.0},{"damage":12.0,"enemies":"Orb Walker","floor":36.0,"turns":6.0},{"damage":35.0,"enemies":"Giant Head","floor":46.0,"turns":8.0},{"damage":10.0,"enemies":"Spire Growth","floor":47.0,"turns":5.0},{"damage":18.0,"enemies":"Maw","floor":48.0,"turns":6.0},{"damage":45.0,"enemies":"Time Eater","floor":50.0,"turns":13.0},{"damage":56.0,"enemies":"Shield and Spear","floor":54.0,"turns":11.0},{"damage":62,"enemies":"The Heart","floor":55,"turns":2}],"seed_played":"-6409823541469217719","potions_obtained":[{"floor":5.0,"key":"Block Potion"},{"floor":8.0,"key":"Swift Potion"},{"floor":16.0,"key":"PowerPotion"},{"floor":17.0,"key":"SneckoOil"},{"floor":25.0,"key":"Ancient Potion"},{"floor":27.0,"key":"Energy Potion"},{"floor":31.0,"key":"Block Potion"},{"floor":33.0,"key":"SteroidPotion"},{"floor":35.0,"key":"AttackPotion"}],"is_trial":false,"path_per_floor":["?","?","?","M","?","T","?","?","M","?","?","?"],"character_chosen":"DEFECT","items_purchased":["FTL","Gambling Chip","Lee\u0027s Waffle","Capacitor","Coolheaded","Lantern","Echo Form","SkillPotion","Energy Potion","BootSequence","Stack"],"campfire_rested":0,"item_purchase_floors":[20,20,20,20,20,37,53,53,53,53,53],"current_hp_per_floor":[71,71,71,71,69,41,41,24,24,24,24,21,21,21,21,10,65,58,42,88,88,88,88,82,67,67,46,46,46,25,30,30,26,91,87,82,82,82,82,82,82,82,82,82,82,56,55,46,46,10,82,82,82,35,0],"gold":61,"neow_bonus":"TEN_PERCENT_HP_BONUS","is_prod":false,"is_daily":false,"chose_seed":false,"campfire_upgraded":6,"win_rate":0,"timestamp":1562174284,"path_taken":["M","?","?","?","M","E","R","E","T","?","?","M","?","M","R","BOSS","M","M","$","?","$","R","E","M","T","E","?","R","?","M","R","BOSS","M","M","$","?","$","R","?","R","T","?","R","E","M","M","R","BOSS","R","$","E","BOSS"],"build_version":"2019-01-23","purchased_purges":3,"victory":false,"max_hp_per_floor":[82,82,82,82,82,82,82,82,82,82,76,76,76,76,76,76,81,81,81,88,88,88,88,88,88,88,88,88,88,88,88,88,88,106,106,106,106,106,106,106,106,106,106,106,106,106,106,106,106,106,106,106,106,106,106],"card_choices":[{"not_picked":["Stack","Heatsinks"],"picked":"Conserve Battery","floor":1.0},{"not_picked":["Beam Cell","Steam"],"picked":"Rebound","floor":5.0},{"not_picked":["Reboot","Steam"],"picked":"Defragment","floor":6.0},{"not_picked":["Barrage","Skim"],"picked":"Sweeping Beam","floor":8.0},{"not_picked":["Aggregate","Beam Cell"],"picked":"Coolheaded","floor":10.0},{"not_picked":["Coolheaded","Chaos"],"picked":"Ball Lightning","floor":12.0},{"not_picked":["Redo","Hologram"],"picked":"Sunder","floor":14.0},{"not_picked":["Thunder Strike","Hyperbeam"],"picked":"Reboot","floor":16.0},{"not_picked":["Beam Cell","Reprogram"],"picked":"Defragment","floor":17.0},{"not_picked":["Leap","Steam"],"picked":"Chill","floor":18.0},{"not_picked":["Barrage","Double Energy","Turbo"],"picked":"SKIP","floor":19.0},{"not_picked":["Darkness","Melter+1"],"picked":"Defragment","floor":24.0},{"not_picked":["Auto Shields","Steam"],"picked":"Barrage+1","floor":25.0},{"not_picked":["Thunder Strike","Stack"],"picked":"Machine Learning","floor":27.0},{"not_picked":["Steam","Ball Lightning"],"picked":"Self Repair","floor":30.0},{"not_picked":["Rebound","Auto Shields"],"picked":"Go for the Eyes","floor":31.0},{"not_picked":["Recycle+1","Compile Driver+1"],"picked":"Coolheaded+1","floor":35.0},{"not_picked":["Skim+1","Darkness+1","Turbo+1"],"picked":"SKIP","floor":36.0},{"not_picked":["Redo","Sunder"],"picked":"Capacitor+1","floor":46.0},{"not_picked":["Streamline","Steam"],"picked":"Core Surge","floor":47.0},{"not_picked":["Sunder","Darkness","Genetic Algorithm"],"picked":"SKIP","floor":48.0},{"not_picked":["Lockon","Hologram"],"picked":"Aggregate","floor":54.0}],"player_experience":289103,"relics_obtained":[{"floor":6.0,"key":"War Paint"},{"floor":8.0,"key":"Kunai"},{"floor":9.0,"key":"Regal Pillow"},{"floor":13.0,"key":"Old Coin"},{"floor":24.0,"key":"Darkstone Periapt"},{"floor":26.0,"key":"Blue Candle"},{"floor":27.0,"key":"Ginger"},{"floor":34.0,"key":"Bronze Scales"},{"floor":34.0,"key":"Matryoshka"},{"floor":34.0,"key":"Girya"},{"floor":43.0,"key":"Blood Vial"},{"floor":46.0,"key":"Calipers"},{"floor":54.0,"key":"Bottled Lightning"}],"event_choices":[{"damage_healed":0.0,"max_hp_gain":0.0,"max_hp_loss":0.0,"gold_gain":0.0,"event_name":"Big Fish","player_choice":"Box","floor":2.0,"gold_loss":0.0,"damage_taken":0.0,"relics_obtained":["Oddly Smooth Stone"],"cards_obtained":["Regret"]},{"cards_removed":["Regret"],"damage_healed":0.0,"max_hp_gain":0.0,"max_hp_loss":0.0,"gold_gain":0.0,"event_name":"Living Wall","player_choice":"Forget","floor":3.0,"gold_loss":0.0,"damage_taken":0.0},{"damage_healed":0.0,"max_hp_gain":0.0,"max_hp_loss":0.0,"gold_gain":100.0,"event_name":"Golden Shrine","player_choice":"Pray","floor":4.0,"gold_loss":0.0,"damage_taken":0.0},{"damage_healed":0.0,"max_hp_gain":0.0,"max_hp_loss":6.0,"gold_gain":0.0,"event_name":"Golden Idol","player_choice":"Lose Max HP","floor":11.0,"gold_loss":0.0,"damage_taken":0.0,"relics_obtained":["Golden Idol"]},{"damage_healed":0.0,"max_hp_gain":0.0,"max_hp_loss":0.0,"gold_gain":0.0,"event_name":"Ghosts","player_choice":"Ignored","floor":21.0,"gold_loss":0.0,"damage_taken":0.0},{"damage_healed":0.0,"max_hp_gain":0.0,"max_hp_loss":0.0,"gold_gain":0.0,"event_name":"The Woman in Blue","player_choice":"Bought 1 Potion","floor":28.0,"gold_loss":0.0,"damage_taken":0.0},{"damage_healed":0.0,"max_hp_gain":0.0,"max_hp_loss":0.0,"gold_gain":0.0,"event_name":"Mysterious Sphere","player_choice":"Ignored","floor":38.0,"gold_loss":0.0,"damage_taken":0.0},{"damage_healed":0.0,"max_hp_gain":0.0,"max_hp_loss":0.0,"gold_gain":333.0,"event_name":"The Moai Head","player_choice":"Gave Idol","floor":41.0,"relics_lost":["Golden Idol"],"gold_loss":0.0,"damage_taken":0.0},{"cards_removed":["Rebound"],"damage_healed":0.0,"max_hp_gain":0.0,"max_hp_loss":0.0,"gold_gain":0.0,"event_name":"Falling","player_choice":"Removed Attack","floor":44.0,"gold_loss":0.0,"damage_taken":0.0}],"is_beta":false,"boss_relics":[{"not_picked":["Busted Crown","Lizard Tail"],"picked":"Tiny House"},{"not_picked":["Cursed Key","Coffee Dripper"],"picked":"Calling Bell"}],"items_purged_floors":[20,22,53],"is_endless":false,"potions_floor_spawned":[5,8,16,25,27,31,33,35,46],"killed_by":"The Heart","ascension_level":8}