{"gold_per_floor":[113,113,131,148,162,188,188,214,214,214,227,247,247,291,291,416,416,434,344,369,385,385,385,418,108,108,108,126,126,126,149,149,269,269,289,310,335,359,107,107,138,0,27,67,130,146,190,315,315,315,315,315,114,157,157],"floor_reached":56,"playtime":6103,"items_purged":["Strike_B","Strike_B","Strike_B"],"score":1684,"play_id":"7414ef0c-058c-4404-973f-04aa75099c88","local_time":"20190624091202","is_ascension_mode":true,"campfire_choices":[{"data":"Hologram","floor":7.0,"key":"SMITH"},{"data":"Zap","floor":10.0,"key":"SMITH"},{"floor":15.0,"key":"REST"},{"data":"Go for the Eyes","floor":23.0,"key":"SMITH"},{"data":"Seek","floor":29.0,"key":"SMITH"},{"data":"Sunder","floor":32.0,"key":"SMITH"},{"data":"Coolheaded","floor":40.0,"key":"SMITH"},{"floor":49.0,"key":"RECALL"},{"data":"Conserve Battery","floor":52.0,"key":"SMITH"}],"neow_cost":"NONE","seed_source_timestamp":210223558576916,"circlet_count":0,"master_deck":["Defend_B","Defend_B","Defend_B","Defend_B","Zap+1","Dualcast+1","Sweeping Beam","Sunder+1","Cold Snap","Ball Lightning","Hologram+1","Capacitor+1","Genetic Algorithm","Conserve Battery+1","Machine Learning+1","Coolheaded+1","Go for the Eyes+1","Creative AI+1","Consume+1","Defragment+1","Seek+1","Ball Lightning","Buffer+1","Defragment+1","Conserve Battery","Reboot","Heatsinks+1","White Noise","Defragment+1","Glacier+1"],"special_seed":0,"relics":["Nuclear Battery","Meat on the Bone","Frozen Egg 2","Unceasing Top","Pocketwatch","Golden Idol","Incense Burner","Lizard Tail","Kunai","Mummified Hand","Juzu Bracelet","Sozu","Ancient Tea Set","Bag of Preparation","Red Mask","Thread and Needle","Torii","PreservedInsect","Emotion Chip","Mercury Hourglass"],"potions_floor_usage":[55],"damage_taken":[{"damage":7.0,"enemies":"Small Slimes","floor":1.0,"turns":4.0},{"damage":5.0,"enemies":"2 Louse","floor":3.0,"turns":2.0},{"damage":0.0,"enemies":"Cultist","floor":4.0,"turns":2.0},{"damage":11.0,"enemies":"Exordium Wildlife","floor":5.0,"turns":4.0},{"damage":28.0,"enemies":"Gremlin Nob","floor":6.0,"turns":4.0},{"damage":11.0,"enemies":"Lagavulin","floor":8.0,"turns":6.0},{"damage":0.0,"enemies":"3 Louse","floor":11.0,"turns":2.0},{"damage":9.0,"enemies":"Looter","floor":12.0,"turns":3.0},{"damage":12.0,"enemies":"3 Sentries","floor":14.0,"turns":4.0},{"damage":27.0,"enemies":"Slime Boss","floor":16.0,"turns":8.0},{"damage":11.0,"enemies":"Shell Parasite","floor":18.0,"turns":5.0},{"damage":11.0,"enemies":"Chosen","floor":20.0,"turns":5.0},{"damage":6.0,"enemies":"Snecko","floor":21.0,"turns":4.0},{"damage":0.0,"enemies":"Gremlin Leader","floor":24.0,"turns":7.0},{"damage":2.0,"enemies":"Snake Plant","floor":28.0,"turns":6.0},{"damage":0.0,"enemies":"Centurion and Healer","floor":31.0,"turns":5.0},{"damage":0.0,"enemies":"Automaton","floor":33.0,"turns":7.0},{"damage":0.0,"enemies":"3 Darklings","floor":35.0,"turns":6.0},{"damage":0.0,"enemies":"3 Shapes","floor":36.0,"turns":5.0},{"damage":0.0,"enemies":"Transient","floor":37.0,"turns":5.0},{"damage":0.0,"enemies":"Sphere and 2 Shapes","floor":38.0,"turns":5.0},{"damage":0.0,"enemies":"Giant Head","floor":41.0,"turns":8.0},{"damage":0.0,"enemies":"Nemesis","floor":44.0,"turns":7.0},{"damage":0.0,"enemies":"2 Orb Walkers","floor":45.0,"turns":4.0},{"damage":0.0,"enemies":"Maw","floor":46.0,"turns":5.0},{"damage":0.0,"enemies":"Reptomancer","floor":47.0,"turns":4.0},{"damage":0.0,"enemies":"Mind Bloom Boss Battle","floor":48.0,"turns":5.0},{"damage":28.0,"enemies":"Awakened One","floor":50.0,"turns":10.0},{"damage":0.0,"enemies":"Shield and Spear","floor":54.0,"turns":5.0},{"damage":10,"enemies":"The Heart","floor":55,"turns":8}],"seed_played":"2720417823061624263","potions_obtained":[{"floor":3.0,"key":"Swift Potion"},{"floor":8.0,"key":"AttackPotion"},{"floor":11.0,"key":"Weak Potion"},{"floor":16.0,"key":"PowerPotion"},{"floor":24.0,"key":"Dexterity Potion"},{"floor":33.0,"key":"Explosive Potion"}],"is_trial":false,"path_per_floor":["?","?","?","M","?","?","?","$","?","?","?"],"character_chosen":"DEFECT","items_purchased":["Defragment+1","Seek","Ancient Tea Set","Defragment+1"],"campfire_rested":1,"item_purchase_floors":[25,25,39,53],"current_hp_per_floor":[68,61,56,56,45,29,29,30,30,30,42,45,27,27,49,34,65,54,54,43,49,49,49,49,49,49,49,47,47,47,47,47,47,68,68,68,68,68,68,68,68,68,68,68,68,68,68,68,68,40,66,66,66,66,56],"gold":157,"neow_bonus":"BOSS_RELIC","is_prod":false,"is_daily":false,"chose_seed":false,"campfire_upgraded":7,"win_rate":0,"timestamp":1561356722,"path_taken":["M","?","M","M","M","E","R","E","T","R","M","M","?","E","R","BOSS","M","?","?","M","?","R","E","$","T","?","M","R","?","M","R","BOSS","M","M","M","M","?","R","E","?","T","E","?","M","E","?","R","BOSS","R","$","E","BOSS"],"build_version":"2019-01-23","purchased_purges":3,"victory":true,"max_hp_per_floor":[75,75,75,75,75,75,75,75,75,75,75,75,75,75,75,75,75,75,75,75,75,75,75,75,75,75,75,75,75,75,75,75,75,75,75,75,75,75,75,75,75,75,75,75,75,75,75,75,75,75,75,75,75,75,75],"card_choices":[{"not_picked":["Rebound","Steam"],"picked":"Sweeping Beam","floor":1.0},{"not_picked":["Sweeping Beam","Reprogram"],"picked":"Sunder","floor":3.0},{"not_picked":["Leap","Sweeping Beam"],"picked":"Cold Snap","floor":4.0},{"not_picked":["Reprogram","Chaos"],"picked":"Ball Lightning","floor":5.0},{"not_picked":["Reprogram","Hello World"],"picked":"Hologram","floor":6.0},{"not_picked":["Sweeping Beam","Redo","Scrape"],"picked":"SKIP","floor":8.0},{"not_picked":["Lockon","Steam Power"],"picked":"Capacitor+1","floor":11.0},{"not_picked":["Beam Cell","Skim"],"picked":"Genetic Algorithm","floor":12.0},{"not_picked":["FTL","Steam"],"picked":"Conserve Battery","floor":14.0},{"not_picked":["All For One","Meteor Strike"],"picked":"Machine Learning+1","floor":16.0},{"not_picked":["Rebound+1","Melter"],"picked":"Coolheaded","floor":18.0},{"not_picked":["Hologram+1","Storm+1"],"picked":"Go for the Eyes","floor":20.0},{"not_picked":["Rip and Tear+1","Chaos"],"picked":"Creative AI+1","floor":21.0},{"not_picked":["Rebound","Redo+1"],"picked":"Consume+1","floor":24.0},{"not_picked":["Steam Power","Consume"],"picked":"Ball Lightning","floor":28.0},{"not_picked":["Redo+1","Steam","Storm+1"],"picked":"SKIP","floor":31.0},{"not_picked":["All For One","Creative AI+1"],"picked":"Buffer+1","floor":33.0},{"not_picked":["Gash+1","Blizzard+1"],"picked":"Defragment+1","floor":35.0},{"not_picked":["Turbo","Cold Snap","Gash"],"picked":"SKIP","floor":36.0},{"not_picked":["Scrape+1","Blizzard+1"],"picked":"Conserve Battery","floor":37.0},{"not_picked":["Conserve Battery","Beam Cell+1","Double Energy+1"],"picked":"SKIP","floor":38.0},{"not_picked":["Lockon+1","Sweeping Beam+1"],"picked":"Reboot","floor":41.0},{"not_picked":["Gash","Leap"],"picked":"Heatsinks+1","floor":44.0},{"not_picked":["Lockon+1","Genetic Algorithm+1"],"picked":"White Noise","floor":45.0},{"not_picked":["Lockon","Steam","Skim+1"],"picked":"SKIP","floor":46.0},{"not_picked":["Melter+1","FTL","Beam Cell"],"picked":"SKIP","floor":47.0},{"not_picked":["Force Field+1","Ball Lightning+1"],"picked":"Glacier+1","floor":54.0}],"player_experience":219002,"relics_obtained":[{"floor":6.0,"key":"Frozen Egg 2"},{"floor":8.0,"key":"Unceasing Top"},{"floor":9.0,"key":"Pocketwatch"},{"floor":14.0,"key":"Incense Burner"},{"floor":24.0,"key":"Kunai"},{"floor":26.0,"key":"Mummified Hand"},{"floor":30.0,"key":"Juzu Bracelet"},{"floor":41.0,"key":"Bag of Preparation"},{"floor":44.0,"key":"Thread and Needle"},{"floor":45.0,"key":"Torii"},{"floor":47.0,"key":"PreservedInsect"},{"floor":48.0,"key":"Emotion Chip"},{"floor":54.0,"key":"Mercury Hourglass"}],"event_choices":[{"damage_healed":0.0,"max_hp_gain":0.0,"max_hp_loss":0.0,"gold_gain":0.0,"event_name":"Scrap Ooze","player_choice":"Success","floor":2.0,"gold_loss":0.0,"damage_taken":7.0,"relics_obtained":["Meat on the Bone"]},{"damage_healed":0.0,"max_hp_gain":0.0,"max_hp_loss":0.0,"gold_gain":0.0,"event_name":"Golden Idol","player_choice":"Take Damage","floor":13.0,"gold_loss":0.0,"damage_taken":18.0,"relics_obtained":["Golden Idol"]},{"cards_removed":["Strike_B"],"damage_healed":0.0,"max_hp_gain":0.0,"max_hp_loss":0.0,"gold_gain":0.0,"event_name":"Designer","player_choice":"Upgrade and Remove","floor":19.0,"gold_loss":90.0,"damage_taken":0.0,"cards_upgraded":["Dualcast"]},{"damage_healed":0.0,"max_hp_gain":0.0,"max_hp_loss":0.0,"gold_gain":0.0,"event_name":"Ghosts","player_choice":"Ignored","floor":22.0,"gold_loss":0.0,"damage_taken":0.0},{"damage_healed":0.0,"max_hp_gain":0.0,"max_hp_loss":0.0,"gold_gain":0.0,"event_name":"Vampires","player_choice":"Ignored","floor":27.0,"gold_loss":0.0,"damage_taken":0.0},{"damage_healed":0.0,"max_hp_gain":0.0,"max_hp_loss":0.0,"gold_gain":0.0,"event_name":"Wheel of Change","player_choice":"Relic","floor":30.0,"gold_loss":0.0,"damage_taken":0.0},{"damage_healed":0.0,"max_hp_gain":0.0,"max_hp_loss":0.0,"gold_gain":0.0,"event_name":"Tomb of Lord Red Mask","player_choice":"Paid","floor":42.0,"gold_loss":138.0,"damage_taken":0.0,"relics_obtained":["Red Mask"]},{"damage_healed":0.0,"max_hp_gain":0.0,"max_hp_loss":0.0,"gold_gain":0.0,"event_name":"Mysterious Sphere","player_choice":"Fight","floor":45.0,"gold_loss":0.0,"damage_taken":0.0},{"damage_healed":0.0,"max_hp_gain":0.0,"max_hp_loss":0.0,"gold_gain":0.0,"event_name":"MindBloom","player_choice":"Fight","floor":48.0,"gold_loss":0.0,"damage_taken":0.0}],"is_beta":false,"boss_relics":[{"not_picked":["Velvet Choker","Coffee Dripper"],"picked":"Lizard Tail"},{"not_picked":["Inserter","Philosopher\u0027s Stone"],"picked":"Sozu"}],"items_purged_floors":[25,39,53],"is_endless":false,"potions_floor_spawned":[3,8,11,16,21,24,33,35,41,46,47,54],"ascension_level":5}