{"gold_per_floor":[114,129,129,144,159,189,189,189,189,189,189,204,234,249,279,279,279,379,379,394,62,77,92,107,107,107,122,122,122,137,152,252,252,252,267,267,463],"floor_reached":37,"playtime":3125,"items_purged":[],"score":542,"play_id":"c2e6f000-b79d-497a-a185-7c0f2688eb2f","local_time":"20190525182739","daily_mods":["Insanity","Hoarder","Terminal"],"is_ascension_mode":false,"campfire_choices":[{"data":"Distraction","floor":7,"key":"SMITH"},{"floor":17,"key":"REST"},{"floor":25,"key":"REST"},{"floor":29,"key":"REST"},{"floor":36,"key":"REST"}],"neow_cost":"","seed_source_timestamp":0,"circlet_count":0,"master_deck":["Quick Slash","Deadly Poison","PiercingWail","PiercingWail","Poisoned Stab","Replay:Poison Smokescreen","Hidden Blade","Backflip","Sucker Punch","Outmaneuver","Backflip","Calculated Gamble","Calculated Gamble","Poisoned Stab","Dagger Throw","Poisoned Stab","Catalyst","ReplayTheSpireMod:The Works","Backflip","All Out Attack","Deflect","Underhanded Strike","ReplayTheSpireMod:Shiv Toss","hubris:SlightOfHand","Dash","Calculated Gamble","Backflip","Quick Slash","Deadly Poison","Poisoned Stab","Reflex","Dash","Deadly Poison","Dagger Spray","Infinite Blades","Slice","Backflip+1","Acrobatics","Replay:Poison Smokescreen","Blade Dance","Endless Agony","Dagger Throw","Tactician","Flying Knee","hubris:SlightOfHand","Dodge and Roll","Quick Slash","Hidden Blade","Hidden Blade","Hidden Blade","Distraction","Distraction","Distraction+1","Dagger Throw","Dagger Throw","Dagger Throw","Backstab+1","Backstab","Backstab","Choke","Choke","Choke","Glass Knife","Glass Knife","Glass Knife","PiercingWail","PiercingWail","PiercingWail","Discovery","Discovery","Discovery","Hidden Blade","Hidden Blade","Hidden Blade","Atom Bomb","Atom Bomb","Atom Bomb","Acrobatics","Acrobatics","Acrobatics","Backflip","Backflip","Backflip","Acrobatics+1","Acrobatics+1","Acrobatics+1","Quick Slash","Quick Slash","Quick Slash","Calculated Gamble+1","Calculated Gamble+1","Calculated Gamble+1"],"special_seed":18041,"relics":["infinitespire:DarkRift","infinitespire:Cubic Diamond","infinitespire:Lucky Rock","hubris:DeckOfHolding","construct:RocketBooster","Bronze Scales","Honey Jar","hubris:TinFlute","theJungle:SpiritDisease","Spirit Poop"],"potions_floor_usage":[12,13,20,20,22,23,30,31],"damage_taken":[{"damage":0,"enemies":"Cultist","floor":1,"turns":2},{"damage":6,"enemies":"Jaw Worm","floor":2,"turns":3},{"damage":6,"enemies":"Small Slimes","floor":4,"turns":2},{"damage":8,"enemies":"2 Fungi Beasts","floor":5,"turns":3},{"damage":15,"enemies":"Gremlin Nob","floor":6,"turns":4},{"damage":0,"enemies":"Large Slime","floor":12,"turns":3},{"damage":13,"enemies":"Lagavulin","floor":13,"turns":3},{"damage":1,"enemies":"Lots of Slimes","floor":14,"turns":2},{"damage":4,"enemies":"3 Sentries","floor":15,"turns":5},{"damage":13,"enemies":"Hexaghost","floor":18,"turns":9},{"damage":0,"enemies":"theJungle:MUSHROOMGANG","floor":20,"turns":2},{"damage":12,"enemies":"theJungle:Flameango_and_Byrd","floor":22,"turns":2},{"damage":7,"enemies":"theJungle:JungleHuntersEncounter","floor":23,"turns":4},{"damage":18,"enemies":"theJungle:2_Snecko_Cultists","floor":24,"turns":4},{"damage":0,"enemies":"theJungle:Lyon","floor":27,"turns":2},{"damage":11,"enemies":"Snake Plant","floor":30,"turns":2},{"damage":14,"enemies":"theJungle:Snecko_Cultist_And_Trap","floor":31,"turns":3},{"damage":0,"enemies":"theJungle:2_Snecko_Cultists","floor":35,"turns":2},{"damage":25,"enemies":"theJungle:QueenSpyder","floor":37,"turns":7}],"seed_played":"-2780156957999969430","potions_obtained":[{"floor":4,"key":"SmokeBomb"},{"floor":5,"key":"Elixir"},{"floor":6,"key":"Adrenaline Potion"},{"floor":12,"key":"Fire Potion"},{"floor":18,"key":"Poison Potion"},{"floor":20,"key":"Toxic Potion"},{"floor":22,"key":"AttackPotion"},{"floor":24,"key":"Fire Potion"},{"floor":30,"key":"Block Potion"}],"is_trial":false,"path_per_floor":["M","M","?","M","M","E","R","$","T","PTL","PTL","M","E","M","E","?","R","B",null,"M","$","M","M","M","R","?","M","T","R","M","M","?","PTL","PTL","M","R","B"],"character_chosen":"THE_SILENT","items_purchased":["Discovery","hubris:TinFlute"],"campfire_rested":4,"item_purchase_floors":[21,21],"current_hp_per_floor":[68,62,62,56,48,33,33,33,33,33,33,33,20,19,15,15,30,17,50,49,48,36,29,11,24,24,24,24,36,25,11,9,9,9,9,19,0],"gold":463,"neow_bonus":"","is_prod":false,"is_daily":true,"chose_seed":false,"campfire_upgraded":1,"win_rate":0,"timestamp":1558823259,"path_taken":["M","M","?","M","M","E","R","$","T","PTL","PTL","M","E","M","E","?","R","BOSS","M","$","?","M","M","R","?","M","T","R","M","M","?","PTL","PTL","M","R","BOSS"],"build_version":"2019-01-23","purchased_purges":0,"victory":false,"max_hp_per_floor":[68,67,66,65,64,63,62,61,60,59,58,57,56,55,54,53,52,51,50,49,48,47,46,45,44,43,42,41,40,39,38,37,36,35,34,33,33],"card_choices":[{"not_picked":["Cloak And Dagger","Bouncing Flask","Catalyst"],"picked":"SKIP","floor":1},{"not_picked":["Sneak Up","Noxious Fumes"],"picked":"Hidden Blade","floor":2},{"not_picked":["Acrobatics","hubris:SlightOfHand"],"picked":"Distraction","floor":4},{"not_picked":["Dodge and Roll","Noxious Fumes"],"picked":"Dagger Throw","floor":5},{"not_picked":["Finisher","Dash"],"picked":"Backstab","floor":6},{"not_picked":["Dodge and Roll","Acrobatics","Outmaneuver"],"picked":"SKIP","floor":12},{"not_picked":["Reflex","Dagger Spray","Draining Mist"],"picked":"SKIP","floor":13},{"not_picked":["Hidden Blade","Corpse Explosion","ReplayTheSpireMod:Exploit Weakness"],"picked":"SKIP","floor":14},{"not_picked":["Backflip","Blade Dance"],"picked":"Choke","floor":15},{"not_picked":["Burst","Grand Finale"],"picked":"Glass Knife","floor":18},{"not_picked":["hubris:SlightOfHand+1","Dodge and Roll","Blade Dance"],"picked":"PiercingWail","floor":20},{"not_picked":["Underhanded Strike","Slice","Catalyst"],"picked":"Hidden Blade","floor":22},{"not_picked":["Outmaneuver+1","Concentrate","Sucker Punch"],"picked":"Atom Bomb","floor":23},{"not_picked":["Deadly Poison","Bane+1","Deadly Poison"],"picked":"Acrobatics","floor":24},{"not_picked":["Bane","Deadly Poison","Terror"],"picked":"Backflip","floor":27},{"not_picked":["Hidden Blade","Wraith Form v2","Backflip"],"picked":"Acrobatics+1","floor":30},{"not_picked":["Skewer+1","ReplayTheSpireMod:Scrap Shanks","Slice"],"picked":"Quick Slash","floor":31},{"not_picked":["Dagger Throw","Quick Slash","Backflip"],"picked":"Calculated Gamble+1","floor":35}],"player_experience":292669,"relics_obtained":[{"floor":6,"key":"infinitespire:Lucky Rock"},{"floor":9,"key":"hubris:DeckOfHolding"},{"floor":13,"key":"construct:RocketBooster"},{"floor":15,"key":"Bronze Scales"},{"floor":28,"key":"Spirit Poop"}],"event_choices":[{"damage_healed":0,"gold_gain":0,"player_choice":"Upgraded","damage_taken":0,"max_hp_gain":0,"max_hp_loss":0,"event_name":"Upgrade Shrine","floor":16,"gold_loss":0,"cards_upgraded":["Backstab"]}],"is_beta":false,"boss_relics":[{"not_picked":["Ectoplasm","White Beast Statue"],"picked":"Honey Jar"}],"items_purged_floors":[],"is_endless":false,"potions_floor_spawned":[4,5,6,12,18,20,22,24,30],"killed_by":"theJungle:QueenSpyder","ascension_level":0}