{"gold_per_floor":[118,128,145,163,16,16,41,41,67,96,96,128,128,143,143,247,247,262,280,280,293,121,148,148,23,23,23,38,38,138,163,163,266,266,279,289,308,357,21,21,37,37,37,49,49,63,92,15,15,15],"floor_reached":50,"playtime":7135,"items_purged":["Strike_G","Strike_G","Strike_G"],"score":608,"play_id":"0f3d6cbd-62e3-4934-9532-baa044379c23","local_time":"20190711171941","is_ascension_mode":true,"campfire_choices":[{"data":"Noxious Fumes","floor":6.0,"key":"SMITH"},{"data":"Flechettes","floor":11.0,"key":"SMITH"},{"data":"Crippling Poison","floor":13.0,"key":"SMITH"},{"floor":15.0,"key":"REST"},{"floor":24.0,"key":"REST"},{"data":"Accuracy","floor":27.0,"key":"SMITH"},{"data":"Night Terror","floor":29.0,"key":"SMITH"},{"floor":32.0,"key":"REST"},{"floor":40.0,"key":"REST"},{"floor":42.0,"key":"REST"},{"floor":45.0,"key":"REST"},{"floor":49.0,"key":"RECALL"}],"neow_cost":"TEN_PERCENT_HP_LOSS","seed_source_timestamp":0,"circlet_count":0,"master_deck":["Strike_G","Strike_G","Defend_G","Defend_G","Defend_G","Defend_G","Defend_G","Survivor","Neutralize","Infinite Blades","Cloak And Dagger","Blade Dance","Crippling Poison+1","Noxious Fumes+1","Noxious Fumes","Parasite","Flechettes+1","All Out Attack","Dodge and Roll","Night Terror+1","Catalyst+1","Backflip","Cloak And Dagger","Accuracy+1","Doppelganger","Deflect","Quick Slash+1","Envenom+1","Phantasmal Killer","Bane+1","Outmaneuver+1","Catalyst","Caltrops+1","Outmaneuver+1","Bane","Catalyst+1","Corpse Explosion","Regret","Deadly Poison","Outmaneuver+1","Terror","Dagger Throw+1","Infinite Blades+1"],"special_seed":0,"relics":["Ring of the Snake","Du-Vu Doll","Ancient Tea Set","Centennial Puzzle","Darkstone Periapt","Sozu","Ninja Scroll","Bag of Preparation","Prayer Wheel","Frozen Egg 2","Tingsha","Cursed Key","Girya","Torii","Dodecahedron","Regal Pillow"],"potions_floor_usage":[],"damage_taken":[{"damage":0.0,"enemies":"Cultist","floor":1.0,"turns":4.0},{"damage":0.0,"enemies":"Jaw Worm","floor":2.0,"turns":3.0},{"damage":1.0,"enemies":"2 Louse","floor":3.0,"turns":3.0},{"damage":4.0,"enemies":"Large Slime","floor":4.0,"turns":6.0},{"damage":22.0,"enemies":"Lagavulin","floor":7.0,"turns":8.0},{"damage":8.0,"enemies":"Gremlin Nob","floor":10.0,"turns":5.0},{"damage":7.0,"enemies":"3 Sentries","floor":12.0,"turns":5.0},{"damage":0.0,"enemies":"Lots of Slimes","floor":14.0,"turns":1.0},{"damage":16.0,"enemies":"Slime Boss","floor":16.0,"turns":8.0},{"damage":0.0,"enemies":"Chosen","floor":18.0,"turns":4.0},{"damage":6.0,"enemies":"Spheric Guardian","floor":19.0,"turns":3.0},{"damage":8.0,"enemies":"Snake Plant","floor":21.0,"turns":4.0},{"damage":28.0,"enemies":"Slavers","floor":23.0,"turns":4.0},{"damage":0.0,"enemies":"Chosen and Byrds","floor":28.0,"turns":4.0},{"damage":0.0,"enemies":"Colosseum Slavers","floor":30.0,"turns":2.0},{"damage":4.0,"enemies":"Colosseum Nobs","floor":30.0,"turns":4.0},{"damage":30.0,"enemies":"Book of Stabbing","floor":31.0,"turns":4.0},{"damage":20.0,"enemies":"Collector","floor":33.0,"turns":6.0},{"damage":0.0,"enemies":"3 Shapes","floor":35.0,"turns":3.0},{"damage":12.0,"enemies":"3 Darklings","floor":36.0,"turns":3.0},{"damage":0.0,"enemies":"Transient","floor":37.0,"turns":5.0},{"damage":49.0,"enemies":"2 Orb Walkers","floor":38.0,"turns":5.0},{"damage":11.0,"enemies":"Spire Growth","floor":41.0,"turns":3.0},{"damage":1.0,"enemies":"4 Shapes","floor":44.0,"turns":3.0},{"damage":1.0,"enemies":"Sphere and 2 Shapes","floor":46.0,"turns":4.0},{"damage":14.0,"enemies":"Giant Head","floor":47.0,"turns":5.0},{"damage":46,"enemies":"Time Eater","floor":50,"turns":4}],"seed_played":"3231783377623228971","potions_obtained":[{"floor":1.0,"key":"Ancient Potion"},{"floor":3.0,"key":"GamblersBrew"},{"floor":7.0,"key":"PowerPotion"},{"floor":14.0,"key":"Poison Potion"}],"is_trial":false,"path_per_floor":["M","M","M","M","$","R","E","?","T","E","R","E","R","M","R","B",null,"M","M","?","M","$","E","R","$","T","R","M","R","?","E","R","B",null,"M","M","M","?","$","R","M","R","T","M","R","M","E","$","R","B"],"character_chosen":"THE_SILENT","items_purchased":["Noxious Fumes","Accuracy","Torii","Bane","Infinite Blades+1"],"campfire_rested":6,"item_purchase_floors":[5,22,39,39,48],"current_hp_per_floor":[63,63,62,58,58,58,36,51,51,43,43,36,36,36,54,38,63,63,57,57,49,49,21,39,39,39,39,39,39,35,5,23,3,63,63,51,51,2,2,20,9,27,33,32,52,51,37,37,37,0],"gold":15,"neow_bonus":"ONE_RARE_RELIC","is_prod":false,"is_daily":false,"chose_seed":false,"campfire_upgraded":5,"win_rate":0,"timestamp":1562858381,"path_taken":["M","M","?","M","$","R","E","?","T","E","R","E","R","M","R","BOSS","M","M","?","M","$","E","R","$","T","R","?","R","?","E","R","BOSS","M","M","M","?","$","R","M","R","T","M","R","M","E","$","R","BOSS"],"build_version":"2019-07-05","purchased_purges":3,"victory":false,"max_hp_per_floor":[63,63,63,63,63,63,63,63,63,63,63,63,63,63,63,63,63,63,63,63,63,63,63,63,63,63,63,63,63,63,63,63,63,63,63,63,63,63,63,63,63,63,69,69,69,69,69,69,69,69],"card_choices":[{"not_picked":["Distraction","Accuracy"],"picked":"Infinite Blades","floor":1.0},{"not_picked":["Poisoned Stab","Prepared"],"picked":"Cloak And Dagger","floor":2.0},{"not_picked":["Adrenaline","Leg Sweep"],"picked":"Blade Dance","floor":3.0},{"not_picked":["Skewer","Bane"],"picked":"Crippling Poison","floor":4.0},{"not_picked":["Poisoned Stab","Slice"],"picked":"Noxious Fumes","floor":7.0},{"not_picked":["Deflect","Calculated Gamble"],"picked":"Flechettes","floor":10.0},{"not_picked":["Predator","Slice"],"picked":"All Out Attack","floor":12.0},{"not_picked":["Quick Slash","Poisoned Stab"],"picked":"Dodge and Roll","floor":14.0},{"not_picked":["A Thousand Cuts","Adrenaline"],"picked":"Night Terror","floor":16.0},{"not_picked":["Quick Slash","Underhanded Strike"],"picked":"Catalyst+1","floor":18.0},{"not_picked":["Tactician","Flechettes"],"picked":"Backflip","floor":19.0},{"not_picked":["Masterful Stab","Underhanded Strike+1"],"picked":"Cloak And Dagger","floor":21.0},{"not_picked":["Tactician","Distraction"],"picked":"Doppelganger","floor":23.0},{"not_picked":["Eviscerate","Sucker Punch"],"picked":"Deflect","floor":28.0},{"not_picked":["Dagger Spray","Backflip"],"picked":"Quick Slash+1","floor":30.0},{"not_picked":["Eviscerate","Dodge and Roll+1"],"picked":"Envenom+1","floor":31.0},{"not_picked":["Adrenaline","Die Die Die"],"picked":"Phantasmal Killer","floor":33.0},{"not_picked":["Outmaneuver","Cloak And Dagger+1"],"picked":"Bane+1","floor":35.0},{"not_picked":["Backflip","Dodge and Roll"],"picked":"Outmaneuver+1","floor":35.0},{"not_picked":["PiercingWail+1","Acrobatics"],"picked":"Catalyst","floor":36.0},{"not_picked":["Poisoned Stab","Eviscerate","Dash"],"picked":"SKIP","floor":36.0},{"not_picked":["Backflip+1","Blade Dance"],"picked":"Caltrops+1","floor":37.0},{"not_picked":["Outmaneuver+1","Skewer","Deflect"],"picked":"SKIP","floor":37.0},{"not_picked":["Cloak And Dagger","Choke+1"],"picked":"Outmaneuver+1","floor":38.0},{"not_picked":["Prepared+1","Poisoned Stab+1"],"picked":"Catalyst+1","floor":41.0},{"not_picked":["Calculated Gamble+1","Acrobatics+1"],"picked":"Corpse Explosion","floor":41.0},{"not_picked":["Dagger Throw","Backflip+1"],"picked":"Deadly Poison","floor":44.0},{"not_picked":["Masterful Stab+1","Dagger Spray"],"picked":"Outmaneuver+1","floor":44.0},{"not_picked":["Backflip","Flying Knee"],"picked":"Terror","floor":46.0},{"not_picked":["Leg Sweep+1","Deflect"],"picked":"Dagger Throw+1","floor":46.0},{"not_picked":["Slice+1","Crippling Poison","All Out Attack+1"],"picked":"SKIP","floor":47.0}],"player_experience":101664,"relics_obtained":[{"floor":7.0,"key":"Ancient Tea Set"},{"floor":10.0,"key":"Centennial Puzzle"},{"floor":12.0,"key":"Darkstone Periapt"},{"floor":23.0,"key":"Ninja Scroll"},{"floor":26.0,"key":"Bag of Preparation"},{"floor":30.0,"key":"Prayer Wheel"},{"floor":30.0,"key":"Frozen Egg 2"},{"floor":31.0,"key":"Tingsha"},{"floor":38.0,"key":"Girya"},{"floor":43.0,"key":"Dodecahedron"},{"floor":47.0,"key":"Regal Pillow"}],"event_choices":[{"damage_healed":15.0,"max_hp_gain":0.0,"max_hp_loss":0.0,"gold_gain":0.0,"event_name":"Mushrooms","player_choice":"Healed and dodged fight","floor":8.0,"gold_loss":0.0,"damage_taken":0.0,"cards_obtained":["Parasite"]},{"damage_healed":0.0,"max_hp_gain":0.0,"max_hp_loss":0.0,"gold_gain":0.0,"event_name":"Fountain of Cleansing","player_choice":"Ignored","floor":20.0,"gold_loss":0.0,"damage_taken":0.0},{"damage_healed":0.0,"max_hp_gain":0.0,"max_hp_loss":0.0,"gold_gain":0.0,"event_name":"Colosseum","player_choice":"Fight","floor":30.0,"gold_loss":0.0,"damage_taken":0.0},{"damage_healed":0.0,"max_hp_gain":0.0,"max_hp_loss":0.0,"gold_gain":0.0,"event_name":"Colosseum","player_choice":"Fought Nobs","floor":30.0,"gold_loss":0.0,"damage_taken":0.0},{"damage_healed":0.0,"max_hp_gain":0.0,"max_hp_loss":0.0,"gold_gain":0.0,"event_name":"Mysterious Sphere","player_choice":"Fight","floor":38.0,"gold_loss":0.0,"damage_taken":0.0}],"is_beta":false,"boss_relics":[{"not_picked":["Ring of the Serpent","Ectoplasm"],"picked":"Sozu"},{"not_picked":["Philosopher\u0027s Stone","Tiny House"],"picked":"Cursed Key"}],"items_purged_floors":[5,22,25],"is_endless":false,"potions_floor_spawned":[1,3,7,14,18,21,23,30,31,35,36,41],"killed_by":"Time Eater","ascension_level":1}