{"gold_per_floor":[314,314],"floor_reached":2,"playtime":192,"items_purged":[],"score":87,"play_id":"8ebbf299-6367-48fb-80e8-e588952b2b86","local_time":"20190522221835","daily_mods":["Draft","Hoarder","Terminal"],"is_ascension_mode":false,"campfire_choices":[],"neow_cost":"","seed_source_timestamp":0,"circlet_count":0,"master_deck":["DarkSpark","DarkSpark","DarkSpark","UnstableBomb","UnstableBomb","UnstableBomb","DoubleSpark","DoubleSpark","DoubleSpark","ShootingEcho","ShootingEcho","ShootingEcho","PulseMagic","PulseMagic","PulseMagic","PulseMagic","PulseMagic","PulseMagic","MagicChant","MagicChant","MagicChant","SporeBomb","SporeBomb","SporeBomb","OpenUniverse","OpenUniverse","OpenUniverse","FairyDestructionRay","FairyDestructionRay","FairyDestructionRay","WitchLeyline","WitchLeyline","WitchLeyline","DoubleSpark","DoubleSpark","DoubleSpark","StarBarrage","StarBarrage","StarBarrage","Orbital","Orbital","Orbital","OrrerysSun","OrrerysSun","OrrerysSun","LuminesStrike","LuminesStrike","LuminesStrike"],"special_seed":18039,"relics":["MiniHakkero"],"potions_floor_usage":[],"damage_taken":[{"damage":10,"enemies":"Jaw Worm","floor":1,"turns":2}],"seed_played":"-1599869473394492483","potions_obtained":[],"is_trial":false,"path_per_floor":["M","?"],"character_chosen":"MARISA","items_purchased":[],"campfire_rested":0,"item_purchase_floors":[],"current_hp_per_floor":[64,46],"gold":314,"neow_bonus":"","is_prod":false,"is_daily":true,"chose_seed":false,"campfire_upgraded":0,"win_rate":0.0,"timestamp":1558577915,"path_taken":["M","?"],"build_version":"2019-01-23","purchased_purges":0,"victory":false,"max_hp_per_floor":[73,73],"card_choices":[{"not_picked":["DC","Robbery"],"picked":"DarkSpark","floor":0},{"not_picked":["DC","ManaConvection"],"picked":"UnstableBomb","floor":0},{"not_picked":["DragonMeteor","WitchOfGreed"],"picked":"DoubleSpark","floor":0},{"not_picked":["AsteroidBelt","WitchOfGreed"],"picked":"ShootingEcho","floor":0},{"not_picked":["SporeBomb","MilkyWay"],"picked":"PulseMagic","floor":0},{"not_picked":["GravityBeat","SporeBomb"],"picked":"PulseMagic","floor":0},{"not_picked":["EnergyRecoil","DoubleSpark"],"picked":"MagicChant","floor":0},{"not_picked":["StarlightTyphoon","SprinkleStarSeal"],"picked":"SporeBomb","floor":0},{"not_picked":["GravityBeat","EventHorizon"],"picked":"OpenUniverse","floor":0},{"not_picked":["EnergyRecoil","BlazeAway"],"picked":"FairyDestructionRay","floor":0},{"not_picked":["DC","ShootingEcho"],"picked":"WitchLeyline","floor":0},{"not_picked":["ManaConvection","ShootingEcho"],"picked":"DoubleSpark","floor":0},{"not_picked":["DoubleSpark","DC"],"picked":"StarBarrage","floor":0},{"not_picked":["SporeBomb","DoubleSpark"],"picked":"Orbital","floor":0},{"not_picked":["MachineGunSpark","UnstableBomb"],"picked":"OrrerysSun","floor":0},{"not_picked":["MysteriousBeam","SprinkleStarSeal"],"picked":"LuminesStrike","floor":1}],"player_experience":259219,"relics_obtained":[],"event_choices":[],"is_beta":false,"boss_relics":[],"items_purged_floors":[],"is_endless":false,"potions_floor_spawned":[],"ascension_level":0}