{"gold_per_floor":[113,113,1,1,20,46,46,72,96,96,169,169,182,182,182,256,256,267,267,267,14,31,61,61],"floor_reached":24,"playtime":983,"items_purged":["Decay","Strike_B"],"score":471,"play_id":"8830a742-72c4-42a4-9f15-0128b643aa80","local_time":"20190713221034","is_ascension_mode":true,"campfire_choices":[{"data":"Sunder","floor":7.0,"key":"SMITH"},{"data":"Rip and Tear","floor":10.0,"key":"SMITH"},{"data":"Genetic Algorithm","floor":12.0,"key":"SMITH"},{"data":"Defend_B","floor":15.0,"key":"SMITH"}],"neow_cost":"NONE","seed_source_timestamp":101576179199847,"circlet_count":0,"master_deck":["AscendersBane","Strike_B","Defend_B","Defend_B","Defend_B+1","Zap+1","Dualcast+1","Compile Driver+1","Genetic Algorithm+1","Sunder+1","Rip and Tear+1","Hyperbeam","Heatsinks+1","Recycle+1","Amplify+1","Ball Lightning+1","Ghostly","Ghostly","Ghostly","Ghostly","Ghostly","Leap"],"special_seed":0,"relics":["Coffee Dripper","Ancient Tea Set","Happy Flower","Vajra","Astrolabe","Strawberry","Sundial"],"potions_floor_usage":[],"damage_taken":[{"damage":1.0,"enemies":"Small Slimes","floor":1.0,"turns":3.0},{"damage":0.0,"enemies":"Cultist","floor":5.0,"turns":3.0},{"damage":30.0,"enemies":"Lagavulin","floor":6.0,"turns":7.0},{"damage":7.0,"enemies":"Gremlin Nob","floor":8.0,"turns":3.0},{"damage":0.0,"enemies":"Jaw Worm","floor":13.0,"turns":1.0},{"damage":0.0,"enemies":"Slime Boss","floor":16.0,"turns":6.0},{"damage":16.0,"enemies":"Shell Parasite","floor":18.0,"turns":5.0},{"damage":14.0,"enemies":"3 Byrds","floor":22.0,"turns":5.0},{"damage":20.0,"enemies":"Book of Stabbing","floor":23.0,"turns":6.0},{"damage":10,"enemies":"Shelled Parasite and Fungi","floor":24,"turns":1}],"seed_played":"-8476260022205346353","potions_obtained":[{"floor":6.0,"key":"GamblersBrew"},{"floor":8.0,"key":"AttackPotion"},{"floor":13.0,"key":"SpeedPotion"},{"floor":23.0,"key":"Strength Potion"}],"is_trial":false,"path_per_floor":["?","$","?","M","?","?","?","?"],"character_chosen":"DEFECT","items_purchased":["Genetic Algorithm","Strawberry"],"campfire_rested":0,"item_purchase_floors":[3,21],"current_hp_per_floor":[67,67,67,52,52,22,22,15,15,15,15,15,15,15,15,15,60,44,37,37,44,30,10,0],"gold":61,"neow_bonus":"BOSS_RELIC","is_prod":false,"is_daily":false,"chose_seed":false,"campfire_upgraded":4,"win_rate":0,"timestamp":1563045034,"path_taken":["M","?","?","?","?","E","R","E","T","R","?","R","M","?","R","BOSS","M","?","?","$","M","E","M"],"build_version":"2019-01-23","purchased_purges":2,"victory":false,"max_hp_per_floor":[75,75,75,75,75,75,75,75,75,75,75,75,75,75,75,75,75,75,37,37,44,44,44,44],"card_choices":[{"not_picked":["Redo","Storm"],"picked":"Compile Driver","floor":1.0},{"not_picked":["FTL","Redo"],"picked":"Sunder","floor":5.0},{"not_picked":["Scrape","Leap"],"picked":"Rip and Tear","floor":6.0},{"not_picked":["Blizzard","Beam Cell","Hologram"],"picked":"SKIP","floor":8.0},{"not_picked":["Sweeping Beam","Streamline","Rip and Tear"],"picked":"SKIP","floor":13.0},{"not_picked":["Creative AI","Core Surge"],"picked":"Hyperbeam","floor":16.0},{"not_picked":["Rebound","Coolheaded"],"picked":"Ball Lightning+1","floor":18.0},{"not_picked":["Coolheaded","Storm+1","Sweeping Beam"],"picked":"SKIP","floor":22.0},{"not_picked":["Go for the Eyes","Compile Driver"],"picked":"Leap","floor":23.0}],"player_experience":401686,"relics_obtained":[{"floor":6.0,"key":"Ancient Tea Set"},{"floor":8.0,"key":"Happy Flower"},{"floor":9.0,"key":"Vajra"},{"floor":23.0,"key":"Sundial"}],"event_choices":[{"damage_healed":0.0,"max_hp_gain":0.0,"max_hp_loss":0.0,"gold_gain":0.0,"event_name":"Wheel of Change","player_choice":"Cursed","floor":2.0,"gold_loss":0.0,"damage_taken":0.0,"cards_obtained":["Decay"]},{"damage_healed":0.0,"max_hp_gain":0.0,"max_hp_loss":0.0,"gold_gain":0.0,"event_name":"Shining Light","player_choice":"Entered Light","floor":4.0,"gold_loss":0.0,"damage_taken":15.0,"cards_upgraded":["Dualcast","Zap"]},{"damage_healed":0.0,"max_hp_gain":0.0,"max_hp_loss":0.0,"gold_gain":73.0,"event_name":"Golden Wing","player_choice":"Gained Gold","floor":11.0,"gold_loss":0.0,"damage_taken":0.0},{"damage_healed":0.0,"max_hp_gain":0.0,"max_hp_loss":0.0,"gold_gain":0.0,"event_name":"Accursed Blacksmith","player_choice":"Forge","floor":14.0,"gold_loss":0.0,"damage_taken":0.0,"cards_upgraded":["Compile Driver"]},{"damage_healed":0.0,"max_hp_gain":0.0,"max_hp_loss":38.0,"gold_gain":0.0,"event_name":"Ghosts","player_choice":"Became a Ghost","floor":19.0,"gold_loss":0.0,"damage_taken":0.0,"cards_obtained":["Ghostly","Ghostly","Ghostly","Ghostly","Ghostly"]},{"damage_healed":0.0,"max_hp_gain":0.0,"max_hp_loss":0.0,"gold_gain":0.0,"event_name":"Match and Keep!","player_choice":"0 cards matched","floor":20.0,"gold_loss":0.0,"damage_taken":0.0,"cards_obtained":[]}],"is_beta":false,"boss_relics":[{"not_picked":["Velvet Choker","Empty Cage"],"picked":"Astrolabe"}],"items_purged_floors":[3,21],"is_endless":false,"potions_floor_spawned":[6,8,13,23],"killed_by":"Shelled Parasite and Fungi","ascension_level":13}