{"gold_per_floor":[112,62,62,62,62,93,109,109,160,187,198,216,249,249,249,353,353,371,389,489,489,489,523,523,554,632,657,8,8,28,106,106,208,208,226,150,163,263,308,308,338,338,419,419,437,33,33,47,47,47],"floor_reached":51,"playtime":4376,"items_purged":["Strike_G","Defend_G"],"score":938,"play_id":"3034c73b-341e-4f97-8f93-2c63a393c080","local_time":"20190120192444","is_ascension_mode":true,"campfire_choices":[{"data":"Cloak And Dagger","floor":8.0,"key":"SMITH"},{"data":"Glass Knife","floor":15,"key":"SMITH"},{"floor":29,"key":"REST"},{"data":"Accuracy","floor":32,"key":"SMITH"},{"data":"Cloak And Dagger","floor":40,"key":"SMITH"},{"data":"Footwork","floor":42,"key":"SMITH"},{"data":"Neutralize","floor":44,"key":"SMITH"},{"data":"Blade Dance","floor":49,"key":"SMITH"}],"neow_cost":"NONE","seed_source_timestamp":0,"circlet_count":0,"master_deck":["Defend_G","Defend_G","Strike_G+1","Strike_G+1","Survivor","Neutralize+1","Infinite Blades","Calculated Gamble","Cloak And Dagger+1","Cloak And Dagger+1","PiercingWail","Sucker Punch","Glass Knife+1","Die Die Die","Malaise","Blade Dance+1","Blur","Footwork+1","Deflect","Accuracy+1","Mayhem+1","Blind","Slice+1","Backstab+1","Venomology","Envenom+1","Footwork+1","Infinite Blades+1","Noxious Fumes+1","Dark Shackles+1"],"special_seed":0,"relics":["Ring of the Snake","NeowsBlessing","Gremlin Horn","Bag of Marbles","Pear","Ancient Tea Set","Strawberry","WristBlade","Prayer Wheel","Ornamental Fan","Mummified Hand","Incense Burner","Letter Opener","Lantern","Frozen Egg 2","Bottled Lightning","Busted Crown","The Specimen","Torii","Dodecahedron","Toxic Egg 2","OrangePellets"],"potions_floor_usage":[19,20,23,23,25,33,38,39,48,50,50,50],"damage_taken":[{"damage":0.0,"enemies":"2 Louse","floor":1.0,"turns":1.0},{"damage":0.0,"enemies":"3 Sentries","floor":6.0,"turns":1.0},{"damage":0.0,"enemies":"Jaw Worm","floor":7.0,"turns":1.0},{"damage":10.0,"enemies":"Gremlin Nob","floor":10.0,"turns":4.0},{"damage":0.0,"enemies":"Cultist","floor":11.0,"turns":3.0},{"damage":1.0,"enemies":"Looter","floor":12.0,"turns":3.0},{"damage":5.0,"enemies":"Lagavulin","floor":13.0,"turns":6.0},{"damage":41,"enemies":"Hexaghost","floor":16,"turns":13},{"damage":0,"enemies":"3 Byrds","floor":18,"turns":4},{"damage":9,"enemies":"Spheric Guardian","floor":19,"turns":5},{"damage":5,"enemies":"Colosseum Slavers","floor":20,"turns":4},{"damage":4,"enemies":"Colosseum Nobs","floor":20,"turns":4},{"damage":24,"enemies":"Gremlin Leader","floor":23,"turns":9},{"damage":0,"enemies":"Slavers","floor":25,"turns":3},{"damage":10,"enemies":"Book of Stabbing","floor":27,"turns":8},{"damage":0,"enemies":"Snecko","floor":30,"turns":4},{"damage":0,"enemies":"Automaton","floor":33,"turns":8},{"damage":0,"enemies":"3 Darklings","floor":35,"turns":4},{"damage":0,"enemies":"Orb Walker","floor":37,"turns":2},{"damage":17,"enemies":"Mind Bloom Boss Battle","floor":38,"turns":6},{"damage":8,"enemies":"2 Orb Walkers","floor":39,"turns":5},{"damage":0,"enemies":"Giant Head","floor":41,"turns":8},{"damage":0,"enemies":"4 Shapes","floor":45,"turns":3},{"damage":1,"enemies":"Maw","floor":48,"turns":5},{"damage":6,"enemies":"Time Eater","floor":50,"turns":12}],"seed_played":"-1440309649428002528","potions_obtained":[{"floor":1.0,"key":"SkillPotion"},{"floor":10.0,"key":"SpeedPotion"},{"floor":11.0,"key":"SpeedPotion"},{"floor":16,"key":"Strength Potion"},{"floor":19,"key":"Fruit Juice"},{"floor":20,"key":"FearPotion"},{"floor":23,"key":"PowerPotion"},{"floor":25,"key":"Explosive Potion"},{"floor":35,"key":"SteroidPotion"},{"floor":38,"key":"GamblersBrew"},{"floor":41,"key":"PowerPotion"}],"is_trial":false,"path_per_floor":["M","?","$","?","?","E","M","R","T","E","M","M","E","?","R","B",null,"M","M","?","?","?","E","?","E","T","E","$","R","M","T","R","B",null,"M","$","M","?","?","R","E","R","T","R","M","$","?","M","R","B",null],"character_chosen":"THE_SILENT","items_purchased":["Accuracy","Frozen Egg 2","Mayhem+1","Blind","Envenom+1","OrangePellets","Dark Shackles+1"],"campfire_rested":1,"item_purchase_floors":[28,28,28,28,36,46,46],"current_hp_per_floor":[70,70,70,56,56,56,56,56,56,56,56,55,50,57,57,16,87,87,83,74,74,74,50,50,50,50,40,40,67,67,67,67,67,92,92,92,92,84,76,76,76,76,76,76,76,76,76,75,75,69],"gold":47,"neow_bonus":"THREE_ENEMY_KILL","is_prod":false,"is_daily":false,"chose_seed":false,"campfire_upgraded":7,"win_rate":0,"timestamp":1548030284,"path_taken":["M","?","$","?","?","E","M","R","T","E","M","M","E","?","R","BOSS","M","?","?","?","?","E","?","E","T","E","?","R","?","?","R","BOSS","M","$","M","?","?","R","E","R","T","R","M","$","?","M","R","BOSS"],"build_version":"2019-01-17v2","purchased_purges":2,"victory":true,"max_hp_per_floor":[70,70,70,70,70,70,70,70,70,80,80,80,80,87,87,87,87,87,92,92,92,92,92,92,92,92,92,92,92,92,92,92,92,92,92,92,92,92,92,92,92,92,92,92,92,92,92,92,92,92],"card_choices":[{"not_picked":["Deadly Poison","Masterful Stab"],"picked":"Infinite Blades","floor":1.0},{"not_picked":["Tactician","Dagger Throw"],"picked":"Cloak And Dagger","floor":6.0},{"not_picked":["Dagger Spray","Sucker Punch"],"picked":"Cloak And Dagger","floor":7.0},{"not_picked":["Calculated Gamble","Poisoned Stab"],"picked":"PiercingWail","floor":10.0},{"not_picked":["Acrobatics","Prepared"],"picked":"Sucker Punch","floor":11.0},{"not_picked":["Underhanded Strike","PiercingWail"],"picked":"Glass Knife","floor":12.0},{"not_picked":["Poisoned Stab","Underhanded Strike"],"picked":"Die Die Die","floor":13.0},{"not_picked":["Storm of Steel","Glass Knife"],"picked":"Malaise","floor":16},{"not_picked":["Deadly Poison","Calculated Gamble"],"picked":"Blade Dance","floor":18},{"not_picked":["Calculated Gamble","Outmaneuver"],"picked":"Blur","floor":19},{"not_picked":["Flying Knee+1","Bane"],"picked":"Deflect","floor":23},{"not_picked":["Underhanded Strike","Quick Slash","Sucker Punch"],"picked":"SKIP","floor":25},{"not_picked":["Flechettes","Bane","Malaise"],"picked":"SKIP","floor":27},{"not_picked":["Backflip","Outmaneuver"],"picked":"Slice+1","floor":30},{"not_picked":["Cloak And Dagger","Flying Knee"],"picked":"Backstab+1","floor":30},{"not_picked":["Unload","Die Die Die"],"picked":"Venomology","floor":33},{"not_picked":["PiercingWail+1"],"picked":"SKIP","floor":35},{"not_picked":["Acrobatics+1"],"picked":"SKIP","floor":35},{"not_picked":[],"picked":"Footwork+1","floor":37},{"not_picked":["Bane+1"],"picked":"SKIP","floor":37},{"not_picked":[],"picked":"Infinite Blades+1","floor":41},{"not_picked":[],"picked":"Noxious Fumes+1","floor":45},{"not_picked":["Cloak And Dagger+1"],"picked":"SKIP","floor":45},{"not_picked":["Underhanded Strike+1"],"picked":"SKIP","floor":48},{"not_picked":["Quick Slash+1"],"picked":"SKIP","floor":48}],"player_experience":79541,"relics_obtained":[{"floor":6.0,"key":"Gremlin Horn"},{"floor":9.0,"key":"Bag of Marbles"},{"floor":10.0,"key":"Pear"},{"floor":13.0,"key":"Ancient Tea Set"},{"floor":20,"key":"Prayer Wheel"},{"floor":20,"key":"Ornamental Fan"},{"floor":23,"key":"Mummified Hand"},{"floor":25,"key":"Incense Burner"},{"floor":26,"key":"Letter Opener"},{"floor":27,"key":"Lantern"},{"floor":31,"key":"Bottled Lightning"},{"floor":38,"key":"The Specimen"},{"floor":39,"key":"Torii"},{"floor":41,"key":"Dodecahedron"},{"floor":43,"key":"Toxic Egg 2"}],"event_choices":[{"cards_removed":["Strike_G"],"damage_healed":0.0,"max_hp_gain":0.0,"max_hp_loss":0.0,"gold_gain":0.0,"event_name":"The Cleric","player_choice":"Card Removal","floor":2.0,"gold_loss":50.0,"damage_taken":0.0},{"damage_healed":0.0,"max_hp_gain":0.0,"max_hp_loss":0.0,"gold_gain":0.0,"event_name":"Shining Light","player_choice":"Entered Light","floor":4.0,"gold_loss":0.0,"damage_taken":14.0,"cards_upgraded":["Strike_G","Strike_G"]},{"damage_healed":0.0,"max_hp_gain":0.0,"max_hp_loss":0.0,"gold_gain":0.0,"cards_transformed":["Strike_G"],"event_name":"Living Wall","player_choice":"Change","floor":5.0,"gold_loss":0.0,"damage_taken":0.0,"cards_obtained":["Calculated Gamble"]},{"damage_healed":0,"gold_gain":0,"player_choice":"Gave Potion","damage_taken":0,"relics_obtained":["Strawberry"],"max_hp_gain":0,"max_hp_loss":0,"event_name":"WeMeetAgain","floor":14,"gold_loss":0},{"damage_healed":0,"gold_gain":0,"player_choice":"Fight","damage_taken":0,"max_hp_gain":0,"max_hp_loss":0,"event_name":"Colosseum","floor":20,"gold_loss":0},{"damage_healed":0,"gold_gain":0,"player_choice":"Fought Nobs","damage_taken":0,"max_hp_gain":0,"max_hp_loss":0,"event_name":"Colosseum","floor":20,"gold_loss":0},{"cards_removed":["Defend_G"],"damage_healed":0,"gold_gain":0,"player_choice":"Elegance","damage_taken":0,"max_hp_gain":0,"max_hp_loss":0,"event_name":"Back to Basics","floor":21,"gold_loss":0},{"damage_healed":0,"gold_gain":0,"player_choice":"Read","damage_taken":0,"max_hp_gain":0,"max_hp_loss":0,"event_name":"The Library","floor":22,"gold_loss":0,"cards_obtained":["Footwork"]},{"damage_healed":0,"gold_gain":0,"player_choice":"Ignored","damage_taken":0,"max_hp_gain":0,"max_hp_loss":0,"event_name":"The Mausoleum","floor":24,"gold_loss":0},{"damage_healed":0,"gold_gain":0,"player_choice":"Fight","damage_taken":0,"max_hp_gain":0,"max_hp_loss":0,"event_name":"MindBloom","floor":38,"gold_loss":0},{"damage_healed":0,"gold_gain":0,"player_choice":"Fight","damage_taken":0,"max_hp_gain":0,"max_hp_loss":0,"event_name":"Mysterious Sphere","floor":39,"gold_loss":0},{"cards_removed":["Defend_G"],"damage_healed":0,"gold_gain":0,"player_choice":"Removed Skill","damage_taken":0,"max_hp_gain":0,"max_hp_loss":0,"event_name":"Falling","floor":47,"gold_loss":0}],"is_beta":false,"boss_relics":[{"not_picked":["Pandora\u0027s Box","Coffee Dripper"],"picked":"WristBlade"},{"not_picked":["Black Star","Lizard Tail"],"picked":"Busted Crown"}],"items_purged_floors":[28,46],"is_endless":false,"potions_floor_spawned":[1,10,11,16,19,20,23,25,35,38,41],"ascension_level":1}