{"gold_per_floor":[19,19,32,32,32,66,17,17,85,85,104,119,134,177,177,307,307,327,327,22,36,54,54,78,78,78,97,120,120,155,194,194,315,315,329,289,93,109,130,130,174,174,227,267,25,56,56,72,72,72,72,72,20,64,64],"floor_reached":56,"playtime":10661,"items_purged":[],"score":1290,"play_id":"983b82b9-4905-4a39-8be4-8049953bfa3c","local_time":"20190515174627","is_ascension_mode":false,"campfire_choices":[{"floor":8.0,"key":"REST"},{"floor":10.0,"key":"REST"},{"floor":15.0,"key":"REST"},{"data":"Creative AI","floor":23.0,"key":"SMITH"},{"data":"Chaos","floor":29.0,"key":"SMITH"},{"data":"Consume","floor":32.0,"key":"SMITH"},{"data":"Apotheosis","floor":40,"key":"SMITH"},{"floor":42,"key":"RECALL"},{"data":"Coolheaded","floor":49,"key":"SMITH"},{"data":"Consume","floor":52,"key":"SMITH"}],"neow_cost":"NO_GOLD","seed_source_timestamp":0,"circlet_count":0,"master_deck":["Zap","Dualcast","FTL","Rip and Tear","Chaos+1","Consume+1","Amplify","Coolheaded+1","Self Repair","Hologram","Force Field","Self Repair","Creative AI+1","Defragment+1","Leap","Force Field","Cold Snap","Loop+1","Coolheaded","Consume+1","Machine Learning+1","Buffer+1","Rebound","Loop+1","Go for the Eyes","Conserve Battery","Stack","Tempest","Conserve Battery+1","Apotheosis+1","Go for the Eyes+1","Chill+1","Hello World+1","Leap","Steam","Chaos+1","Chill+1","Chill+1"],"special_seed":0,"relics":["Cracked Core","WingedGreaves","Golden Idol","Matryoshka","Art of War","Pen Nib","Bronze Scales","Inserter","Bird Faced Urn","Omamori","Frozen Egg 2","Red Mask","Ginger","Pandora\u0027s Box","Unceasing Top","Regal Pillow","StoneCalendar","Lantern","Potion Belt","Oddly Smooth Stone"],"potions_floor_usage":[39,55,55,55,55],"damage_taken":[{"damage":2.0,"enemies":"Small Slimes","floor":1.0,"turns":2.0},{"damage":0.0,"enemies":"2 Louse","floor":3.0,"turns":2.0},{"damage":21.0,"enemies":"3 Sentries","floor":6.0,"turns":7.0},{"damage":6.0,"enemies":"Jaw Worm","floor":11.0,"turns":3.0},{"damage":5.0,"enemies":"Blue Slaver","floor":12.0,"turns":3.0},{"damage":21.0,"enemies":"Exordium Thugs","floor":13.0,"turns":4.0},{"damage":27.0,"enemies":"Gremlin Nob","floor":14.0,"turns":4.0},{"damage":36.0,"enemies":"Slime Boss","floor":16.0,"turns":13.0},{"damage":26.0,"enemies":"Shell Parasite","floor":18.0,"turns":8.0},{"damage":22.0,"enemies":"3 Byrds","floor":21.0,"turns":4.0},{"damage":77.0,"enemies":"Cultist and Chosen","floor":22.0,"turns":9.0},{"damage":24.0,"enemies":"Snake Plant","floor":24.0,"turns":6.0},{"damage":26.0,"enemies":"Colosseum Slavers","floor":25.0,"turns":7.0},{"damage":5.0,"enemies":"Centurion and Healer","floor":27.0,"turns":9.0},{"damage":44.0,"enemies":"Cultist and Chosen","floor":28.0,"turns":7.0},{"damage":48.0,"enemies":"Masked Bandits","floor":30.0,"turns":7.0},{"damage":51.0,"enemies":"Gremlin Leader","floor":31.0,"turns":11.0},{"damage":45.0,"enemies":"Automaton","floor":33.0,"turns":11.0},{"damage":53.0,"enemies":"3 Darklings","floor":35.0,"turns":11.0},{"damage":32.0,"enemies":"3 Shapes","floor":38.0,"turns":4.0},{"damage":0,"enemies":"Jaw Worm Horde","floor":39,"turns":5},{"damage":0,"enemies":"Nemesis","floor":41,"turns":9},{"damage":28,"enemies":"Reptomancer","floor":44,"turns":9},{"damage":0,"enemies":"Giant Head","floor":46,"turns":10},{"damage":9,"enemies":"Spire Growth","floor":48,"turns":9},{"damage":26,"enemies":"Time Eater","floor":50,"turns":10},{"damage":64,"enemies":"Shield and Spear","floor":54,"turns":9},{"damage":59,"enemies":"The Heart","floor":55,"turns":10}],"seed_played":"2475383162105268958","potions_obtained":[{"floor":3.0,"key":"Dexterity Potion"},{"floor":11.0,"key":"SneckoOil"},{"floor":12.0,"key":"FearPotion"},{"floor":13.0,"key":"LiquidBronze"},{"floor":19.0,"key":"FairyPotion"},{"floor":19.0,"key":"GamblersBrew"},{"floor":19.0,"key":"Weak Potion"},{"floor":24.0,"key":"Dexterity Potion"},{"floor":27.0,"key":"PowerPotion"},{"floor":35.0,"key":"PowerPotion"},{"floor":44,"key":"Dexterity Potion"},{"floor":46,"key":"Regen Potion"},{"floor":54,"key":"EssenceOfSteel"}],"is_trial":false,"path_per_floor":["?","?","T","$","M","?","M","M","?","?","?","$","$","M"],"character_chosen":"DEFECT","items_purchased":["Coolheaded","Bird Faced Urn","Apotheosis","Lantern","Leap","Steam","Strength Potion"],"campfire_rested":3,"item_purchase_floors":[7,20,37,45,45,45,53],"current_hp_per_floor":[73,55,55,37,37,16,16,38,38,60,54,56,42,22,44,36,75,75,75,75,75,22,22,40,44,44,73,75,75,67,64,64,59,75,64,64,64,47,75,75,75,75,75,67,67,75,75,75,75,75,75,75,75,48,24],"gold":64,"neow_bonus":"TRANSFORM_TWO_CARDS","is_prod":false,"is_daily":false,"chose_seed":false,"campfire_upgraded":6,"win_rate":0,"timestamp":1557931587,"path_taken":["M","?","M","?","?","E","?","R","T","R","?","M","M","E","R","BOSS","M","?","$","M","?","R","?","?","T","M","M","R","?","E","R","BOSS","M","?","$","M","M","R","E","R","T","E","?","E","?","?","R","BOSS","R","$","E","BOSS"],"build_version":"2019-01-23","purchased_purges":0,"victory":true,"max_hp_per_floor":[75,75,75,75,75,75,75,75,75,75,75,75,75,75,75,75,75,75,75,75,75,75,75,75,75,75,75,75,75,75,75,75,75,75,75,75,75,75,75,75,75,75,75,75,75,75,75,75,75,75,75,75,75,75,75],"card_choices":[{"not_picked":["Ball Lightning","Gash"],"picked":"Chaos","floor":1.0},{"not_picked":["Streamline","Sweeping Beam"],"picked":"Consume","floor":3.0},{"not_picked":["Auto Shields","Tempest"],"picked":"Amplify","floor":6.0},{"not_picked":["Doom and Gloom","Streamline"],"picked":"Self Repair","floor":11.0},{"not_picked":["Sweeping Beam","Stack"],"picked":"Hologram","floor":12.0},{"not_picked":["Compile Driver","Gash"],"picked":"Force Field","floor":13.0},{"not_picked":["Reinforced Body","Hologram"],"picked":"Self Repair","floor":14.0},{"not_picked":["Hyperbeam","Electrodynamics"],"picked":"Creative AI","floor":16.0},{"not_picked":["Hologram","Capacitor"],"picked":"Defragment","floor":18.0},{"not_picked":["Sweeping Beam","Steam"],"picked":"Leap","floor":21.0},{"not_picked":["Lockon","Rip and Tear"],"picked":"Force Field","floor":22.0},{"not_picked":["Go for the Eyes","Turbo"],"picked":"Cold Snap","floor":24.0},{"not_picked":["Gash","Cold Snap+1"],"picked":"Loop+1","floor":27.0},{"not_picked":["Streamline","Force Field"],"picked":"Coolheaded","floor":28.0},{"not_picked":["BootSequence","Sweeping Beam"],"picked":"Consume","floor":30.0},{"not_picked":["Sunder","Genetic Algorithm"],"picked":"Machine Learning+1","floor":31.0},{"not_picked":["Reboot","Echo Form+1"],"picked":"Buffer+1","floor":33.0},{"not_picked":["Turbo+1","Double Energy"],"picked":"Conserve Battery+1","floor":35.0},{"not_picked":["Ball Lightning","Redo"],"picked":"Go for the Eyes+1","floor":38.0},{"not_picked":["Ball Lightning+1","Rebound"],"picked":"Chill+1","floor":39},{"not_picked":["Heatsinks+1","Turbo+1"],"picked":"Hello World+1","floor":41},{"not_picked":["Core Surge","Auto Shields+1","Steam Power+1"],"picked":"SKIP","floor":44},{"not_picked":["Conserve Battery","Reinforced Body+1"],"picked":"Chaos+1","floor":46},{"not_picked":["Cold Snap","Coolheaded+1"],"picked":"Chill+1","floor":48},{"not_picked":["Barrage+1","Scrape"],"picked":"Chill+1","floor":54}],"player_experience":100666,"relics_obtained":[{"floor":5.0,"key":"Matryoshka"},{"floor":6.0,"key":"Art of War"},{"floor":9.0,"key":"Pen Nib"},{"floor":14.0,"key":"Bronze Scales"},{"floor":26.0,"key":"Omamori"},{"floor":26.0,"key":"Frozen Egg 2"},{"floor":30.0,"key":"Red Mask"},{"floor":31.0,"key":"Ginger"},{"floor":41,"key":"Unceasing Top"},{"floor":43,"key":"Regal Pillow"},{"floor":44,"key":"StoneCalendar"},{"floor":46,"key":"Potion Belt"},{"floor":54,"key":"Oddly Smooth Stone"}],"event_choices":[{"damage_healed":0.0,"max_hp_gain":0.0,"max_hp_loss":0.0,"gold_gain":0.0,"event_name":"Scrap Ooze","player_choice":"Success","floor":2.0,"gold_loss":0.0,"damage_taken":18.0,"relics_obtained":["WingedGreaves"]},{"damage_healed":0.0,"max_hp_gain":0.0,"max_hp_loss":0.0,"gold_gain":0.0,"event_name":"Golden Idol","player_choice":"Take Damage","floor":4.0,"gold_loss":0.0,"damage_taken":18.0,"relics_obtained":["Golden Idol"]},{"damage_healed":0.0,"max_hp_gain":0.0,"max_hp_loss":0.0,"gold_gain":0.0,"event_name":"Lab","player_choice":"Got Potions","floor":19.0,"gold_loss":0.0,"damage_taken":0.0},{"damage_healed":0.0,"max_hp_gain":0.0,"max_hp_loss":0.0,"gold_gain":0.0,"event_name":"Colosseum","player_choice":"Fight","floor":25.0,"gold_loss":0.0,"damage_taken":0.0},{"damage_healed":0.0,"max_hp_gain":0.0,"max_hp_loss":0.0,"gold_gain":0.0,"event_name":"Colosseum","player_choice":"Fled From Nobs","floor":25.0,"gold_loss":0.0,"damage_taken":0.0},{"damage_healed":0.0,"max_hp_gain":0.0,"max_hp_loss":0.0,"gold_gain":0.0,"event_name":"Masked Bandits","player_choice":"Fought Bandits","floor":30.0,"gold_loss":0.0,"damage_taken":0.0},{"damage_healed":0.0,"max_hp_gain":0.0,"max_hp_loss":0.0,"gold_gain":0.0,"event_name":"Designer","player_choice":"Upgrade","floor":36.0,"gold_loss":40.0,"damage_taken":0.0,"cards_upgraded":["Defragment"]}],"is_beta":false,"boss_relics":[{"not_picked":["Orrery","White Beast Statue"],"picked":"Inserter"},{"not_picked":["Astrolabe","Coffee Dripper"],"picked":"Pandora\u0027s Box"}],"items_purged_floors":[],"is_endless":false,"potions_floor_spawned":[3,11,12,13,21,24,25,27,35,44,46,54],"ascension_level":0}