{"gold_per_floor":[111,130,38,38,49,79,79,79,103,128,303,313,331,362,362,466,466,436,57,73,73,73,73,106,21,21,31,50,127,127,19,19,114,114,130,141,141,141,0,0,15,15,15,115,115,141,161,172,172,172],"floor_reached":51,"playtime":9472,"items_purged":["Doubt"],"score":713,"play_id":"4bab7e05-b944-4f9c-b6cd-06479ccfbc5a","local_time":"20190705180302","is_ascension_mode":false,"campfire_choices":[{"floor":7.0,"key":"REST"},{"floor":15.0,"key":"REST"},{"floor":23.0,"key":"REST"},{"data":"Bouncing Flask","floor":30.0,"key":"SMITH"},{"data":"Crippling Poison","floor":32.0,"key":"SMITH"},{"floor":40,"key":"REST"},{"data":"Apotheosis","floor":45,"key":"SMITH"},{"floor":49,"key":"REST"}],"neow_cost":"NONE","seed_source_timestamp":0,"circlet_count":0,"master_deck":["Strike_G+1","Strike_G+1","Strike_G+1","Strike_G+1","Strike_G+1","Defend_G+1","Defend_G+1","Defend_G+1","Defend_G+1","Defend_G+1","Survivor+1","Neutralize","Footwork","Footwork","Deflect","Well Laid Plans","Choke","Sucker Punch","Bouncing Flask+1","Dodge and Roll","Outmaneuver","Dodge and Roll","Glass Knife","Poisoned Stab+1","Deflect","Impatience","Finesse+1","Well Laid Plans","Masterful Stab+1","Backstab","Crippling Poison+1","Sucker Punch","Doppelganger","Deflect+1","Crippling Poison","Bouncing Flask","Escape Plan+1","Endless Agony","Dodge and Roll","Deadly Poison","Outmaneuver","Apotheosis+1","Footwork","Acrobatics+1","Escape Plan+1","Deadly Poison","Dagger Spray+1"],"special_seed":0,"relics":["Ring of the Snake","Lantern","Vajra","Juzu Bracelet","Snake Skull","Lizard Tail","Torii","Bottled Tornado","War Paint","Bottled Lightning","Pantograph","Orrery","Red Mask","Gambling Chip","Nunchaku","Regal Pillow"],"potions_floor_usage":[44,44,46,50],"damage_taken":[{"damage":1.0,"enemies":"Cultist","floor":1.0,"turns":4.0},{"damage":1.0,"enemies":"Jaw Worm","floor":2.0,"turns":6.0},{"damage":0.0,"enemies":"2 Louse","floor":5.0,"turns":4.0},{"damage":14.0,"enemies":"Lagavulin","floor":6.0,"turns":11.0},{"damage":13.0,"enemies":"Gremlin Nob","floor":10.0,"turns":5.0},{"damage":2.0,"enemies":"Large Slime","floor":12.0,"turns":8.0},{"damage":15.0,"enemies":"Gremlin Gang","floor":13.0,"turns":7.0},{"damage":13.0,"enemies":"Lagavulin","floor":14.0,"turns":7.0},{"damage":26.0,"enemies":"Hexaghost","floor":16.0,"turns":9.0},{"damage":6.0,"enemies":"2 Thieves","floor":18.0,"turns":5.0},{"damage":3.0,"enemies":"Chosen","floor":20.0,"turns":5.0},{"damage":2.0,"enemies":"Book of Stabbing","floor":24.0,"turns":7.0},{"damage":2.0,"enemies":"Sentry and Sphere","floor":27.0,"turns":7.0},{"damage":8.0,"enemies":"Snecko","floor":28.0,"turns":5.0},{"damage":37.0,"enemies":"Automaton","floor":33.0,"turns":11.0},{"damage":27.0,"enemies":"3 Darklings","floor":35.0,"turns":4.0},{"damage":1,"enemies":"Orb Walker","floor":36,"turns":3},{"damage":7,"enemies":"Spire Growth","floor":41,"turns":4},{"damage":0,"enemies":"Mind Bloom Boss Battle","floor":44,"turns":4},{"damage":4,"enemies":"Nemesis","floor":46,"turns":7},{"damage":3,"enemies":"Maw","floor":47,"turns":7},{"damage":15,"enemies":"Jaw Worm Horde","floor":48,"turns":6},{"damage":82,"enemies":"Donu and Deca","floor":50,"turns":14}],"seed_played":"9030809776140115839","potions_obtained":[{"floor":2.0,"key":"Poison Potion"},{"floor":14.0,"key":"Fruit Juice"},{"floor":16.0,"key":"GhostInAJar"},{"floor":20.0,"key":"Fire Potion"},{"floor":33.0,"key":"PowerPotion"},{"floor":35,"key":"FearPotion"},{"floor":41,"key":"Swift Potion"},{"floor":42,"key":"SteroidPotion"},{"floor":47,"key":"Regen Potion"}],"is_trial":false,"path_per_floor":["M","M","$","?","M","E","R","?","T","E","?","M","M","E","R","B",null,"M","$","M","?","?","R","E","?","T","M","M","T","R","$","R","B",null,"M","M","?","?","?","R","M","?","T","?","R","E","M","M","R","B",null],"character_chosen":"THE_SILENT","items_purchased":["Deflect","Well Laid Plans","Torii","Crippling Poison","Sucker Punch"],"campfire_rested":5,"item_purchase_floors":[3,3,19,31,31],"current_hp_per_floor":[76,75,75,80,80,66,82,82,82,69,69,67,52,39,63,42,87,81,81,78,54,54,80,78,78,78,76,68,68,68,68,68,50,87,60,59,59,59,59,85,78,78,78,87,87,83,80,65,87,20],"gold":172,"neow_bonus":"TEN_PERCENT_HP_BONUS","is_prod":false,"is_daily":false,"chose_seed":false,"campfire_upgraded":3,"win_rate":0.0,"timestamp":1562342582,"path_taken":["M","M","$","?","M","E","R","?","T","E","?","M","M","E","R","BOSS","M","$","M","?","?","R","E","?","T","M","M","?","R","$","R","BOSS","M","M","?","?","?","R","M","?","T","?","R","E","M","M","R","BOSS"],"build_version":"2019-07-01","purchased_purges":1,"victory":true,"max_hp_per_floor":[77,77,77,82,82,82,82,82,82,82,82,82,82,82,82,87,87,87,87,87,87,87,87,87,87,87,87,87,87,87,87,87,87,87,87,87,87,87,87,87,87,87,87,87,87,87,87,87,87,87],"card_choices":[{"not_picked":["Acrobatics","Endless Agony"],"picked":"Footwork","floor":1.0},{"not_picked":["Backflip","Acrobatics"],"picked":"Footwork","floor":2.0},{"not_picked":["Acrobatics","Quick Slash"],"picked":"Choke","floor":5.0},{"not_picked":["Expertise","Underhanded Strike"],"picked":"Sucker Punch","floor":6.0},{"not_picked":["PiercingWail","Poisoned Stab"],"picked":"Bouncing Flask","floor":10.0},{"not_picked":["Terror","Predator"],"picked":"Dodge and Roll","floor":12.0},{"not_picked":["Escape Plan","Riddle With Holes"],"picked":"Outmaneuver","floor":13.0},{"not_picked":["Eviscerate","Predator"],"picked":"Dodge and Roll","floor":14.0},{"not_picked":["Unload","A Thousand Cuts"],"picked":"Glass Knife","floor":16.0},{"not_picked":["Acrobatics+1","Blade Dance"],"picked":"Poisoned Stab+1","floor":18.0},{"not_picked":["Backflip","Wraith Form v2"],"picked":"Deflect","floor":20.0},{"not_picked":["Expertise+1","Leg Sweep"],"picked":"Well Laid Plans","floor":24.0},{"not_picked":["PiercingWail","Underhanded Strike+1"],"picked":"Masterful Stab+1","floor":27.0},{"not_picked":["Reflex","Blur"],"picked":"Backstab","floor":28.0},{"not_picked":["Night Terror","Unload"],"picked":"Doppelganger","floor":33.0},{"not_picked":["Escape Plan+1","Underhanded Strike"],"picked":"Deflect+1","floor":34.0},{"not_picked":["Dodge and Roll","Quick Slash"],"picked":"Crippling Poison","floor":34.0},{"not_picked":["Caltrops","Outmaneuver"],"picked":"Bouncing Flask","floor":34.0},{"not_picked":["Blur","Poisoned Stab"],"picked":"Escape Plan+1","floor":34.0},{"not_picked":["Distraction","Underhanded Strike"],"picked":"Endless Agony","floor":34.0},{"not_picked":["Footwork","Reflex+1"],"picked":"Dodge and Roll","floor":35},{"not_picked":["Night Terror","Dodge and Roll"],"picked":"Deadly Poison","floor":36},{"not_picked":["Impatience","Good Instincts"],"picked":"Apotheosis","floor":38},{"not_picked":["Endless Agony","Dodge and Roll"],"picked":"Footwork","floor":41},{"not_picked":["Dagger Throw","Underhanded Strike"],"picked":"Acrobatics+1","floor":44},{"not_picked":["Underhanded Strike+1","Distraction"],"picked":"Escape Plan+1","floor":46},{"not_picked":["PiercingWail","Skewer"],"picked":"Deadly Poison","floor":47},{"not_picked":["Prepared","Reflex"],"picked":"Dagger Spray+1","floor":48}],"player_experience":7605,"relics_obtained":[{"floor":6.0,"key":"Lantern"},{"floor":9.0,"key":"Vajra"},{"floor":10.0,"key":"Juzu Bracelet"},{"floor":14.0,"key":"Snake Skull"},{"floor":24.0,"key":"Bottled Tornado"},{"floor":26.0,"key":"Bottled Lightning"},{"floor":29.0,"key":"Pantograph"},{"floor":43,"key":"Gambling Chip"},{"floor":44,"key":"Nunchaku"},{"floor":46,"key":"Regal Pillow"}],"event_choices":[{"damage_healed":0.0,"max_hp_gain":5.0,"max_hp_loss":0.0,"gold_gain":0.0,"event_name":"Big Fish","player_choice":"Donut","floor":4.0,"gold_loss":0.0,"damage_taken":0.0},{"damage_healed":0.0,"max_hp_gain":0.0,"max_hp_loss":0.0,"gold_gain":0.0,"event_name":"The Cleric","player_choice":"Leave","floor":8.0,"gold_loss":0.0,"damage_taken":0.0},{"damage_healed":0.0,"max_hp_gain":0.0,"max_hp_loss":0.0,"gold_gain":175.0,"event_name":"Liars Game","player_choice":"AGREE","floor":11.0,"gold_loss":0.0,"damage_taken":0.0,"cards_obtained":["Doubt"]},{"damage_healed":0.0,"max_hp_gain":0.0,"max_hp_loss":0.0,"gold_gain":0.0,"event_name":"Knowing Skull","player_choice":"CARD CARD ","floor":21.0,"potions_obtained":[],"gold_loss":0.0,"damage_taken":24.0,"cards_obtained":["Impatience","Finesse"]},{"damage_healed":0.0,"max_hp_gain":0.0,"max_hp_loss":0.0,"gold_gain":0.0,"event_name":"Back to Basics","player_choice":"Simplicity","floor":22.0,"gold_loss":0.0,"damage_taken":0.0,"cards_upgraded":["Strike_G","Strike_G","Strike_G","Strike_G","Strike_G","Defend_G","Defend_G","Defend_G","Defend_G","Defend_G"]},{"damage_healed":0.0,"max_hp_gain":0.0,"max_hp_loss":0.0,"gold_gain":0.0,"event_name":"Addict","player_choice":"Obtained Relic","floor":25.0,"gold_loss":85.0,"damage_taken":0.0,"relics_obtained":["War Paint"]},{"damage_healed":0,"gold_gain":0,"player_choice":"Copied","damage_taken":0,"max_hp_gain":0,"max_hp_loss":0,"event_name":"Duplicator","floor":37,"gold_loss":0,"cards_obtained":["Outmaneuver"]},{"damage_healed":0,"gold_gain":0,"player_choice":"Memory 1","damage_taken":0,"max_hp_gain":0,"max_hp_loss":0,"event_name":"SensoryStone","floor":38,"gold_loss":0},{"damage_healed":0,"gold_gain":0,"player_choice":"Paid","damage_taken":0,"relics_obtained":["Red Mask"],"max_hp_gain":0,"max_hp_loss":0,"event_name":"Tomb of Lord Red Mask","floor":39,"gold_loss":141},{"damage_healed":0,"gold_gain":0,"player_choice":"Got Potions","damage_taken":0,"max_hp_gain":0,"max_hp_loss":0,"event_name":"Lab","floor":42,"gold_loss":0},{"damage_healed":0,"gold_gain":0,"player_choice":"Fight","damage_taken":0,"max_hp_gain":0,"max_hp_loss":0,"event_name":"MindBloom","floor":44,"gold_loss":0}],"is_beta":false,"boss_relics":[{"not_picked":["Runic Dome","HoveringKite"],"picked":"Lizard Tail"},{"not_picked":["Snecko Eye","Empty Cage"],"picked":"Orrery"}],"items_purged_floors":[19],"is_endless":false,"potions_floor_spawned":[2,14,16,20,33,35,41,47],"ascension_level":0}