{"gold_per_floor":[119,294,0,16,16,47,47,23,49,79,79,93,109,149,149,272,272,290,139,139,164,179,215,215,5,5,5,104,104],"floor_reached":29,"playtime":2177,"items_purged":["Doubt"],"score":274,"play_id":"54273e49-40ca-4292-b674-487e923427af","local_time":"20190505195407","is_ascension_mode":false,"campfire_choices":[{"data":"Defragment","floor":11,"key":"SMITH"},{"data":"Storm","floor":15,"key":"SMITH"},{"data":"Self Repair","floor":24,"key":"SMITH"},{"data":"Capacitor","floor":27,"key":"SMITH"}],"neow_cost":"NONE","seed_source_timestamp":2140887009673748,"circlet_count":0,"master_deck":["Strike_B","Strike_B","Strike_B","Strike_B","Defend_B","Defend_B","Defend_B","Defend_B+1","Zap","Dualcast","Consume+1","Defragment+1","Chaos+1","Regret","Ball Lightning","Rebound","Storm+1","Ball Lightning","Ball Lightning","Multi-Cast+1","Ball Lightning","Self Repair+1","Redo+1","Go for the Eyes","Go for the Eyes","Capacitor+1","Self Repair","Apotheosis+1"],"relics":["Coffee Dripper","Toxic Egg 2","War Paint","Thread and Needle","Golden Idol","Happy Flower","Regal Pillow","Potion Belt","Runic Pyramid","Letter Opener","Darkstone Periapt"],"potions_floor_usage":[6,14,16,23,29],"damage_taken":[{"damage":0,"enemies":"Small Slimes","floor":1,"turns":2},{"damage":13,"enemies":"2 Louse","floor":4,"turns":3},{"damage":26,"enemies":"Lagavulin","floor":6,"turns":7},{"damage":2,"enemies":"Jaw Worm","floor":12,"turns":3},{"damage":5,"enemies":"3 Louse","floor":13,"turns":4},{"damage":10,"enemies":"Gremlin Nob","floor":14,"turns":3},{"damage":31,"enemies":"The Guardian","floor":16,"turns":6},{"damage":5,"enemies":"Spheric Guardian","floor":18,"turns":4},{"damage":14,"enemies":"Shell Parasite","floor":21,"turns":3},{"damage":1,"enemies":"Cultist and Chosen","floor":22,"turns":4},{"damage":73,"enemies":"Slavers","floor":23,"turns":5},{"damage":16,"enemies":"Shelled Parasite and Fungi","floor":29,"turns":3}],"seed_played":"-8611950939533105992","potions_obtained":[{"floor":1,"key":"AttackPotion"},{"floor":6,"key":"FearPotion"},{"floor":14,"key":"Regen Potion"},{"floor":18,"key":"Regen Potion"},{"floor":23,"key":"EssenceOfSteel"}],"is_trial":false,"path_per_floor":["M","?","$","M","?","E","?","$","T","?","R","M","M","E","R","B",null,"M","$","?","M","M","E","R","$","T","R","?","M"],"character_chosen":"DEFECT","items_purchased":["Toxic Egg 2","Defragment","Rebound","Self Repair","Self Repair","Apotheosis+1"],"campfire_rested":0,"item_purchase_floors":[3,3,8,19,25,25],"current_hp_per_floor":[75,75,75,62,62,36,36,36,36,36,36,34,29,19,19,3,69,64,64,64,57,63,9,9,9,9,9,9,0],"gold":104,"neow_bonus":"BOSS_RELIC","is_prod":false,"is_daily":false,"chose_seed":false,"campfire_upgraded":4,"win_rate":0.0,"timestamp":1557100447,"path_taken":["M","?","$","M","?","E","?","?","T","?","R","M","M","E","R","BOSS","M","$","?","M","M","E","R","$","T","R","?","M"],"build_version":"2019-01-23","purchased_purges":1,"victory":false,"max_hp_per_floor":[75,75,75,75,75,75,69,69,69,69,69,69,69,69,69,69,69,69,69,69,69,69,69,69,69,69,69,69,69],"card_choices":[{"not_picked":["Leap","Rip and Tear"],"picked":"Consume","floor":1},{"not_picked":["Beam Cell","Tempest+1"],"picked":"Chaos+1","floor":4},{"not_picked":["Go for the Eyes","FTL"],"picked":"Ball Lightning","floor":6},{"not_picked":["Conserve Battery+1","Compile Driver"],"picked":"Storm","floor":12},{"not_picked":["Chill+1","Coolheaded+1"],"picked":"Ball Lightning","floor":13},{"not_picked":["Force Field+1","Conserve Battery+1"],"picked":"Ball Lightning","floor":14},{"not_picked":["Biased Cognition","Thunder Strike"],"picked":"Multi-Cast+1","floor":16},{"not_picked":["Rebound","Coolheaded+1"],"picked":"Ball Lightning","floor":18},{"not_picked":["Stack+1","Doom and Gloom"],"picked":"Go for the Eyes","floor":21},{"not_picked":["Rip and Tear","Reinforced Body+1"],"picked":"Go for the Eyes","floor":22},{"not_picked":["Steam Power+1","Sweeping Beam"],"picked":"Capacitor","floor":23}],"player_experience":22650,"relics_obtained":[{"floor":6,"key":"Thread and Needle"},{"floor":9,"key":"Happy Flower"},{"floor":14,"key":"Potion Belt"},{"floor":23,"key":"Letter Opener"},{"floor":26,"key":"Darkstone Periapt"}],"event_choices":[{"damage_healed":0,"gold_gain":175,"player_choice":"AGREE","damage_taken":0,"max_hp_gain":0,"max_hp_loss":0,"event_name":"Liars Game","floor":2,"gold_loss":0,"cards_obtained":["Doubt"]},{"damage_healed":0,"gold_gain":0,"player_choice":"Box","damage_taken":0,"relics_obtained":["War Paint"],"max_hp_gain":0,"max_hp_loss":0,"event_name":"Big Fish","floor":5,"gold_loss":0,"cards_obtained":["Regret"]},{"damage_healed":0,"gold_gain":0,"player_choice":"Lose Max HP","damage_taken":0,"relics_obtained":["Golden Idol"],"max_hp_gain":0,"max_hp_loss":6,"event_name":"Golden Idol","floor":7,"gold_loss":0},{"damage_healed":0,"gold_gain":30,"player_choice":"Searched \u00272\u0027 times","damage_taken":0,"relics_obtained":["Regal Pillow"],"max_hp_gain":0,"max_hp_loss":0,"event_name":"Dead Adventurer","floor":10,"gold_loss":0},{"damage_healed":0,"gold_gain":0,"player_choice":"Read","damage_taken":0,"max_hp_gain":0,"max_hp_loss":0,"event_name":"The Library","floor":20,"gold_loss":0,"cards_obtained":["Redo"]},{"damage_healed":0,"gold_gain":99,"player_choice":"Stole From Cult","damage_taken":0,"max_hp_gain":0,"max_hp_loss":0,"event_name":"Nest","floor":28,"gold_loss":0}],"is_beta":false,"boss_relics":[{"not_picked":["Velvet Choker","Fusion Hammer"],"picked":"Runic Pyramid"}],"items_purged_floors":[19],"is_endless":false,"potions_floor_spawned":[1,6,14,18,23],"killed_by":"Shelled Parasite and Fungi","ascension_level":0}