{"gold_per_floor":[109,109,109,129,129,129,53,53,125,125,151,169,185,201,201,201],"floor_reached":16,"playtime":863,"items_purged":[],"score":100,"play_id":"22d4a62a-327a-46e5-82dd-dbd10a0a26b6","local_time":"20190506230103","is_ascension_mode":false,"campfire_choices":[{"data":"Conserve Battery","floor":6,"key":"SMITH"},{"floor":8,"key":"REST"},{"data":"Consume","floor":10,"key":"SMITH"},{"data":"Machine Learning","floor":15,"key":"SMITH"}],"neow_cost":"NONE","seed_source_timestamp":2239828098004960,"circlet_count":0,"master_deck":["Strike_B","Strike_B","Strike_B","Strike_B","Defend_B","Defend_B","Defend_B","Defend_B","Zap","Conserve Battery+1","Body Slam","Consume+1","Machine Learning+1","Turbo","Conserve Battery"],"relics":["Cracked Core","Letter Opener","Bag of Marbles"],"potions_floor_usage":[12,13,14,14,16],"damage_taken":[{"damage":11,"enemies":"Jaw Worm","floor":1,"turns":4},{"damage":10,"enemies":"Small Slimes","floor":4,"turns":2},{"damage":14,"enemies":"Gremlin Nob","floor":11,"turns":4},{"damage":9,"enemies":"Cultist","floor":12,"turns":4},{"damage":16,"enemies":"Gremlin Gang","floor":13,"turns":5},{"damage":2,"enemies":"Exordium Thugs","floor":14,"turns":4},{"damage":59,"enemies":"The Guardian","floor":16,"turns":10}],"seed_played":"-8849729162155679832","potions_obtained":[{"floor":0,"key":"Dexterity Potion"},{"floor":0,"key":"AttackPotion"},{"floor":0,"key":"Block Potion"},{"floor":12,"key":"Dexterity Potion"},{"floor":14,"key":"SkillPotion"}],"is_trial":false,"path_per_floor":["M","?","$","M","?","R","$","R","T","R","E","M","M","M","R","B"],"character_chosen":"DEFECT","items_purchased":["Consume"],"campfire_rested":1,"item_purchase_floors":[7],"current_hp_per_floor":[64,64,64,54,54,54,54,75,75,75,61,52,36,34,34,0],"gold":201,"neow_bonus":"THREE_SMALL_POTIONS","is_prod":false,"is_daily":false,"chose_seed":false,"campfire_upgraded":3,"win_rate":0.0,"timestamp":1557198063,"path_taken":["M","?","$","M","?","R","$","R","T","R","E","M","?","?","R","BOSS"],"build_version":"2019-01-23","purchased_purges":0,"victory":false,"max_hp_per_floor":[75,75,75,75,75,75,75,75,75,75,75,75,75,75,75,75],"card_choices":[{"not_picked":["Compile Driver","Rebound"],"picked":"Conserve Battery","floor":1},{"not_picked":["Stack","Compile Driver","Go for the Eyes"],"picked":"SKIP","floor":4},{"not_picked":["Cold Snap","Tempest"],"picked":"Machine Learning","floor":11},{"not_picked":["Blizzard","Sweeping Beam"],"picked":"Turbo","floor":12},{"not_picked":["Beam Cell","Darkness","Ball Lightning"],"picked":"SKIP","floor":13},{"not_picked":["Compile Driver","Lockon"],"picked":"Conserve Battery","floor":14}],"player_experience":63642,"relics_obtained":[{"floor":9,"key":"Letter Opener"},{"floor":11,"key":"Bag of Marbles"}],"event_choices":[{"damage_healed":0,"gold_gain":0,"player_choice":"Leave","damage_taken":0,"max_hp_gain":0,"max_hp_loss":0,"event_name":"The Cleric","floor":2,"gold_loss":0},{"cards_removed":["Dualcast"],"damage_healed":0,"gold_gain":0,"player_choice":"Took Card","damage_taken":0,"max_hp_gain":0,"max_hp_loss":0,"event_name":"NoteForYourself","floor":5,"gold_loss":0,"cards_obtained":["Body Slam"]}],"is_beta":false,"boss_relics":[],"items_purged_floors":[],"is_endless":false,"potions_floor_spawned":[1,4,12,14],"killed_by":"The Guardian","ascension_level":0}