{"gold_per_floor":[110,110,110,110,123,123,158,158,158,170,182,208,220,305,317,329],"floor_reached":16,"playtime":186,"items_purged":[],"score":138,"play_id":"4506b4c1-7b6e-4561-a55d-3af6abdd6849","local_time":"20190709222952","is_ascension_mode":true,"campfire_choices":[{"data":"Underhanded Strike","floor":6,"key":"SMITH"},{"data":"Poisoned Stab","floor":8,"key":"SMITH"},{"data":"Survivor","floor":13,"key":"SMITH"},{"data":"Caltrops","floor":15,"key":"SMITH"}],"neow_cost":"NONE","seed_source_timestamp":2336105890123956,"circlet_count":0,"master_deck":["Strike_G","Strike_G","Strike_G+1","Strike_G","Strike_G","Defend_G","Defend_G","Defend_G","Defend_G","Defend_G","Survivor+1","Neutralize+1","Underhanded Strike+1","Poisoned Stab+1","Riddle With Holes+1","Caltrops+1"],"relics":["Ring of the Snake","NeowsBlessing","Golden Idol","Mummified Hand","Pen Nib","MawBank","Molten Egg 2","Tiny Chest"],"potions_floor_usage":[],"damage_taken":[{"damage":0,"enemies":"2 Louse","floor":1,"turns":1},{"damage":0,"enemies":"Small Slimes","floor":5,"turns":1},{"damage":0,"enemies":"Gremlin Nob","floor":7,"turns":1},{"damage":0,"enemies":"Jaw Worm","floor":12,"turns":3},{"damage":27,"enemies":"Lagavulin","floor":14,"turns":6},{"damage":16,"enemies":"The Guardian","floor":16,"turns":4}],"seed_played":"-8761767186890980131","potions_obtained":[{"floor":7,"key":"Ancient Potion"},{"floor":12,"key":"Ancient Potion"}],"is_trial":false,"path_per_floor":["M","?","?","T","M","R","E","R","T","$","?","M","R","E","R","B"],"character_chosen":"THE_SILENT","items_purchased":[],"campfire_rested":0,"item_purchase_floors":[],"current_hp_per_floor":[70,53,39,39,39,39,39,39,39,39,39,39,39,12,12,0],"gold":329,"neow_bonus":"THREE_ENEMY_KILL","is_prod":false,"is_daily":false,"chose_seed":false,"campfire_upgraded":4,"win_rate":0,"timestamp":1562704192,"path_taken":["M","?","?","?","M","R","E","R","T","?","?","?","R","E","R","BOSS"],"build_version":"2019-07-05","purchased_purges":0,"victory":false,"max_hp_per_floor":[70,70,70,70,70,70,70,70,70,70,70,70,70,70,70,70],"card_choices":[{"not_picked":["PiercingWail","Prepared"],"picked":"Underhanded Strike","floor":1},{"not_picked":["Quick Slash","Flechettes","Underhanded Strike"],"picked":"SKIP","floor":5},{"not_picked":["Venomology","PiercingWail"],"picked":"Poisoned Stab","floor":7},{"not_picked":["Concentrate","Infinite Blades"],"picked":"Riddle With Holes+1","floor":12},{"not_picked":["Leg Sweep","Quick Slash+1"],"picked":"Caltrops","floor":14}],"player_experience":613800,"relics_obtained":[{"floor":4,"key":"Mummified Hand"},{"floor":7,"key":"Pen Nib"},{"floor":9,"key":"MawBank"},{"floor":14,"key":"Tiny Chest"}],"event_choices":[{"damage_healed":0,"gold_gain":0,"player_choice":"Take Damage","damage_taken":17,"relics_obtained":["Golden Idol"],"max_hp_gain":0,"max_hp_loss":0,"event_name":"Golden Idol","floor":2,"gold_loss":0},{"damage_healed":0,"gold_gain":0,"player_choice":"Entered Light","damage_taken":14,"max_hp_gain":0,"max_hp_loss":0,"event_name":"Shining Light","floor":3,"gold_loss":0,"cards_upgraded":["Strike_G","Neutralize"]},{"damage_healed":0,"gold_gain":0,"player_choice":"Gave Potion","damage_taken":0,"relics_obtained":["Molten Egg 2"],"max_hp_gain":0,"max_hp_loss":0,"event_name":"WeMeetAgain","floor":11,"gold_loss":0}],"is_beta":false,"boss_relics":[],"items_purged_floors":[],"is_endless":false,"potions_floor_spawned":[7,12],"killed_by":"The Guardian","ascension_level":1}