{"gold_per_floor":[110,185,202,202,3,3,39,39,66,109,109,128,196,270,270,394,394,408,63,83,101,116,116,141,141,168,168,168,184,184,205,205,325,325,350,6,26,26,26,57,57,57,57,70,93,114,130,153,153,153],"floor_reached":51,"playtime":1453,"items_purged":["Strike_B","Parasite"],"score":798,"play_id":"48fb9d50-daef-44dd-8cd1-1f1dd330d1c3","local_time":"20190709234914","is_ascension_mode":true,"campfire_choices":[{"data":"Sweeping Beam","floor":6.0,"key":"SMITH"},{"data":"Zap","floor":15.0,"key":"SMITH"},{"data":"Go for the Eyes","floor":23.0,"key":"SMITH"},{"data":"Glacier","floor":25.0,"key":"SMITH"},{"data":"Dualcast","floor":27.0,"key":"SMITH"},{"data":"Defragment","floor":32.0,"key":"SMITH"},{"floor":41,"key":"REST"},{"floor":49,"key":"REST"}],"neow_cost":"NONE","seed_source_timestamp":2339515637788546,"circlet_count":0,"master_deck":["Strike_B","Strike_B","Defend_B","Defend_B","Defend_B","Defend_B","Zap+1","Dualcast+1","Capacitor","Sweeping Beam+1","Ball Lightning","Lockon","All For One","Go for the Eyes","Go for the Eyes","Go for the Eyes+1","Rainbow","Hologram","Glacier+1","FTL+1","Rainbow","Defragment+1","Go for the Eyes","All For One","Beam Cell","Gash","Go for the Eyes","Reinforced Body+1","Beam Cell"],"special_seed":0,"relics":["Cracked Core","Golden Idol","Bronze Scales","Vajra","Ancient Tea Set","Oddly Smooth Stone","Cursed Key","Cables","Omamori","Nilry\u0027s Codex","Fusion Hammer","PreservedInsect","ClockworkSouvenir","Pear","Pantograph"],"potions_floor_usage":[40,48],"damage_taken":[{"damage":5.0,"enemies":"2 Louse","floor":1.0,"turns":2.0},{"damage":2.0,"enemies":"Jaw Worm","floor":3.0,"turns":4.0},{"damage":21.0,"enemies":"Lagavulin","floor":7.0,"turns":5.0},{"damage":12.0,"enemies":"3 Sentries","floor":10.0,"turns":4.0},{"damage":3.0,"enemies":"Small Slimes","floor":12.0,"turns":2.0},{"damage":18.0,"enemies":"Lagavulin Event","floor":13.0,"turns":4.0},{"damage":0.0,"enemies":"Slime Boss","floor":16.0,"turns":5.0},{"damage":2.0,"enemies":"Chosen","floor":18.0,"turns":4.0},{"damage":0.0,"enemies":"Spheric Guardian","floor":20.0,"turns":3.0},{"damage":10.0,"enemies":"Shelled Parasite and Fungi","floor":21.0,"turns":3.0},{"damage":12.0,"enemies":"Snake Plant","floor":22.0,"turns":3.0},{"damage":2.0,"enemies":"Snecko","floor":24.0,"turns":4.0},{"damage":0.0,"enemies":"Centurion and Healer","floor":29.0,"turns":5.0},{"damage":12.0,"enemies":"3 Cultists","floor":31.0,"turns":4.0},{"damage":1.0,"enemies":"Champ","floor":33.0,"turns":8.0},{"damage":0.0,"enemies":"Orb Walker","floor":35.0,"turns":2.0},{"damage":15.0,"enemies":"3 Darklings","floor":37.0,"turns":4.0},{"damage":1,"enemies":"Reptomancer","floor":40,"turns":4},{"damage":32,"enemies":"Jaw Worm Horde","floor":44,"turns":2},{"damage":0,"enemies":"Maw","floor":45,"turns":6},{"damage":5,"enemies":"Sphere and 2 Shapes","floor":46,"turns":3},{"damage":27,"enemies":"Writhing Mass","floor":47,"turns":4},{"damage":4,"enemies":"3 Darklings","floor":48,"turns":3},{"damage":48,"enemies":"Donu and Deca","floor":50,"turns":10}],"seed_played":"-2514321655398575532","potions_obtained":[{"floor":12.0,"key":"SteroidPotion"},{"floor":13.0,"key":"Strength Potion"},{"floor":16.0,"key":"SpeedPotion"},{"floor":20.0,"key":"LiquidBronze"},{"floor":22.0,"key":"Energy Potion"},{"floor":24.0,"key":"Block Potion"},{"floor":31.0,"key":"Strength Potion"},{"floor":35.0,"key":"SpeedPotion"},{"floor":46,"key":"SpeedPotion"},{"floor":47,"key":"Regen Potion"}],"is_trial":false,"path_per_floor":["M","?","M","?","$","R","E","$","T","E","?","M","?","?","R","B",null,"M","$","M","M","M","R","M","R","T","R","?","M","?","M","R","B",null,"M","$","M","?","$","E","R","?","T","M","M","M","M","M","R","B",null],"character_chosen":"DEFECT","items_purchased":["Ball Lightning","Lockon","Cables","PreservedInsect","ClockworkSouvenir"],"campfire_rested":2,"item_purchase_floors":[5,5,19,36,36],"current_hp_per_floor":[70,59,57,39,39,39,18,18,18,6,24,21,3,3,3,3,75,73,72,72,62,50,50,48,48,48,48,32,32,32,20,20,19,72,72,72,57,57,57,66,82,82,82,50,50,45,18,23,47,24],"gold":153,"neow_bonus":"REMOVE_CARD","is_prod":false,"is_daily":false,"chose_seed":false,"campfire_upgraded":6,"win_rate":0,"timestamp":1562708954,"path_taken":["M","?","M","?","?","R","E","$","T","E","?","?","?","?","R","BOSS","M","$","M","M","M","R","M","R","T","R","?","M","?","M","R","BOSS","M","$","M","?","?","E","R","?","T","M","M","M","M","M","R","BOSS"],"build_version":"2019-07-05","purchased_purges":2,"victory":true,"max_hp_per_floor":[75,75,75,75,75,75,75,75,75,75,75,75,75,75,75,75,75,75,72,72,72,72,72,72,72,72,72,72,72,72,72,72,72,72,72,72,72,72,72,82,82,82,82,82,82,82,82,82,82,82],"card_choices":[{"not_picked":["Turbo","Auto Shields"],"picked":"Capacitor","floor":1.0},{"not_picked":["Leap","Chill"],"picked":"Sweeping Beam","floor":3.0},{"not_picked":["Chill","Turbo"],"picked":"All For One","floor":7.0},{"not_picked":["Rip and Tear","Static Discharge"],"picked":"Go for the Eyes","floor":10.0},{"not_picked":["Streamline","Undo"],"picked":"Go for the Eyes","floor":12.0},{"not_picked":["Loop","Self Repair"],"picked":"Go for the Eyes","floor":13.0},{"not_picked":["Buffer","Amplify"],"picked":"Rainbow","floor":16.0},{"not_picked":["Streamline","Aggregate"],"picked":"Hologram","floor":18.0},{"not_picked":["Ball Lightning","Compile Driver","Sweeping Beam"],"picked":"SKIP","floor":20.0},{"not_picked":["Streamline","Compile Driver"],"picked":"Glacier","floor":21.0},{"not_picked":["Force Field","Coolheaded"],"picked":"FTL+1","floor":22.0},{"not_picked":["Double Energy+1","Aggregate"],"picked":"Rainbow","floor":24.0},{"not_picked":["Compile Driver","Beam Cell"],"picked":"Defragment","floor":29.0},{"not_picked":["Cold Snap","Auto Shields"],"picked":"Go for the Eyes","floor":31.0},{"not_picked":["Echo Form","Creative AI"],"picked":"All For One","floor":33.0},{"not_picked":["Stack+1","Ball Lightning+1"],"picked":"Beam Cell","floor":35.0},{"not_picked":["Ball Lightning","Conserve Battery"],"picked":"Gash","floor":37.0},{"not_picked":["Recycle","Amplify"],"picked":"Go for the Eyes","floor":40},{"not_picked":["Hologram","Go for the Eyes"],"picked":"Reinforced Body+1","floor":44},{"not_picked":["Heatsinks+1","Reprogram","Compile Driver+1"],"picked":"SKIP","floor":45},{"not_picked":["Stack+1","Streamline+1"],"picked":"Beam Cell","floor":46},{"not_picked":["Conserve Battery+1","Undo","Streamline+1"],"picked":"SKIP","floor":47},{"not_picked":["Steam+1","Heatsinks+1","Compile Driver+1"],"picked":"SKIP","floor":48}],"player_experience":615584,"relics_obtained":[{"floor":7.0,"key":"Bronze Scales"},{"floor":9.0,"key":"Vajra"},{"floor":10.0,"key":"Ancient Tea Set"},{"floor":13.0,"key":"Oddly Smooth Stone"},{"floor":26.0,"key":"Omamori"},{"floor":28.0,"key":"Nilry\u0027s Codex"},{"floor":40,"key":"Pear"},{"floor":43,"key":"Pantograph"}],"event_choices":[{"damage_healed":0.0,"max_hp_gain":0.0,"max_hp_loss":0.0,"gold_gain":75.0,"event_name":"World of Goop","player_choice":"Gather Gold","floor":2.0,"gold_loss":0.0,"damage_taken":11.0},{"damage_healed":0.0,"max_hp_gain":0.0,"max_hp_loss":0.0,"gold_gain":0.0,"event_name":"Golden Idol","player_choice":"Take Damage","floor":4.0,"gold_loss":0.0,"damage_taken":18.0,"relics_obtained":["Golden Idol"]},{"damage_healed":18.0,"max_hp_gain":0.0,"max_hp_loss":0.0,"gold_gain":0.0,"event_name":"Mushrooms","player_choice":"Healed and dodged fight","floor":11.0,"gold_loss":0.0,"damage_taken":0.0,"cards_obtained":["Parasite"]},{"damage_healed":0.0,"max_hp_gain":0.0,"max_hp_loss":0.0,"gold_gain":30.0,"event_name":"Dead Adventurer","player_choice":"Searched \u00272\u0027 times","floor":13.0,"gold_loss":0.0,"damage_taken":0.0},{"damage_healed":0.0,"max_hp_gain":0.0,"max_hp_loss":0.0,"gold_gain":74.0,"event_name":"Golden Wing","player_choice":"Gained Gold","floor":14.0,"gold_loss":0.0,"damage_taken":0.0},{"damage_healed":0.0,"max_hp_gain":0.0,"max_hp_loss":0.0,"gold_gain":0.0,"event_name":"Cursed Tome","player_choice":"Obtained Book","floor":28.0,"gold_loss":0.0,"damage_taken":16.0},{"damage_healed":0.0,"max_hp_gain":0.0,"max_hp_loss":0.0,"gold_gain":0.0,"event_name":"Vampires","player_choice":"Ignored","floor":30.0,"gold_loss":0.0,"damage_taken":0.0},{"damage_healed":0.0,"max_hp_gain":0.0,"max_hp_loss":0.0,"gold_gain":0.0,"event_name":"Match and Keep!","player_choice":"0 cards matched","floor":38.0,"gold_loss":0.0,"damage_taken":0.0,"cards_obtained":[]},{"cards_removed":["Shame"],"damage_healed":0,"gold_gain":0,"player_choice":"Purged","damage_taken":0,"max_hp_gain":0,"max_hp_loss":0,"event_name":"Purifier","floor":42,"gold_loss":0}],"is_beta":false,"boss_relics":[{"not_picked":["Calling Bell","Eternal Feather"],"picked":"Cursed Key"},{"not_picked":["Runic Dome","Tiny House"],"picked":"Fusion Hammer"}],"items_purged_floors":[5,19],"is_endless":false,"potions_floor_spawned":[12,13,16,20,22,24,31,35,46,47],"ascension_level":1}