{"gold_per_floor":[111,111,125,140,206,245,245,266,266,43,86,105,69,110,110,236,236,256,274,288,288,302,302],"floor_reached":23,"playtime":1821,"items_purged":["Zap"],"score":298,"play_id":"bea4c155-78d1-4f16-ae04-f3831ab769e1","local_time":"20190623070920","is_ascension_mode":true,"campfire_choices":[{"floor":7.0,"key":"REST"},{"floor":15.0,"key":"REST"}],"neow_cost":"TEN_PERCENT_HP_LOSS","seed_source_timestamp":120857909723537,"circlet_count":0,"master_deck":["Strike_B","Strike_B","Defend_B","Defend_B","Defend_B","Defend_B","Dualcast","Hyperbeam","Gash","FTL","Go for the Eyes","Steam","Core Surge","Gash","Beam Cell+1","Compile Driver","Scrape"],"special_seed":0,"relics":["Cracked Core","Golden Idol","Bag of Preparation","Oddly Smooth Stone","Orichalcum","Pear","Mummified Hand","Cursed Key"],"potions_floor_usage":[23],"damage_taken":[{"damage":7.0,"enemies":"Small Slimes","floor":1.0,"turns":2.0},{"damage":12.0,"enemies":"Jaw Worm","floor":3.0,"turns":2.0},{"damage":4.0,"enemies":"2 Louse","floor":4.0,"turns":2.0},{"damage":19.0,"enemies":"Lagavulin","floor":6.0,"turns":7.0},{"damage":0.0,"enemies":"Looter","floor":8.0,"turns":1.0},{"damage":26.0,"enemies":"Gremlin Nob","floor":11.0,"turns":4.0},{"damage":6.0,"enemies":"Exordium Wildlife","floor":12.0,"turns":2.0},{"damage":0.0,"enemies":"3 Sentries","floor":14.0,"turns":3.0},{"damage":30,"enemies":"The Guardian","floor":16,"turns":11},{"damage":0,"enemies":"Chosen","floor":18,"turns":4},{"damage":14,"enemies":"Shell Parasite","floor":19,"turns":5},{"damage":23,"enemies":"Centurion and Healer","floor":20,"turns":8},{"damage":12,"enemies":"Shelled Parasite and Fungi","floor":22,"turns":4},{"damage":20,"enemies":"Book of Stabbing","floor":23,"turns":3}],"seed_played":"4732818089477858140","potions_obtained":[{"floor":1.0,"key":"Strength Potion"},{"floor":4.0,"key":"Dexterity Potion"},{"floor":6.0,"key":"EssenceOfSteel"},{"floor":8.0,"key":"Fruit Juice"},{"floor":16,"key":"Energy Potion"},{"floor":19,"key":"Poison Potion"}],"is_trial":false,"path_per_floor":["?","?","?","?"],"character_chosen":"DEFECT","items_purchased":["Orichalcum"],"campfire_rested":2,"item_purchase_floors":[10],"current_hp_per_floor":[61,44,32,28,28,9,29,34,34,34,18,12,12,12,36,6,64,64,50,27,27,15,0],"gold":302,"neow_bonus":"THREE_RARE_CARDS","is_prod":false,"is_daily":false,"chose_seed":false,"campfire_upgraded":0,"win_rate":0,"timestamp":1561262960,"path_taken":["M","?","M","M","?","E","R","M","T","$","E","M","?","E","R","BOSS","M","M","M","?","M","E"],"build_version":"2019-01-23","purchased_purges":1,"victory":false,"max_hp_per_floor":[68,68,68,68,68,68,68,73,73,73,83,83,83,83,83,83,83,83,83,83,83,83,83],"card_choices":[{"not_picked":["Electrodynamics","Machine Learning"],"picked":"Hyperbeam","floor":0.0},{"not_picked":["White Noise","Rebound"],"picked":"Gash","floor":1.0},{"not_picked":["Static Discharge","FTL","Beam Cell"],"picked":"SKIP","floor":3.0},{"not_picked":["Redo","Leap","Beam Cell"],"picked":"SKIP","floor":4.0},{"not_picked":["Steam Power","Lockon","Defragment"],"picked":"SKIP","floor":6.0},{"not_picked":["Redo","Rip and Tear"],"picked":"FTL","floor":8.0},{"not_picked":["Barrage","Static Discharge"],"picked":"Go for the Eyes","floor":11.0},{"not_picked":["Cold Snap","Redo","Chill"],"picked":"SKIP","floor":12.0},{"not_picked":["Cold Snap","Chill"],"picked":"Steam","floor":14.0},{"not_picked":["Creative AI","Electrodynamics"],"picked":"Core Surge","floor":16},{"not_picked":["Compile Driver","Hello World","Steam"],"picked":"SKIP","floor":18},{"not_picked":["Loop","Conserve Battery"],"picked":"Gash","floor":19},{"not_picked":["Chill+1","Aggregate"],"picked":"Beam Cell+1","floor":20},{"not_picked":["Beam Cell","Coolheaded","Defragment+1"],"picked":"SKIP","floor":22}],"player_experience":202703,"relics_obtained":[{"floor":6.0,"key":"Bag of Preparation"},{"floor":9.0,"key":"Oddly Smooth Stone"},{"floor":11.0,"key":"Pear"},{"floor":14.0,"key":"Mummified Hand"}],"event_choices":[{"damage_healed":0.0,"max_hp_gain":0.0,"max_hp_loss":0.0,"gold_gain":0.0,"event_name":"Golden Idol","player_choice":"Take Damage","floor":2.0,"gold_loss":0.0,"damage_taken":17.0,"relics_obtained":["Golden Idol"]},{"damage_healed":0.0,"max_hp_gain":0.0,"max_hp_loss":0.0,"gold_gain":66.0,"event_name":"Golden Wing","player_choice":"Gained Gold","floor":5.0,"gold_loss":0.0,"damage_taken":0.0},{"damage_healed":0.0,"max_hp_gain":0.0,"max_hp_loss":0.0,"gold_gain":0.0,"event_name":"World of Goop","player_choice":"Left Gold","floor":13.0,"gold_loss":36.0,"damage_taken":0.0},{"damage_healed":0,"gold_gain":0,"cards_transformed":["Strike_B","Strike_B"],"player_choice":"Became Test Subject","damage_taken":0,"max_hp_gain":0,"max_hp_loss":0,"event_name":"Drug Dealer","floor":21,"gold_loss":0,"cards_obtained":["Compile Driver","Scrape"]}],"is_beta":false,"boss_relics":[{"not_picked":["Velvet Choker","Ectoplasm"],"picked":"Cursed Key"}],"items_purged_floors":[10],"is_endless":false,"potions_floor_spawned":[1,4,6,8,16,19],"killed_by":"Book of Stabbing","ascension_level":5}