{"gold_per_floor":[114,127,145,155,174,203,203,220,298,298,106,117,145,163,163,260,260,272,472,486,241,257,257,288,288],"floor_reached":25,"playtime":1988,"items_purged":["Strike_B","Strike_B"],"score":295,"play_id":"e3596706-ca58-46d8-806c-175b7d74e6af","local_time":"20190624150726","is_ascension_mode":true,"campfire_choices":[{"data":"Fusion","floor":7.0,"key":"SMITH"},{"floor":10.0,"key":"REST"},{"floor":15,"key":"REST"},{"floor":23,"key":"REST"}],"neow_cost":"NONE","seed_source_timestamp":235918941364203,"circlet_count":0,"master_deck":["Strike_B","Strike_B","Defend_B","Defend_B","Defend_B","Defend_B","Zap","Dualcast","Buffer","Go for the Eyes","Cold Snap","Fusion+1","Coolheaded","Capacitor","Sunder","Consume","Biased Cognition","Turbo+1","Consume+1","Sweeping Beam+1"],"special_seed":0,"relics":["Cracked Core","Letter Opener","Tiny Chest","Odd Mushroom","Inserter","Ancient Tea Set","Torii"],"potions_floor_usage":[16,24],"damage_taken":[{"damage":2.0,"enemies":"Jaw Worm","floor":1.0,"turns":4.0},{"damage":0.0,"enemies":"2 Louse","floor":2.0,"turns":2.0},{"damage":0.0,"enemies":"Cultist","floor":3.0,"turns":3.0},{"damage":0.0,"enemies":"Red Slaver","floor":4.0,"turns":3.0},{"damage":5.0,"enemies":"2 Fungi Beasts","floor":5.0,"turns":4.0},{"damage":18.0,"enemies":"Lagavulin","floor":6.0,"turns":8.0},{"damage":16.0,"enemies":"Exordium Thugs","floor":8.0,"turns":5.0},{"damage":13,"enemies":"Gremlin Gang","floor":12,"turns":6},{"damage":25,"enemies":"The Mushroom Lair","floor":13,"turns":3},{"damage":8,"enemies":"Exordium Wildlife","floor":14,"turns":7},{"damage":5,"enemies":"Hexaghost","floor":16,"turns":12},{"damage":9,"enemies":"Spheric Guardian","floor":18,"turns":5},{"damage":20,"enemies":"Shell Parasite","floor":20,"turns":10},{"damage":0,"enemies":"Snecko","floor":22,"turns":6},{"damage":25,"enemies":"Book of Stabbing","floor":24,"turns":9},{"damage":48,"enemies":"Chosen and Byrds","floor":25,"turns":4}],"seed_played":"6359798991203929981","potions_obtained":[{"floor":2.0,"key":"Swift Potion"},{"floor":5.0,"key":"Energy Potion"},{"floor":8.0,"key":"SneckoOil"},{"floor":12,"key":"GamblersBrew"},{"floor":14,"key":"LiquidBronze"}],"is_trial":false,"path_per_floor":["?","?"],"character_chosen":"DEFECT","items_purchased":["Capacitor","Sunder","Ancient Tea Set"],"campfire_rested":3,"item_purchase_floors":[11,11,21],"current_hp_per_floor":[66,66,66,66,61,43,43,27,27,49,49,36,11,3,25,20,61,52,52,32,32,32,54,29,0],"gold":288,"neow_bonus":"ONE_RANDOM_RARE_CARD","is_prod":false,"is_daily":false,"chose_seed":false,"campfire_upgraded":1,"win_rate":0,"timestamp":1561378046,"path_taken":["M","M","M","M","M","E","R","M","T","R","$","M","?","M","R","BOSS","M","?","M","$","M","R","E","M"],"build_version":"2019-01-23","purchased_purges":2,"victory":false,"max_hp_per_floor":[75,75,75,75,75,75,75,75,75,75,75,75,75,75,75,75,75,75,75,75,75,75,75,75,75],"card_choices":[{"not_picked":["Cold Snap","Rebound"],"picked":"Go for the Eyes","floor":1.0},{"not_picked":["Sweeping Beam","Go for the Eyes"],"picked":"Cold Snap","floor":2.0},{"not_picked":["Cold Snap","Go for the Eyes","Hologram"],"picked":"SKIP","floor":3.0},{"not_picked":["All For One","Redo","Go for the Eyes"],"picked":"SKIP","floor":4.0},{"not_picked":["Go for the Eyes","Conserve Battery"],"picked":"Fusion","floor":5.0},{"not_picked":["Cold Snap","Storm","Redo"],"picked":"SKIP","floor":6.0},{"not_picked":["Rebound","Streamline"],"picked":"Coolheaded","floor":8.0},{"not_picked":["Streamline","Chaos"],"picked":"Consume","floor":12},{"not_picked":["Undo","Hologram","Chaos"],"picked":"SKIP","floor":14},{"not_picked":["Electrodynamics","Seek"],"picked":"Biased Cognition","floor":16},{"not_picked":["Undo","Heatsinks"],"picked":"Turbo+1","floor":18},{"not_picked":["Scrape","Beam Cell+1"],"picked":"Consume+1","floor":20},{"not_picked":["Beam Cell","Lockon"],"picked":"Sweeping Beam+1","floor":22},{"not_picked":["Rebound","Barrage+1","Gash"],"picked":"SKIP","floor":24}],"player_experience":226313,"relics_obtained":[{"floor":6.0,"key":"Letter Opener"},{"floor":9.0,"key":"Tiny Chest"},{"floor":13,"key":"Odd Mushroom"},{"floor":24,"key":"Torii"}],"event_choices":[{"damage_healed":0,"gold_gain":0,"player_choice":"Fought Mushrooms","damage_taken":0,"max_hp_gain":0,"max_hp_loss":0,"event_name":"Mushrooms","floor":13,"gold_loss":0},{"damage_healed":0,"gold_gain":200,"player_choice":"Gold","damage_taken":0,"max_hp_gain":0,"max_hp_loss":0,"event_name":"Wheel of Change","floor":19,"gold_loss":0}],"is_beta":false,"boss_relics":[{"not_picked":["Astrolabe","Eternal Feather"],"picked":"Inserter"}],"items_purged_floors":[11,21],"is_endless":false,"potions_floor_spawned":[2,5,8,12,14],"killed_by":"Chosen and Byrds","ascension_level":6}