{"gold_per_floor":[109,125,140,152,152,187,187,220,244,273,273,323,96,112,112,112],"floor_reached":16,"playtime":504,"items_purged":["Strike_R"],"score":240,"play_id":"a9cf4def-18c3-4d78-afc3-d3734f011006","local_time":"20190715152254","is_ascension_mode":true,"campfire_choices":[{"floor":7,"key":"REST"},{"floor":11,"key":"REST"},{"data":"Armaments","floor":15,"key":"SMITH"}],"neow_cost":"NONE","seed_source_timestamp":287651864084441,"circlet_count":0,"master_deck":["AscendersBane","Strike_R","Strike_R","Strike_R","Defend_R","Defend_R","Defend_R","Defend_R","Bash","Sword Boomerang","Perfected Strike","Second Wind","Hemokinesis","Armaments+1","Wild Strike","Whirlwind","Offering"],"relics":["Burning Blood","Champion Belt","Ancient Tea Set","Regal Pillow","Juzu Bracelet"],"potions_floor_usage":[8,8,10],"damage_taken":[{"damage":1,"enemies":"Cultist","floor":1,"turns":3},{"damage":8,"enemies":"2 Louse","floor":2,"turns":2},{"damage":7,"enemies":"Small Slimes","floor":3,"turns":3},{"damage":20,"enemies":"Looter","floor":4,"turns":3},{"damage":41,"enemies":"3 Sentries","floor":6,"turns":8},{"damage":18,"enemies":"Lagavulin","floor":8,"turns":7},{"damage":35,"enemies":"Gremlin Nob","floor":10,"turns":4},{"damage":17,"enemies":"Exordium Wildlife","floor":14,"turns":4},{"damage":42,"enemies":"The Guardian","floor":16,"turns":12}],"seed_played":"-6805776914854030978","potions_obtained":[{"floor":2,"key":"Poison Potion"},{"floor":6,"key":"Block Potion"},{"floor":8,"key":"BloodPotion"}],"is_trial":false,"path_per_floor":["M","M","M","M","?","E","R","E","T","E","R","?","$","M","R","B"],"character_chosen":"IRONCLAD","items_purchased":["Whirlwind","Offering"],"campfire_rested":2,"item_purchase_floors":[13,13],"current_hp_per_floor":[73,71,70,56,56,21,43,31,31,20,57,50,50,39,39,0],"gold":112,"neow_bonus":"TRANSFORM_CARD","is_prod":false,"is_daily":false,"chose_seed":false,"campfire_upgraded":1,"win_rate":0,"timestamp":1563171774,"path_taken":["M","M","M","M","?","E","R","E","T","E","R","?","$","M","R","BOSS"],"build_version":"2019-07-05","purchased_purges":1,"victory":false,"max_hp_per_floor":[75,75,75,75,75,75,75,75,75,75,75,75,75,75,75,75],"card_choices":[{"not_picked":["Anger","Shrug It Off"],"picked":"Perfected Strike","floor":1},{"not_picked":["Dropkick","Warcry"],"picked":"Second Wind","floor":2},{"not_picked":["Sword Boomerang","Infernal Blade"],"picked":"Hemokinesis","floor":3},{"not_picked":["Warcry","Reckless Charge"],"picked":"Armaments","floor":4},{"not_picked":["Dropkick","Metallicize","Searing Blow"],"picked":"SKIP","floor":6},{"not_picked":["Havoc","Armaments"],"picked":"Wild Strike","floor":8},{"not_picked":["Body Slam","Double Tap","Iron Wave"],"picked":"SKIP","floor":10},{"not_picked":["Sword Boomerang","Uppercut","Twin Strike"],"picked":"SKIP","floor":14},{"not_picked":["Sword Boomerang","Uppercut","Twin Strike"],"picked":"SKIP","floor":14}],"player_experience":787386,"relics_obtained":[{"floor":6,"key":"Champion Belt"},{"floor":8,"key":"Ancient Tea Set"},{"floor":9,"key":"Regal Pillow"},{"floor":10,"key":"Juzu Bracelet"}],"event_choices":[{"damage_healed":0,"gold_gain":0,"player_choice":"Ignored","damage_taken":0,"max_hp_gain":0,"max_hp_loss":0,"event_name":"Liars Game","floor":5,"gold_loss":0},{"damage_healed":0,"gold_gain":50,"player_choice":"Touch","damage_taken":7,"max_hp_gain":0,"max_hp_loss":0,"event_name":"FaceTrader","floor":12,"gold_loss":0}],"is_beta":false,"boss_relics":[],"items_purged_floors":[13],"is_endless":false,"potions_floor_spawned":[2,6,8],"killed_by":"The Guardian","ascension_level":20}