{"gold_per_floor":[113,126,126,180,198,198,198,198,225,243,269,50,83,95,95,197,197,209,226,206,218,229,229,262,280,307,307,320,330,330,340,340,443,443,463,563,583,158,158,158],"floor_reached":40,"playtime":5981,"items_purged":["Strike_G"],"score":495,"play_id":"d65085e0-c730-4527-8957-91e28cf0108b","local_time":"20181227122236","is_ascension_mode":false,"campfire_choices":[{"data":"Sucker Punch","floor":6,"key":"SMITH"},{"data":"Dodge and Roll","floor":8,"key":"SMITH"},{"data":"Glass Knife","floor":15,"key":"SMITH"},{"floor":23,"key":"REST"},{"floor":27,"key":"REST"},{"floor":32,"key":"REST"}],"neow_cost":"NONE","seed_source_timestamp":79327556860069,"circlet_count":0,"master_deck":["Defend_G","Defend_G","Defend_G","Defend_G","Defend_G","Strike_G","Strike_G+1","Strike_G+1","Strike_G","Survivor","Neutralize","Sucker Punch+1","Dodge and Roll+1","Distraction","Crippling Poison","Distraction","Glass Knife+1","Terror","Flying Knee","Doppelganger","Noxious Fumes+1","Flechettes","Flying Knee","Flying Knee+1","Flying Knee+1","Choke+1","Deflect+1","Dagger Throw+1","Poisoned Stab","Blade Dance+1","PiercingWail","Skewer+1","Bouncing Flask","Backflip","Flying Knee","Blade Dance","Neutralize"],"relics":["Ring of the Serpent","NeowsBlessing","Blood Vial","FaceOfCleric","Whetstone","Bag of Marbles","Snake Skull","Happy Flower","Eternal Feather","Vajra","Potion Belt","Calipers","Strawberry"],"potions_floor_usage":[11,11,24,33],"damage_taken":[{"damage":0,"enemies":"2 Louse","floor":1,"turns":1},{"damage":0,"enemies":"Jaw Worm","floor":2,"turns":1},{"damage":0,"enemies":"Cultist","floor":5,"turns":1},{"damage":1,"enemies":"3 Louse","floor":10,"turns":5},{"damage":12,"enemies":"Lagavulin","floor":11,"turns":11},{"damage":3,"enemies":"3 Sentries","floor":13,"turns":8},{"damage":0,"enemies":"Red Slaver","floor":14,"turns":3},{"damage":18,"enemies":"Hexaghost","floor":16,"turns":11},{"damage":0,"enemies":"Shell Parasite","floor":18,"turns":5},{"damage":17,"enemies":"Chosen","floor":19,"turns":6},{"damage":26,"enemies":"3 Cultists","floor":21,"turns":6},{"damage":16,"enemies":"Shelled Parasite and Fungi","floor":22,"turns":6},{"damage":35,"enemies":"Gremlin Leader","floor":24,"turns":7},{"damage":3,"enemies":"Snake Plant","floor":25,"turns":3},{"damage":13,"enemies":"Chosen and Byrds","floor":28,"turns":5},{"damage":12,"enemies":"Cultist and Chosen","floor":29,"turns":5},{"damage":27,"enemies":"Centurion and Healer","floor":31,"turns":5},{"damage":67,"enemies":"Automaton","floor":33,"turns":11},{"damage":35,"enemies":"3 Darklings","floor":35,"turns":5},{"damage":24,"enemies":"Mind Bloom Boss Battle","floor":36,"turns":6},{"damage":20,"enemies":"3 Shapes","floor":37,"turns":5},{"damage":22,"enemies":"3 Darklings","floor":40,"turns":2}],"seed_played":"-948868995811678747","potions_obtained":[{"floor":2,"key":"Poison Potion"},{"floor":5,"key":"Block Potion"},{"floor":13,"key":"FearPotion"},{"floor":16,"key":"Weak Potion"},{"floor":20,"key":"SteroidPotion"},{"floor":24,"key":"FearPotion"},{"floor":25,"key":"AttackPotion"},{"floor":28,"key":"FearPotion"},{"floor":31,"key":"PowerPotion"},{"floor":33,"key":"Explosive Potion"},{"floor":36,"key":"Strength Potion"},{"floor":37,"key":"AttackPotion"}],"is_trial":false,"path_per_floor":["M","M","?","T","M","R","?","R","T","M","E","$","E","M","R","B",null,"M","M","?","M","M","R","E","M","T","R","M","M","?","M","R","B",null,"M","?","M","$","?","M"],"character_chosen":"THE_SILENT","items_purchased":["Glass Knife","Snake Skull","Dexterity Potion","Bouncing Flask","Backflip","Flying Knee","Strawberry"],"campfire_rested":3,"item_purchase_floors":[12,12,38,38,38,38,38],"current_hp_per_floor":[70,70,70,70,70,70,70,70,70,70,60,60,60,63,63,48,75,76,60,60,37,24,62,30,30,30,69,59,50,50,26,69,5,85,51,30,13,20,20,0],"gold":158,"neow_bonus":"THREE_ENEMY_KILL","is_prod":false,"is_daily":false,"chose_seed":false,"campfire_upgraded":3,"win_rate":0.0,"timestamp":1545931356,"path_taken":["M","M","?","?","M","R","?","R","T","?","E","$","E","M","R","BOSS","M","M","?","?","?","R","E","M","T","R","M","M","?","M","R","BOSS","M","?","M","$","?","M"],"build_version":"2018-12-20","purchased_purges":1,"victory":false,"max_hp_per_floor":[70,70,70,70,70,70,70,70,70,71,72,72,73,74,74,75,75,76,77,77,78,79,79,80,81,81,81,82,83,83,84,84,85,85,86,87,88,95,95,95],"card_choices":[{"not_picked":["Slice","Infinite Blades"],"picked":"Sucker Punch","floor":1},{"not_picked":["Sucker Punch","Backflip"],"picked":"Dodge and Roll","floor":2},{"not_picked":["Dagger Spray","Dagger Throw"],"picked":"Distraction","floor":5},{"not_picked":["Backflip","Escape Plan"],"picked":"Crippling Poison","floor":10},{"not_picked":["Choke","Blade Dance"],"picked":"Distraction","floor":11},{"not_picked":["Caltrops","Dash"],"picked":"Terror","floor":13},{"not_picked":["Slice","Tactician"],"picked":"Flying Knee","floor":14},{"not_picked":["Unload","Bullet Time"],"picked":"Doppelganger","floor":16},{"not_picked":["Outmaneuver","Caltrops"],"picked":"Noxious Fumes+1","floor":18},{"not_picked":["Acrobatics+1","Caltrops+1"],"picked":"Flechettes","floor":19},{"not_picked":["Infinite Blades","Dagger Throw"],"picked":"Flying Knee","floor":21},{"not_picked":["Predator","Noxious Fumes+1"],"picked":"Flying Knee+1","floor":22},{"not_picked":["Bullet Time","Prepared"],"picked":"Flying Knee+1","floor":24},{"not_picked":["Acrobatics","Leg Sweep"],"picked":"Choke+1","floor":25},{"not_picked":["Underhanded Strike","Blade Dance+1"],"picked":"Deflect+1","floor":28},{"not_picked":["Deflect","Well Laid Plans"],"picked":"Dagger Throw+1","floor":29},{"not_picked":["Acrobatics","Flying Knee"],"picked":"Poisoned Stab","floor":31},{"not_picked":["Slice+1","Flying Knee"],"picked":"Blade Dance+1","floor":35},{"not_picked":["Tactician+1","Underhanded Strike"],"picked":"PiercingWail","floor":36},{"not_picked":["Noxious Fumes+1","Distraction"],"picked":"Skewer+1","floor":37}],"player_experience":6560,"relics_obtained":[{"floor":4,"key":"Blood Vial"},{"floor":9,"key":"Whetstone"},{"floor":11,"key":"Bag of Marbles"},{"floor":13,"key":"Happy Flower"},{"floor":24,"key":"Vajra"},{"floor":26,"key":"Potion Belt"},{"floor":36,"key":"Calipers"}],"event_choices":[{"damage_healed":0,"gold_gain":0,"player_choice":"Ignored","damage_taken":0,"max_hp_gain":0,"max_hp_loss":0,"event_name":"Shining Light","floor":3,"gold_loss":0},{"damage_healed":0,"gold_gain":0,"player_choice":"Trade","damage_taken":0,"relics_obtained":["FaceOfCleric"],"max_hp_gain":0,"max_hp_loss":0,"event_name":"FaceTrader","floor":7,"gold_loss":0},{"damage_healed":0,"gold_gain":0,"player_choice":"Bought 1 Potion","damage_taken":0,"max_hp_gain":0,"max_hp_loss":0,"event_name":"The Woman in Blue","floor":20,"gold_loss":0},{"damage_healed":0,"gold_gain":0,"player_choice":"Ignored","damage_taken":0,"max_hp_gain":0,"max_hp_loss":0,"event_name":"Ghosts","floor":30,"gold_loss":0},{"damage_healed":0,"gold_gain":0,"player_choice":"Fight","damage_taken":0,"max_hp_gain":0,"max_hp_loss":0,"event_name":"MindBloom","floor":36,"gold_loss":0},{"damage_healed":0,"gold_gain":0,"player_choice":"2 cards matched","damage_taken":0,"max_hp_gain":0,"max_hp_loss":0,"event_name":"Match and Keep!","floor":39,"gold_loss":0,"cards_obtained":["Blade Dance","Neutralize"]}],"is_beta":false,"boss_relics":[{"not_picked":["Snecko Eye","Philosopher\u0027s Stone"],"picked":"Eternal Feather"},{"not_picked":["Tiny House","Busted Crown"],"picked":"Ring of the Serpent"}],"items_purged_floors":[38],"is_endless":false,"potions_floor_spawned":[2,5,13,16,24,25,28,31,33,36,37],"killed_by":"3 Darklings","ascension_level":0}