{"gold_per_floor":[119,69,69,89,107,107,138,138,185,197,209,235,15,15,15,145,145,159,159,173,73,88,88,123,123,180,200,220,220,220,240,240,369,369,394,394,519,539,872,872,886,156,156,175,175,194,10,10,10,10],"floor_reached":51,"playtime":2998,"items_purged":["Strike_G","Strike_G","Well Laid Plans"],"score":690,"play_id":"4dd677dc-4359-49a9-a47d-f77a5d52d35a","local_time":"20190708222053","is_ascension_mode":false,"campfire_choices":[{"data":"Envenom","floor":6,"key":"SMITH"},{"floor":8,"key":"REST"},{"floor":15,"key":"REST"},{"floor":23,"key":"REST"},{"floor":25,"key":"REST"},{"floor":32,"key":"REST"},{"floor":40,"key":"REST"},{"floor":45,"key":"REST"},{"floor":49,"key":"REST"}],"neow_cost":"NONE","seed_source_timestamp":117594771893799,"circlet_count":0,"master_deck":["Survivor","Neutralize","Envenom+1","Flying Knee","Flying Knee","Flying Knee","Bane","Quick Slash","After Image","Neutralize","Die Die Die","Dash","Tools of the Trade","Masterful Stab+1","Acrobatics+1","Distraction+1","Adrenaline","Endless Agony+1","Sucker Punch","Eviscerate","All Out Attack","Reflex","Dodge and Roll+1","Bane+1","Blade Dance+1","Deflect+1","Parasite","Finisher+1","Blade Dance+1","Master of Strategy+1","Finesse+1"],"relics":["Ring of the Snake","Bag of Preparation","MawBank","Fusion Hammer","Letter Opener","Happy Flower","Tiny Chest","Darkstone Periapt","Enchiridion","Pandora\u0027s Box","The Specimen","Shuriken","Toolbox","Regal Pillow","Toxic Egg 2"],"potions_floor_usage":[4,16,16,20,24,33,33,50],"damage_taken":[{"damage":7,"enemies":"Cultist","floor":1,"turns":5},{"damage":2,"enemies":"Small Slimes","floor":4,"turns":4},{"damage":0,"enemies":"2 Louse","floor":5,"turns":2},{"damage":16,"enemies":"Gremlin Nob","floor":7,"turns":4},{"damage":5,"enemies":"Looter","floor":12,"turns":3},{"damage":25,"enemies":"The Guardian","floor":16,"turns":10},{"damage":0,"enemies":"3 Byrds","floor":18,"turns":4},{"damage":8,"enemies":"Spheric Guardian","floor":20,"turns":4},{"damage":2,"enemies":"Chosen and Byrds","floor":22,"turns":5},{"damage":15,"enemies":"Slavers","floor":24,"turns":4},{"damage":13,"enemies":"Cultist and Chosen","floor":27,"turns":5},{"damage":1,"enemies":"Snake Plant","floor":28,"turns":4},{"damage":6,"enemies":"Snecko","floor":31,"turns":3},{"damage":9,"enemies":"Champ","floor":33,"turns":9},{"damage":8,"enemies":"Orb Walker","floor":35,"turns":3},{"damage":0,"enemies":"Mind Bloom Boss Battle","floor":37,"turns":2},{"damage":10,"enemies":"3 Darklings","floor":38,"turns":3},{"damage":0,"enemies":"Jaw Worm Horde","floor":41,"turns":3},{"damage":0,"enemies":"Writhing Mass","floor":44,"turns":4},{"damage":0,"enemies":"Maw","floor":46,"turns":4},{"damage":15,"enemies":"Donu and Deca","floor":50,"turns":6}],"seed_played":"-4117230961744036963","potions_obtained":[{"floor":1,"key":"EntropicBrew"},{"floor":5,"key":"GhostInAJar"},{"floor":16,"key":"SkillPotion"},{"floor":20,"key":"SpeedPotion"},{"floor":22,"key":"Strength Potion"},{"floor":33,"key":"FairyPotion"},{"floor":38,"key":"Energy Potion"}],"is_trial":false,"path_per_floor":["M","?","?","M","M","R","E","R","T","?","?","M","$","?","R","B",null,"M","?","M","$","M","R","E","R","T","M","M","T","?","M","R","B",null,"M","?","?","M","?","R","M","$","T","M","R","M","$","?","R","B",null],"character_chosen":"THE_SILENT","items_purchased":["After Image","Shuriken","Toolbox","Regal Pillow","Master of Strategy+1"],"campfire_rested":8,"item_purchase_floors":[13,42,42,42,47],"current_hp_per_floor":[63,63,63,61,61,61,45,66,66,59,42,37,37,37,58,33,70,70,70,62,62,60,70,55,70,70,57,56,56,40,34,55,46,70,62,62,62,52,52,70,70,70,70,76,76,76,76,76,76,61],"gold":10,"neow_bonus":"ONE_RANDOM_RARE_CARD","is_prod":false,"is_daily":false,"chose_seed":false,"campfire_upgraded":1,"win_rate":0,"timestamp":1562617253,"path_taken":["M","?","?","M","?","R","E","R","T","?","?","M","$","?","R","BOSS","M","?","M","$","?","R","E","R","T","?","M","?","?","M","R","BOSS","M","?","?","?","?","R","M","$","T","M","R","M","$","?","R","BOSS"],"build_version":"2019-07-05","purchased_purges":3,"victory":true,"max_hp_per_floor":[70,70,70,70,70,70,70,70,70,70,70,70,70,70,70,70,70,70,70,70,70,70,70,70,70,70,70,70,70,70,70,70,70,70,70,70,70,70,70,70,70,70,70,76,76,76,76,76,76,76],"card_choices":[{"not_picked":["Expertise","Quick Slash"],"picked":"Flying Knee","floor":1},{"not_picked":["Dodge and Roll","PiercingWail"],"picked":"Flying Knee","floor":4},{"not_picked":["PiercingWail","Infinite Blades"],"picked":"Flying Knee","floor":5},{"not_picked":["Doppelganger","Slice"],"picked":"Bane","floor":7},{"not_picked":["Deflect","Finisher"],"picked":"Quick Slash","floor":12},{"not_picked":["Corpse Explosion","Night Terror"],"picked":"Tools of the Trade","floor":16},{"not_picked":["Prepared","Outmaneuver","Acrobatics"],"picked":"SKIP","floor":18},{"not_picked":["Underhanded Strike","Terror"],"picked":"Masterful Stab+1","floor":20},{"not_picked":["Dagger Throw","Escape Plan+1"],"picked":"Acrobatics+1","floor":22},{"not_picked":["Acrobatics","Dagger Spray"],"picked":"Distraction+1","floor":24},{"not_picked":["Cloak And Dagger","Masterful Stab"],"picked":"Adrenaline","floor":27},{"not_picked":["Eviscerate","Calculated Gamble","Underhanded Strike"],"picked":"SKIP","floor":28},{"not_picked":["Deadly Poison","Well Laid Plans"],"picked":"Endless Agony+1","floor":31},{"not_picked":["Calculated Gamble+1","Terror"],"picked":"Dodge and Roll+1","floor":35},{"not_picked":["Tactician","PiercingWail"],"picked":"Bane+1","floor":37},{"not_picked":["Acrobatics","Poisoned Stab+1"],"picked":"Blade Dance+1","floor":38},{"not_picked":["Cloak And Dagger","Underhanded Strike"],"picked":"Deflect+1","floor":41},{"not_picked":["Calculated Gamble+1","Dagger Throw+1"],"picked":"Finisher+1","floor":44},{"not_picked":["Dagger Throw","Dagger Spray"],"picked":"Blade Dance+1","floor":46},{"not_picked":["Mind Blast","Forethought+1"],"picked":"Finesse+1","floor":48}],"player_experience":69254,"relics_obtained":[{"floor":7,"key":"Bag of Preparation"},{"floor":9,"key":"MawBank"},{"floor":19,"key":"Letter Opener"},{"floor":24,"key":"Happy Flower"},{"floor":26,"key":"Tiny Chest"},{"floor":29,"key":"Darkstone Periapt"},{"floor":30,"key":"Enchiridion"},{"floor":37,"key":"The Specimen"},{"floor":43,"key":"Toxic Egg 2"}],"event_choices":[{"cards_removed":["Strike_G"],"damage_healed":0,"gold_gain":0,"player_choice":"Card Removal","damage_taken":0,"max_hp_gain":0,"max_hp_loss":0,"event_name":"The Cleric","floor":2,"gold_loss":50},{"damage_healed":0,"gold_gain":0,"player_choice":"Bought 0 Potions","damage_taken":0,"max_hp_gain":0,"max_hp_loss":0,"event_name":"The Woman in Blue","floor":3,"gold_loss":0},{"cards_removed":["Strike_G"],"damage_healed":0,"gold_gain":0,"player_choice":"Card Removal","damage_taken":7,"max_hp_gain":0,"max_hp_loss":0,"event_name":"Golden Wing","floor":10,"gold_loss":0},{"damage_healed":0,"gold_gain":0,"player_choice":"Take Damage","damage_taken":17,"relics_obtained":["Golden Idol"],"max_hp_gain":0,"max_hp_loss":0,"event_name":"Golden Idol","floor":11,"gold_loss":0},{"damage_healed":0,"gold_gain":0,"player_choice":"3 cards matched","damage_taken":0,"max_hp_gain":0,"max_hp_loss":0,"event_name":"Match and Keep!","floor":14,"gold_loss":0,"cards_obtained":["Neutralize","Die Die Die","Dash"]},{"damage_healed":0,"gold_gain":0,"player_choice":"Relic","damage_taken":0,"max_hp_gain":0,"max_hp_loss":0,"event_name":"Wheel of Change","floor":19,"gold_loss":0},{"damage_healed":0,"gold_gain":0,"player_choice":"Obtained Book","damage_taken":16,"max_hp_gain":0,"max_hp_loss":0,"event_name":"Cursed Tome","floor":30,"gold_loss":0},{"cards_removed":["Expertise"],"damage_healed":0,"gold_gain":0,"player_choice":"Removed Skill","damage_taken":0,"max_hp_gain":0,"max_hp_loss":0,"event_name":"Falling","floor":36,"gold_loss":0},{"damage_healed":0,"gold_gain":0,"player_choice":"Fight","damage_taken":0,"max_hp_gain":0,"max_hp_loss":0,"event_name":"MindBloom","floor":37,"gold_loss":0},{"damage_healed":0,"gold_gain":333,"player_choice":"Gave Idol","damage_taken":0,"max_hp_gain":0,"max_hp_loss":0,"event_name":"The Moai Head","floor":39,"relics_lost":["Golden Idol"],"gold_loss":0},{"damage_healed":0,"gold_gain":0,"player_choice":"Memory 1","damage_taken":0,"max_hp_gain":0,"max_hp_loss":0,"event_name":"SensoryStone","floor":48,"gold_loss":0}],"is_beta":false,"boss_relics":[{"not_picked":["Tiny House","WristBlade"],"picked":"Fusion Hammer"},{"not_picked":["Runic Pyramid","Sozu"],"picked":"Pandora\u0027s Box"}],"items_purged_floors":[13,21,42],"is_endless":false,"potions_floor_spawned":[1,5,7,16,20,22,33,38],"ascension_level":0}