{"gold_per_floor":[114,64,239,254,230,260,275,275,350,365,380,258,336,366,366,466,466,481,2,17,32,47,47,47,146,196,211,226,226,256,34,34,134,134,149,249,258,82,112,127,157,172,286,286,301,1,119,119,119,119],"floor_reached":51,"playtime":4589,"items_purged":[],"score":812,"play_id":"2da48543-d4ca-420a-b075-cd447c779390","local_time":"20190515215147","daily_mods":["Allstar","ControlledChaos","DeadlyEvents"],"is_ascension_mode":false,"campfire_choices":[{"data":"Dramatic Entrance","floor":8,"key":"SMITH"},{"floor":15,"key":"REST"},{"data":"Slimebound:SuperSplit","floor":23,"key":"SMITH"},{"data":"Slimebound:SelfFormingGoo","floor":29,"key":"SMITH"},{"data":"Slimebound:GoopSpray","floor":32,"key":"SMITH"},{"data":"Slimebound:AcidTongue","floor":44,"key":"SMITH"},{"floor":49,"key":"REST"}],"neow_cost":"","seed_source_timestamp":0,"circlet_count":0,"master_deck":["Slimebound:Strike_Slimebound","Slimebound:Strike_Slimebound","Slimebound:Tackle","Slimebound:Defend_Slimebound","Slimebound:Defend_Slimebound","Slimebound:Defend_Slimebound+1","Slimebound:Defend_Slimebound","Slimebound:Split","Slimebound:CorrosiveSpit","Secret Technique","The Bomb","Master of Strategy","Dramatic Entrance+1","Slimebound:ItLooksTasty","Doubt","Slimebound:GoopSpray+1","Slimebound:GoopTackle","Slimebound:AcidGelatin","Slimebound:PoisonLick+1","Slimebound:SplitAcid","Slimebound:SuperSplit+1","Slimebound:Dissolve","Slimebound:Prepare","Slimebound:MassFeed","Slimebound:SelfFormingGoo+1","Slimebound:SlimeTap","Slimebound:GrowthPunch+1","Slimebound:Dissolve+1","Slimebound:PressTheAttack","Slimebound:Chomp","Slimebound:CheckThePlaybook","Slimebound:ProtectTheBoss+1","Slimebound:SplitLeeching+1","Slimebound:FinishingTackle+1","Sadistic Nature","Slimebound:CheckThePlaybook","Slimebound:Chomp","Slimebound:AcidGelatin+1","Slimebound:Grow","Slimebound:Gluttony","Slimebound:AcidTongue+1","Slimebound:SplitLeeching+1","Slimebound:ServeAndProtect+1","Slimebound:SamplingLick+1","Slimebound:LivingWall+1"],"special_seed":18032,"relics":["Slimebound:AbsorbEndCombat","Frozen Eye","hubris:Zylophone","infinitespire:WardingShard","Anchor","infinitespire:EmpoweringShard","hubris:ScarierMask","infinitespire:PuzzleCube","infinitespire:FocusingShard","Strawberry","Prayer Wheel","War Paint","hubris:Stopwatch","Incense Burner","Shovel","hubris:SlimyHat","Dream Catcher","hubris:CuriousFeather"],"potions_floor_usage":[6,11,14,30,30,33,39,47,47],"damage_taken":[{"damage":6,"enemies":"Cultist","floor":1,"turns":3},{"damage":6,"enemies":"Small Slimes","floor":4,"turns":3},{"damage":32,"enemies":"Lagavulin","floor":6,"turns":5},{"damage":3,"enemies":"2 Louse","floor":7,"turns":1},{"damage":3,"enemies":"2 Fungi Beasts","floor":10,"turns":2},{"damage":18,"enemies":"Large Slime","floor":11,"turns":3},{"damage":27,"enemies":"Gremlin Nob","floor":14,"turns":4},{"damage":56,"enemies":"Slime Boss","floor":16,"turns":7},{"damage":11,"enemies":"3 Byrds","floor":18,"turns":3},{"damage":38,"enemies":"Shell Parasite","floor":20,"turns":5},{"damage":30,"enemies":"Snake Plant","floor":21,"turns":4},{"damage":12,"enemies":"Cultist and Chosen","floor":22,"turns":4},{"damage":11,"enemies":"Centurion and Healer","floor":27,"turns":3},{"damage":15,"enemies":"Snecko","floor":28,"turns":4},{"damage":35,"enemies":"Book of Stabbing","floor":30,"turns":4},{"damage":72,"enemies":"Automaton","floor":33,"turns":7},{"damage":15,"enemies":"Orb Walker","floor":35,"turns":4},{"damage":43,"enemies":"Mind Bloom Boss Battle","floor":36,"turns":4},{"damage":29,"enemies":"2 Orb Walkers","floor":37,"turns":3},{"damage":49,"enemies":"Giant Head","floor":39,"turns":9},{"damage":19,"enemies":"3 Darklings","floor":40,"turns":4},{"damage":58,"enemies":"Reptomancer","floor":41,"turns":4},{"damage":15,"enemies":"4 Shapes","floor":42,"turns":2},{"damage":16,"enemies":"Jaw Worm Horde","floor":43,"turns":7},{"damage":11,"enemies":"Jaw Worm Horde","floor":45,"turns":2},{"damage":24,"enemies":"Transient","floor":47,"turns":5},{"damage":37,"enemies":"Time Eater","floor":50,"turns":10}],"seed_played":"-1426792424504152410","potions_obtained":[{"floor":4,"key":"Block Potion"},{"floor":10,"key":"SkillPotion"},{"floor":11,"key":"Regen Potion"},{"floor":22,"key":"Explosive Potion"},{"floor":27,"key":"SkillPotion"},{"floor":28,"key":"EssenceOfSteel"},{"floor":35,"key":"Slimebound:SlimedPotion"},{"floor":36,"key":"SpeedPotion"},{"floor":45,"key":"Dexterity Potion"},{"floor":47,"key":"Fire Potion"}],"is_trial":false,"path_per_floor":["M","?","?","M","$","E","M","R","T","M","M","$","?","E","R","B",null,"M","$","M","M","M","R","?","?","T","M","M","R","E","$","R","B",null,"M","?","?","$","E","M","E","M","MIM","R","M","$","M","?","R","B",null],"character_chosen":"SLIMEBOUND","items_purchased":["Slimebound:GoopTackle","Slimebound:Dissolve","Anchor","infinitespire:PuzzleCube","infinitespire:FocusingShard","Slimebound:SlimeTap","Slimebound:Chomp","War Paint","Sadistic Nature","hubris:CuriousFeather"],"campfire_rested":2,"item_purchase_floors":[5,12,12,19,19,19,31,31,38,46],"current_hp_per_floor":[70,70,70,70,70,57,57,57,57,57,51,51,51,51,70,32,70,65,65,55,42,48,48,35,35,42,47,59,59,56,56,56,41,88,88,57,49,49,50,61,35,23,42,42,54,54,56,56,83,79],"gold":119,"neow_bonus":"","is_prod":false,"is_daily":true,"chose_seed":false,"campfire_upgraded":5,"win_rate":0.0,"timestamp":1557971507,"path_taken":["M","?","?","M","$","E","M","R","T","?","M","$","?","E","R","BOSS","M","$","M","M","M","R","?","?","T","M","?","R","?","?","R","BOSS","M","?","?","?","?","M","E","?","MIM","R","M","$","M","?","R","BOSS"],"build_version":"2019-01-23","purchased_purges":0,"victory":true,"max_hp_per_floor":[70,70,70,70,70,70,70,70,70,70,70,70,70,70,70,70,70,70,70,70,70,70,70,75,75,82,85,88,88,88,88,88,88,88,88,88,88,88,88,88,91,91,91,91,91,91,91,91,91,91],"card_choices":[{"not_picked":["Slimebound:ComboTackle","Slimebound:DivideAndConquer"],"picked":"Slimebound:ItLooksTasty","floor":1},{"not_picked":["Slimebound:HungryTackle","Slimebound:SplitAcid"],"picked":"Slimebound:GoopSpray","floor":4},{"not_picked":["Slimebound:TendrilStrike","Slimebound:LeechEnergy"],"picked":"Slimebound:AcidGelatin","floor":6},{"not_picked":["Slimebound:SplitMire","Slimebound:SplitBruiser"],"picked":"Slimebound:PoisonLick","floor":7},{"not_picked":["Slimebound:ItLooksTasty","Slimebound:SplitBruiser"],"picked":"Slimebound:SplitAcid","floor":10},{"not_picked":["Slimebound:SplitLeeching","Slimebound:Repurpose"],"picked":"Slimebound:SuperSplit","floor":11},{"not_picked":["Slimebound:ItLooksTasty","Slimebound:QuickStudy"],"picked":"Slimebound:Prepare","floor":14},{"not_picked":["Slimebound:SlimeBrawl","Slimebound:WasteNot"],"picked":"Slimebound:MassFeed","floor":16},{"not_picked":["Slimebound:SlimeSpikes","Slimebound:LevelUp"],"picked":"Slimebound:SelfFormingGoo","floor":18},{"not_picked":["Slimebound:BestDefense","Slimebound:VenomTackle"],"picked":"Slimebound:GrowthPunch+1","floor":20},{"not_picked":["Slimebound:LeechingTouch","Slimebound:FlameTackle"],"picked":"Slimebound:Dissolve+1","floor":21},{"not_picked":["Slimebound:GoopTackle","Slimebound:SlimeSpikes"],"picked":"Slimebound:PressTheAttack","floor":22},{"not_picked":["Slimebound:MegaLick","Slimebound:LivingWall+1","Slimebound:ServeAndProtect"],"picked":"SKIP","floor":27},{"not_picked":["Slimebound:SplitBruiser","Slimebound:GoopSpray","Slimebound:PressTheAttack"],"picked":"SKIP","floor":28},{"not_picked":["Slimebound:Recollect","Slimebound:SlimeBrawl","Slimebound:ViciousTackle"],"picked":"SKIP","floor":30},{"not_picked":["Slimebound:MassFeed","Slimebound:MassRepurpose"],"picked":"Slimebound:CheckThePlaybook","floor":33},{"not_picked":["Slimebound:SlimeSpikes+1","Slimebound:PressTheAttack+1"],"picked":"Slimebound:ProtectTheBoss+1","floor":35},{"not_picked":["Slimebound:SplitLeeching+1","Slimebound:PoisonLick+1","Slimebound:GoopSpray+1"],"picked":"SKIP","floor":35},{"not_picked":["Slimebound:ItLooksTasty","Slimebound:LeechEnergy+1"],"picked":"Slimebound:SplitLeeching+1","floor":36},{"not_picked":["Slimebound:LeechingTouch","Slimebound:PoisonLick"],"picked":"Slimebound:FinishingTackle+1","floor":37},{"not_picked":["Slimebound:DivideAndConquer+1","Slimebound:VenomTackle+1"],"picked":"Slimebound:CheckThePlaybook","floor":39},{"not_picked":["Slimebound:ComboTackle","Slimebound:LeechEnergy"],"picked":"Slimebound:Chomp","floor":40},{"not_picked":["Slimebound:SplitBruiser","Slimebound:ComboTackle"],"picked":"Slimebound:AcidGelatin+1","floor":40},{"not_picked":["Slimebound:FormOfPuddle","Slimebound:PressTheAttack"],"picked":"Slimebound:Grow","floor":41},{"not_picked":["Slimebound:PoisonLick+1","Slimebound:Prepare+1"],"picked":"Slimebound:Gluttony","floor":42},{"not_picked":["Slimebound:MegaLick","Slimebound:DivideAndConquer","Slimebound:GoopSpray"],"picked":"SKIP","floor":42},{"not_picked":["Slimebound:SplitAcid+1","Slimebound:RollThrough"],"picked":"Slimebound:AcidTongue","floor":43},{"not_picked":["Slimebound:GoopSpray","Slimebound:Replication+1"],"picked":"Slimebound:SplitLeeching+1","floor":45},{"not_picked":["Slimebound:ItLooksTasty","Slimebound:Lick"],"picked":"Slimebound:ServeAndProtect+1","floor":45},{"not_picked":["Slimebound:BestDefense","Slimebound:SplitBruiser+1"],"picked":"Slimebound:SamplingLick+1","floor":47},{"not_picked":["Slimebound:Lick","Slimebound:SplitMire","Slimebound:SlimeSpikes"],"picked":"SKIP","floor":47},{"not_picked":["Slimebound:Lick","Slimebound:SplitMire","Slimebound:SlimeSpikes"],"picked":"SKIP","floor":47},{"not_picked":["Slimebound:DivideAndConquer","Slimebound:LeechingTouch+1"],"picked":"Slimebound:LivingWall+1","floor":49}],"player_experience":174655,"relics_obtained":[{"floor":6,"key":"hubris:Zylophone"},{"floor":9,"key":"infinitespire:WardingShard"},{"floor":14,"key":"infinitespire:EmpoweringShard"},{"floor":26,"key":"Strawberry"},{"floor":30,"key":"Prayer Wheel"},{"floor":36,"key":"Incense Burner"},{"floor":37,"key":"Shovel"},{"floor":39,"key":"hubris:SlimyHat"},{"floor":41,"key":"Dream Catcher"}],"event_choices":[{"cards_removed":["Slimebound:Strike_Slimebound"],"damage_healed":0,"gold_gain":0,"player_choice":"Card Removal","damage_taken":0,"max_hp_gain":0,"max_hp_loss":0,"event_name":"The Cleric","floor":2,"gold_loss":50},{"damage_healed":0,"gold_gain":175,"player_choice":"AGREE","damage_taken":0,"max_hp_gain":0,"max_hp_loss":0,"event_name":"Liars Game","floor":3,"gold_loss":0,"cards_obtained":["Doubt"]},{"damage_healed":0,"gold_gain":78,"player_choice":"Gained Gold","damage_taken":0,"max_hp_gain":0,"max_hp_loss":0,"event_name":"Golden Wing","floor":13,"gold_loss":0},{"damage_healed":0,"gold_gain":0,"player_choice":"Shed Blood","damage_taken":18,"max_hp_gain":5,"max_hp_loss":0,"event_name":"Forgotten Altar","floor":24,"gold_loss":0},{"damage_healed":0,"gold_gain":99,"player_choice":"Stole From Cult","damage_taken":0,"max_hp_gain":0,"max_hp_loss":0,"event_name":"Nest","floor":25,"gold_loss":0},{"damage_healed":0,"gold_gain":0,"player_choice":"Fight","damage_taken":0,"max_hp_gain":0,"max_hp_loss":0,"event_name":"MindBloom","floor":36,"gold_loss":0},{"damage_healed":0,"gold_gain":0,"player_choice":"Fight","damage_taken":0,"max_hp_gain":0,"max_hp_loss":0,"event_name":"Mysterious Sphere","floor":37,"gold_loss":0},{"cards_removed":["Blind"],"damage_healed":0,"gold_gain":0,"player_choice":"Removed Skill","damage_taken":0,"max_hp_gain":0,"max_hp_loss":0,"event_name":"Falling","floor":48,"gold_loss":0}],"is_beta":false,"boss_relics":[{"not_picked":["Sozu","hubris:RunicObelisk"],"picked":"hubris:ScarierMask"},{"not_picked":["Cursed Key","Busted Crown"],"picked":"hubris:Stopwatch"}],"items_purged_floors":[],"is_endless":false,"potions_floor_spawned":[4,10,11,22,27,28,35,36,45,47],"ascension_level":0}