{"gold_per_floor":[416,431,120,120,135,135,50,65,65,65],"floor_reached":10,"playtime":425,"items_purged":[],"score":233,"play_id":"8f89457c-0d7e-413d-a080-f8059cacdbbf","local_time":"20190522221051","daily_mods":["Draft","Hoarder","Terminal"],"is_ascension_mode":false,"campfire_choices":[{"data":"MillisecondPulsars","floor":6,"key":"SMITH"}],"neow_cost":"","seed_source_timestamp":0,"circlet_count":0,"master_deck":["DC","DC","DC","DC","DC","DC","DoubleSpark","DoubleSpark","DoubleSpark","WitchOfGreed","WitchOfGreed","WitchOfGreed","PulseMagic","PulseMagic","PulseMagic","PulseMagic","PulseMagic","PulseMagic","DoubleSpark","DoubleSpark","DoubleSpark","StarlightTyphoon","StarlightTyphoon","StarlightTyphoon","OpenUniverse","OpenUniverse","OpenUniverse","BlazeAway","BlazeAway","BlazeAway","ShootingEcho","ShootingEcho","ShootingEcho","DoubleSpark","DoubleSpark","DoubleSpark","DoubleSpark","DoubleSpark","DoubleSpark","DoubleSpark","DoubleSpark","DoubleSpark","UnstableBomb","UnstableBomb","UnstableBomb","MysteriousBeam","MysteriousBeam","MysteriousBeam","MillisecondPulsars","MillisecondPulsars","MillisecondPulsars+1","Apotheosis","Apotheosis","Apotheosis","IllusionStar","IllusionStar","IllusionStar","AlicesGift","AlicesGift","AlicesGift","infinitespire:Virus","infinitespire:Virus","infinitespire:Virus","AlicesGift","AlicesGift","AlicesGift","MysteriousBeam","MysteriousBeam","MysteriousBeam","Robbery","Robbery","Robbery"],"special_seed":18039,"relics":["MiniHakkero","hubris:Reverence"],"potions_floor_usage":[],"damage_taken":[{"damage":6,"enemies":"Jaw Worm","floor":1,"turns":2},{"damage":0,"enemies":"Cultist","floor":2,"turns":2},{"damage":0,"enemies":"2 Louse","floor":5,"turns":1},{"damage":7,"enemies":"2 Fungi Beasts","floor":8,"turns":3}],"seed_played":"-1599869473394492483","potions_obtained":[{"floor":5,"key":"SpeedPotion"},{"floor":8,"key":"ShroomBrew"}],"is_trial":false,"path_per_floor":["M","M","$","?","M","R","$","M","T","$"],"character_chosen":"MARISA","items_purchased":["Apotheosis","IllusionStar","AlicesGift","AlicesGift","MysteriousBeam"],"campfire_rested":0,"item_purchase_floors":[3,3,3,7,7],"current_hp_per_floor":[68,68,68,51,51,51,51,44,44,44],"gold":65,"neow_bonus":"","is_prod":false,"is_daily":true,"chose_seed":false,"campfire_upgraded":1,"win_rate":0.0,"timestamp":1558577451,"path_taken":["M","M","$","?","M","R","$","M","T","?"],"build_version":"2019-01-23","purchased_purges":0,"victory":false,"max_hp_per_floor":[73,72,71,70,69,68,67,66,65,65],"card_choices":[{"not_picked":["DarkSpark","Robbery"],"picked":"DC","floor":0},{"not_picked":["UnstableBomb","ManaConvection"],"picked":"DC","floor":0},{"not_picked":["DragonMeteor","WitchOfGreed"],"picked":"DoubleSpark","floor":0},{"not_picked":["ShootingEcho","AsteroidBelt"],"picked":"WitchOfGreed","floor":0},{"not_picked":["SporeBomb","MilkyWay"],"picked":"PulseMagic","floor":0},{"not_picked":["GravityBeat","SporeBomb"],"picked":"PulseMagic","floor":0},{"not_picked":["EnergyRecoil","MagicChant"],"picked":"DoubleSpark","floor":0},{"not_picked":["SprinkleStarSeal","SporeBomb"],"picked":"StarlightTyphoon","floor":0},{"not_picked":["GravityBeat","EventHorizon"],"picked":"OpenUniverse","floor":0},{"not_picked":["EnergyRecoil","FairyDestructionRay"],"picked":"BlazeAway","floor":0},{"not_picked":["DC","WitchLeyline"],"picked":"ShootingEcho","floor":0},{"not_picked":["ManaConvection","ShootingEcho"],"picked":"DoubleSpark","floor":0},{"not_picked":["StarBarrage","DC"],"picked":"DoubleSpark","floor":0},{"not_picked":["SporeBomb","Orbital"],"picked":"DoubleSpark","floor":0},{"not_picked":["OrrerysSun","MachineGunSpark"],"picked":"UnstableBomb","floor":0},{"not_picked":["SprinkleStarSeal","LuminesStrike"],"picked":"MysteriousBeam","floor":1},{"not_picked":["6A","ChargingUp"],"picked":"MillisecondPulsars","floor":2},{"not_picked":["infinitespire:TheBestDefense","infinitespire:Menacing"],"picked":"infinitespire:Virus","floor":4},{"not_picked":["6A","GalacticHalo","ChargingUp"],"picked":"SKIP","floor":5},{"not_picked":["Orbital","MysteriousBeam"],"picked":"Robbery","floor":8}],"player_experience":258562,"relics_obtained":[{"floor":9,"key":"hubris:Reverence"}],"event_choices":[],"is_beta":false,"boss_relics":[],"items_purged_floors":[],"is_endless":false,"potions_floor_spawned":[5,8],"ascension_level":0}