{"gold_per_floor":[118,293,304,101,120,120,151,151,175,30,30,0,35,115,115,239,239,258,282,76,76,95,95,120,120,145,180,180,194,194,38,38,141,141,155,170,189,289,289,317,317,352,352,406,406,117,117,17,17,17],"floor_reached":51,"playtime":3241,"items_purged":["Doubt","Strike_G"],"score":727,"play_id":"6f997c5a-cc28-4876-9e6d-2bd93b499af4","local_time":"20190704012446","is_ascension_mode":false,"campfire_choices":[{"data":"Noxious Fumes","floor":6,"key":"SMITH"},{"floor":8,"key":"REST"},{"floor":15,"key":"REST"},{"floor":23,"key":"REST"},{"floor":32,"key":"REST"},{"floor":41,"key":"REST"},{"floor":45,"key":"REST"},{"floor":49,"key":"REST"}],"neow_cost":"NONE","seed_source_timestamp":1632557456430,"circlet_count":0,"master_deck":["Strike_G","Strike_G","Strike_G","Strike_G","Defend_G","Defend_G","Defend_G","Defend_G","Defend_G","Survivor","Neutralize","Dash","Deadly Poison","Noxious Fumes+1","Footwork+1","Backstab","Bane","Die Die Die","Skewer+1","Quick Slash","Blade Dance+1","Envenom","After Image","Backflip+1","Quick Slash","Backstab","Crippling Poison","Backflip","Flying Knee"],"relics":["Ring of the Snake","Bag of Marbles","Juzu Bracelet","PreservedInsect","Snake Skull","Bloody Idol","Potion Belt","Blood Vial","Fusion Hammer","Chemical X","Lantern","Boot","Ornamental Fan","Anchor","Busted Crown","Bird Faced Urn","Matryoshka","Shuriken","Pen Nib","Oddly Smooth Stone","FossilizedHelix","Bag of Preparation"],"potions_floor_usage":[16,24,33,33,40,42,50,50,50,50,50],"damage_taken":[{"damage":0,"enemies":"Cultist","floor":1,"turns":4},{"damage":0,"enemies":"Jaw Worm","floor":3,"turns":5},{"damage":0,"enemies":"Small Slimes","floor":5,"turns":2},{"damage":24,"enemies":"Gremlin Nob","floor":7,"turns":5},{"damage":4,"enemies":"Lagavulin","floor":13,"turns":5},{"damage":7,"enemies":"Lagavulin Event","floor":14,"turns":5},{"damage":4,"enemies":"Hexaghost","floor":16,"turns":8},{"damage":7,"enemies":"3 Byrds","floor":18,"turns":4},{"damage":0,"enemies":"Spheric Guardian","floor":19,"turns":3},{"damage":0,"enemies":"3 Cultists","floor":22,"turns":4},{"damage":0,"enemies":"Centurion and Healer","floor":24,"turns":5},{"damage":14,"enemies":"Slavers","floor":27,"turns":4},{"damage":0,"enemies":"Snake Plant","floor":29,"turns":2},{"damage":18,"enemies":"Collector","floor":33,"turns":6},{"damage":5,"enemies":"3 Darklings","floor":35,"turns":4},{"damage":0,"enemies":"Orb Walker","floor":36,"turns":2},{"damage":4,"enemies":"3 Darklings","floor":37,"turns":4},{"damage":0,"enemies":"Mind Bloom Boss Battle","floor":38,"turns":3},{"damage":23,"enemies":"Reptomancer","floor":40,"turns":4},{"damage":28,"enemies":"Giant Head","floor":42,"turns":6},{"damage":8,"enemies":"2 Orb Walkers","floor":44,"turns":4},{"damage":18,"enemies":"Awakened One","floor":50,"turns":10}],"seed_played":"8402608461844493854","potions_obtained":[{"floor":1,"key":"PowerPotion"},{"floor":3,"key":"FearPotion"},{"floor":13,"key":"SpeedPotion"},{"floor":16,"key":"GhostInAJar"},{"floor":18,"key":"SpeedPotion"},{"floor":22,"key":"Weak Potion"},{"floor":29,"key":"Strength Potion"},{"floor":33,"key":"Dexterity Potion"},{"floor":35,"key":"Ancient Potion"},{"floor":37,"key":"PowerPotion"},{"floor":42,"key":"Fire Potion"}],"is_trial":false,"path_per_floor":["M","?","M","$","M","R","E","R","T","$","?","?","E","?","R","B",null,"M","M","$","?","M","R","M","?","T","E","T","M","?","$","R","B",null,"M","M","M","?","?","E","R","E","T","?","R","$","?","$","R","B",null],"character_chosen":"THE_SILENT","items_purchased":["Noxious Fumes","Flying Knee","Snake Skull","Chemical X","Anchor","Bag of Preparation","Backflip","Flying Knee","Block Potion"],"campfire_rested":7,"item_purchase_floors":[4,4,10,20,31,46,46,48,48],"current_hp_per_floor":[70,70,70,70,70,70,46,67,67,67,50,50,46,39,60,58,70,63,65,65,65,67,70,70,70,70,56,56,58,58,58,70,57,70,70,70,70,70,70,56,70,47,47,54,70,70,70,70,70,53],"gold":17,"neow_bonus":"RANDOM_COMMON_RELIC","is_prod":false,"is_daily":false,"chose_seed":false,"campfire_upgraded":1,"win_rate":0.0,"timestamp":1562196286,"path_taken":["M","?","M","$","M","R","E","R","T","$","?","?","E","?","R","BOSS","M","M","$","?","M","R","M","?","T","E","?","M","?","$","R","BOSS","M","M","M","?","?","E","R","E","T","?","R","$","?","$","R","BOSS"],"build_version":"2019-07-01","purchased_purges":2,"victory":true,"max_hp_per_floor":[70,70,70,70,70,70,70,70,70,70,70,70,70,70,70,70,70,70,70,70,70,70,70,70,70,70,70,70,70,70,70,70,70,70,70,70,70,70,70,70,70,70,70,70,70,70,70,70,70,70],"card_choices":[{"not_picked":["Choke","Endless Agony"],"picked":"Dash","floor":1},{"not_picked":["Choke","Reflex"],"picked":"Deadly Poison","floor":3},{"not_picked":["Blade Dance","Tactician","Predator"],"picked":"SKIP","floor":5},{"not_picked":["Heel Hook","Tactician"],"picked":"Footwork","floor":7},{"not_picked":["Dagger Spray","Doppelganger"],"picked":"Backstab","floor":13},{"not_picked":["Dagger Throw","Prepared"],"picked":"Bane","floor":14},{"not_picked":["Wraith Form v2","Venomology"],"picked":"Die Die Die","floor":16},{"not_picked":["Poisoned Stab","Slice"],"picked":"Skewer+1","floor":18},{"not_picked":["Escape Plan","Poisoned Stab","Bane"],"picked":"SKIP","floor":19},{"not_picked":["Dodge and Roll","Heel Hook","Flechettes"],"picked":"SKIP","floor":22},{"not_picked":["Flechettes","Tactician"],"picked":"Quick Slash","floor":24},{"not_picked":["Acrobatics","Dodge and Roll"],"picked":"Blade Dance+1","floor":27},{"not_picked":["Skewer+1","Underhanded Strike+1"],"picked":"Envenom","floor":29},{"not_picked":["Corpse Explosion","Venomology"],"picked":"After Image","floor":33},{"not_picked":["Flechettes+1"],"picked":"SKIP","floor":35},{"not_picked":["Underhanded Strike+1"],"picked":"SKIP","floor":36},{"not_picked":[],"picked":"Backflip+1","floor":37},{"not_picked":[],"picked":"Quick Slash","floor":38},{"not_picked":[],"picked":"Backstab","floor":40},{"not_picked":[],"picked":"Crippling Poison","floor":42}],"player_experience":46912,"relics_obtained":[{"floor":7,"key":"Juzu Bracelet"},{"floor":9,"key":"PreservedInsect"},{"floor":13,"key":"Potion Belt"},{"floor":14,"key":"Blood Vial"},{"floor":26,"key":"Lantern"},{"floor":27,"key":"Boot"},{"floor":28,"key":"Ornamental Fan"},{"floor":38,"key":"Bird Faced Urn"},{"floor":40,"key":"Matryoshka"},{"floor":42,"key":"Shuriken"},{"floor":43,"key":"Pen Nib"},{"floor":43,"key":"Oddly Smooth Stone"},{"floor":44,"key":"FossilizedHelix"}],"event_choices":[{"damage_healed":0,"gold_gain":175,"player_choice":"AGREE","damage_taken":0,"max_hp_gain":0,"max_hp_loss":0,"event_name":"Liars Game","floor":2,"gold_loss":0,"cards_obtained":["Doubt"]},{"damage_healed":0,"gold_gain":0,"player_choice":"Take Damage","damage_taken":17,"relics_obtained":["Golden Idol"],"max_hp_gain":0,"max_hp_loss":0,"event_name":"Golden Idol","floor":11,"gold_loss":0},{"damage_healed":0,"gold_gain":0,"player_choice":"Left Gold","damage_taken":0,"max_hp_gain":0,"max_hp_loss":0,"event_name":"World of Goop","floor":12,"gold_loss":30},{"damage_healed":0,"gold_gain":0,"player_choice":"Searched \u00271\u0027 times","damage_taken":0,"max_hp_gain":0,"max_hp_loss":0,"event_name":"Dead Adventurer","floor":14,"gold_loss":0},{"damage_healed":0,"gold_gain":0,"player_choice":"Ignored","damage_taken":0,"max_hp_gain":0,"max_hp_loss":0,"event_name":"NoteForYourself","floor":21,"gold_loss":0},{"damage_healed":0,"gold_gain":0,"player_choice":"Forge","damage_taken":0,"max_hp_gain":0,"max_hp_loss":0,"event_name":"Accursed Blacksmith","floor":25,"gold_loss":0,"cards_upgraded":["Footwork"]},{"damage_healed":0,"gold_gain":0,"player_choice":"Gave Idol","damage_taken":0,"relics_obtained":["Bloody Idol"],"max_hp_gain":0,"max_hp_loss":0,"event_name":"Forgotten Altar","floor":30,"relics_lost":["Golden Idol"],"gold_loss":0},{"damage_healed":0,"gold_gain":0,"player_choice":"Fight","damage_taken":0,"max_hp_gain":0,"max_hp_loss":0,"event_name":"MindBloom","floor":38,"gold_loss":0},{"damage_healed":0,"gold_gain":0,"player_choice":"Ignored","damage_taken":0,"max_hp_gain":0,"max_hp_loss":0,"event_name":"Tomb of Lord Red Mask","floor":39,"gold_loss":0},{"damage_healed":0,"gold_gain":0,"player_choice":"Fight","damage_taken":0,"max_hp_gain":0,"max_hp_loss":0,"event_name":"Mysterious Sphere","floor":44,"gold_loss":0},{"cards_removed":["Flying Knee"],"damage_healed":0,"gold_gain":0,"player_choice":"Removed Attack","damage_taken":0,"max_hp_gain":0,"max_hp_loss":0,"event_name":"Falling","floor":47,"gold_loss":0}],"is_beta":false,"boss_relics":[{"not_picked":["Runic Pyramid","Runic Dome"],"picked":"Fusion Hammer"},{"not_picked":["Orrery","Astrolabe"],"picked":"Busted Crown"}],"items_purged_floors":[4,46],"is_endless":false,"potions_floor_spawned":[1,3,13,16,18,22,29,33,35,37,42],"ascension_level":0}