{"gold_per_floor":[109,121,137,137,155,184,184,201,201,228,99,99,132,143,143,245,245,259,259,3,3,17,17,49,49,49,49,79,9,21,41,41,141,191,204,214,110,110,124,124,156,156,156,156,169,188,207,242,242,242,242,242,42,69,69],"floor_reached":56,"playtime":4255,"items_purged":["Strike_B","Strike_B","Defend_B","Defend_B","Defend_B"],"score":1383,"play_id":"f4d5e73f-9d50-4db6-a76c-418053d6ac27","local_time":"20190622175641","is_ascension_mode":true,"campfire_choices":[{"data":"Zap","floor":7.0,"key":"SMITH"},{"data":"Defragment","floor":12.0,"key":"SMITH"},{"floor":15.0,"key":"RECALL"},{"data":"Chaos","floor":23.0,"key":"SMITH"},{"data":"Seek","floor":25.0,"key":"SMITH"},{"floor":32.0,"key":"REST"},{"data":"Creative AI","floor":40.0,"key":"SMITH"},{"data":"Defragment","floor":44.0,"key":"SMITH"},{"floor":49.0,"key":"REST"},{"data":"Stack","floor":52.0,"key":"SMITH"}],"neow_cost":"NONE","seed_source_timestamp":69837022947781,"circlet_count":0,"master_deck":["Strike_B+1","Defend_B","Zap+1","Dualcast","Static Discharge","Heatsinks","Cold Snap","Ball Lightning","Defragment+1","Capacitor","Conserve Battery","White Noise","Cold Snap","Go for the Eyes","Conserve Battery","Seek+1","Storm","Chaos+1","Hologram","Defragment+1","Stack+1","Reboot","Glacier","Creative AI+1","Redo+1","Conserve Battery","Defragment+1","Conserve Battery+1","Chaos+1","Leap+1","Bandage Up+1"],"special_seed":0,"relics":["Cracked Core","Smiling Mask","Meat on the Bone","The Courier","Calipers","Black Star","PreservedInsect","Sundial","Bronze Scales","Incense Burner","Letter Opener","Tiny House","Singing Bowl","Art of War","Toxic Egg 2","Oddly Smooth Stone","Cables","Kunai","Dead Branch"],"potions_floor_usage":[],"damage_taken":[{"damage":4.0,"enemies":"Small Slimes","floor":1.0,"turns":3.0},{"damage":1.0,"enemies":"Cultist","floor":2.0,"turns":4.0},{"damage":0.0,"enemies":"2 Louse","floor":3.0,"turns":2.0},{"damage":11.0,"enemies":"2 Fungi Beasts","floor":5.0,"turns":3.0},{"damage":9.0,"enemies":"Gremlin Nob","floor":6.0,"turns":5.0},{"damage":18.0,"enemies":"Blue Slaver","floor":8.0,"turns":3.0},{"damage":7.0,"enemies":"Lagavulin","floor":10.0,"turns":6.0},{"damage":8.0,"enemies":"3 Sentries","floor":13.0,"turns":7.0},{"damage":4.0,"enemies":"Looter","floor":14.0,"turns":3.0},{"damage":40.0,"enemies":"Slime Boss","floor":16.0,"turns":8.0},{"damage":24.0,"enemies":"Shell Parasite","floor":18.0,"turns":6.0},{"damage":12.0,"enemies":"3 Byrds","floor":22.0,"turns":2.0},{"damage":17.0,"enemies":"Slavers","floor":24.0,"turns":2.0},{"damage":25.0,"enemies":"Gremlin Leader","floor":28.0,"turns":5.0},{"damage":19.0,"enemies":"Snake Plant","floor":30.0,"turns":3.0},{"damage":12.0,"enemies":"Cultist and Chosen","floor":31.0,"turns":4.0},{"damage":22.0,"enemies":"Automaton","floor":33.0,"turns":9.0},{"damage":0.0,"enemies":"3 Darklings","floor":35.0,"turns":5.0},{"damage":20.0,"enemies":"3 Shapes","floor":36.0,"turns":3.0},{"damage":44.0,"enemies":"3 Darklings","floor":39.0,"turns":4.0},{"damage":2.0,"enemies":"Reptomancer","floor":41.0,"turns":5.0},{"damage":16.0,"enemies":"Transient","floor":45.0,"turns":5.0},{"damage":32.0,"enemies":"Jaw Worm Horde","floor":46.0,"turns":6.0},{"damage":8.0,"enemies":"Spire Growth","floor":47.0,"turns":7.0},{"damage":2.0,"enemies":"Nemesis","floor":48.0,"turns":5.0},{"damage":26.0,"enemies":"Time Eater","floor":50.0,"turns":9.0},{"damage":48,"enemies":"Shield and Spear","floor":54,"turns":5},{"damage":23,"enemies":"The Heart","floor":55,"turns":10}],"seed_played":"4885820301377664113","potions_obtained":[{"floor":2.0,"key":"SteroidPotion"},{"floor":3.0,"key":"EssenceOfSteel"},{"floor":4.0,"key":"Fruit Juice"},{"floor":4.0,"key":"AttackPotion"},{"floor":8.0,"key":"SkillPotion"},{"floor":13.0,"key":"AttackPotion"},{"floor":16.0,"key":"Strength Potion"},{"floor":18.0,"key":"Ancient Potion"},{"floor":24.0,"key":"SteroidPotion"},{"floor":34.0,"key":"GamblersBrew"},{"floor":36.0,"key":"PowerPotion"},{"floor":41.0,"key":"SteroidPotion"},{"floor":47.0,"key":"SkillPotion"},{"floor":48.0,"key":"Weak Potion"}],"is_trial":false,"path_per_floor":["?","M","?","?","?","$","?","?","M"],"character_chosen":"DEFECT","items_purchased":["Cold Snap","Go for the Eyes","Storm","PreservedInsect","Chaos","Stack","Defragment","Chaos+1","Leap+1","Bandage Up+1"],"campfire_rested":2,"item_purchase_floors":[11,11,20,20,20,29,37,53,53,53],"current_hp_per_floor":[71,70,70,75,64,55,55,37,37,42,42,42,46,42,42,14,80,56,56,56,41,41,41,36,36,36,36,23,23,16,16,41,31,90,90,70,70,70,38,38,50,50,50,50,46,28,34,46,75,61,98,98,98,58,53],"gold":69,"neow_bonus":"THREE_CARDS","is_prod":false,"is_daily":false,"chose_seed":false,"campfire_upgraded":7,"win_rate":0,"timestamp":1561215401,"path_taken":["M","M","M","?","?","E","R","M","T","E","$","R","E","M","R","BOSS","M","?","$","?","M","R","E","R","T","?","E","?","M","M","R","BOSS","M","M","$","?","M","R","E","?","T","R","M","?","M","E","R","BOSS","R","$","E","BOSS"],"build_version":"2019-01-23","purchased_purges":5,"victory":true,"max_hp_per_floor":[75,75,75,80,80,80,80,80,80,80,80,80,80,80,80,80,80,80,80,80,85,85,85,85,85,85,85,85,85,85,85,85,85,90,90,90,90,90,90,90,92,92,92,92,92,94,96,98,98,98,98,98,98,100,100],"card_choices":[{"not_picked":["Leap","Streamline"],"picked":"Static Discharge","floor":0.0},{"not_picked":["Sweeping Beam","Recycle"],"picked":"Heatsinks","floor":1.0},{"not_picked":["Static Discharge","Leap"],"picked":"Cold Snap","floor":2.0},{"not_picked":["Redo","Fusion"],"picked":"Ball Lightning","floor":3.0},{"not_picked":["Loop","Conserve Battery"],"picked":"Defragment","floor":5.0},{"not_picked":["Hello World","Loop"],"picked":"Capacitor","floor":6.0},{"not_picked":["Compile Driver","Go for the Eyes"],"picked":"Conserve Battery","floor":8.0},{"not_picked":["All For One","Force Field"],"picked":"White Noise","floor":10.0},{"not_picked":["Beam Cell","Auto Shields"],"picked":"Conserve Battery","floor":13.0},{"not_picked":["Aggregate","BootSequence","Coolheaded"],"picked":"SKIP","floor":14.0},{"not_picked":["Fission","Reboot"],"picked":"Seek","floor":16.0},{"not_picked":["Cold Snap+1","Rebound","Redo"],"picked":"SKIP","floor":18.0},{"not_picked":["Undo","Cold Snap"],"picked":"Hologram","floor":22.0},{"not_picked":["Go for the Eyes","Ball Lightning","Sweeping Beam"],"picked":"SKIP","floor":24.0},{"not_picked":["Sweeping Beam","BootSequence"],"picked":"Defragment","floor":28.0},{"not_picked":["Auto Shields","Scrape"],"picked":"Reboot","floor":30.0},{"not_picked":["Streamline+1","Compile Driver"],"picked":"Glacier","floor":31.0},{"not_picked":["Meteor Strike","Amplify"],"picked":"Creative AI","floor":33.0},{"not_picked":["Force Field","Scrape"],"picked":"Redo+1","floor":34.0},{"not_picked":["Melter+1","Sweeping Beam","Turbo"],"picked":"SKIP","floor":35.0},{"not_picked":["Steam+1","Rebound"],"picked":"Conserve Battery","floor":36.0},{"not_picked":["Reprogram+1","Rebound","Ball Lightning"],"picked":"SKIP","floor":39.0},{"not_picked":["Heatsinks+1","Hologram+1","Cold Snap+1"],"picked":"Singing Bowl","floor":41.0},{"not_picked":["Undo+1","Rebound"],"picked":"Conserve Battery+1","floor":45.0},{"not_picked":["Steam Power+1","Blizzard+1","Sweeping Beam+1"],"picked":"Singing Bowl","floor":46.0},{"not_picked":["Barrage","Compile Driver+1","Cold Snap"],"picked":"Singing Bowl","floor":47.0},{"not_picked":["Ball Lightning","Turbo+1","Sweeping Beam+1"],"picked":"Singing Bowl","floor":48.0},{"not_picked":["Storm+1","FTL+1","Multi-Cast+1"],"picked":"Singing Bowl","floor":54}],"player_experience":189573,"relics_obtained":[{"floor":6.0,"key":"Smiling Mask"},{"floor":9.0,"key":"Meat on the Bone"},{"floor":10.0,"key":"The Courier"},{"floor":13.0,"key":"Calipers"},{"floor":24.0,"key":"Sundial"},{"floor":24.0,"key":"Bronze Scales"},{"floor":28.0,"key":"Incense Burner"},{"floor":28.0,"key":"Letter Opener"},{"floor":41.0,"key":"Singing Bowl"},{"floor":41.0,"key":"Art of War"},{"floor":43.0,"key":"Toxic Egg 2"},{"floor":48.0,"key":"Oddly Smooth Stone"},{"floor":48.0,"key":"Cables"},{"floor":54,"key":"Kunai"},{"floor":54,"key":"Dead Branch"}],"event_choices":[{"damage_healed":0.0,"max_hp_gain":0.0,"max_hp_loss":0.0,"gold_gain":0.0,"event_name":"Lab","player_choice":"Got Potions","floor":4.0,"gold_loss":0.0,"damage_taken":0.0},{"cards_removed":["Strike_B"],"damage_healed":0.0,"max_hp_gain":0.0,"max_hp_loss":0.0,"gold_gain":0.0,"event_name":"Back to Basics","player_choice":"Elegance","floor":19.0,"gold_loss":0.0,"damage_taken":0.0},{"damage_healed":0.0,"max_hp_gain":5.0,"max_hp_loss":0.0,"gold_gain":0.0,"event_name":"Forgotten Altar","player_choice":"Shed Blood","floor":21.0,"gold_loss":0.0,"damage_taken":20.0},{"damage_healed":0.0,"max_hp_gain":0.0,"max_hp_loss":0.0,"gold_gain":0.0,"event_name":"Beggar","player_choice":"Ignored","floor":27.0,"gold_loss":0.0,"damage_taken":0.0},{"damage_healed":0.0,"max_hp_gain":0.0,"max_hp_loss":0.0,"gold_gain":0.0,"event_name":"Mysterious Sphere","player_choice":"Ignored","floor":38.0,"gold_loss":0.0,"damage_taken":0.0},{"damage_healed":0.0,"max_hp_gain":0.0,"max_hp_loss":0.0,"gold_gain":0.0,"event_name":"Upgrade Shrine","player_choice":"Upgraded","floor":42.0,"gold_loss":0.0,"damage_taken":0.0,"cards_upgraded":["Defragment"]}],"is_beta":false,"boss_relics":[{"not_picked":["Velvet Choker","Lizard Tail"],"picked":"Black Star"},{"not_picked":["Eternal Feather","Runic Pyramid"],"picked":"Tiny House"}],"items_purged_floors":[11,20,29,37,53],"is_endless":false,"potions_floor_spawned":[2,3,8,13,16,18,24,36,41,47,48],"ascension_level":3}