{"gold_per_floor":[363,26,26,37,57,57,82,101,128,140,159,159,187,199,199,278,278,297,312,0,19,38,38,54,54,77,112,112,123,123,140,140,213,213,233,233,253,153,153],"floor_reached":39,"playtime":3060,"items_purged":["Pain","Strike_R"],"score":755,"play_id":"fc40cc3e-319a-4e49-865d-326b040d1530","local_time":"20190715142555","is_ascension_mode":true,"campfire_choices":[{"data":"Corruption","floor":6.0,"key":"SMITH"},{"floor":12.0,"key":"REST"},{"data":"Bash","floor":15.0,"key":"SMITH"},{"data":"Armaments","floor":23.0,"key":"SMITH"},{"data":"Barricade","floor":28.0,"key":"SMITH"},{"floor":32.0,"key":"REST"}],"neow_cost":"CURSE","seed_source_timestamp":0,"circlet_count":0,"master_deck":["AscendersBane","Strike_R","Strike_R","Strike_R","Strike_R","Defend_R","Defend_R","Defend_R","Defend_R","Bash+1","Corruption+1","Headbutt","Armaments","Shrug It Off","Feel No Pain","Warcry","Clash","Disarm","Pommel Strike","Sentinel","Armaments+1","Barricade+1","Shockwave","Shrug It Off","Shockwave","Sentinel","Thunderclap","J.A.X.","Headbutt","Demon Form+1","Impervious","Body Slam","Rampage","Shrug It Off","Metallicize+1","Flame Barrier","Master of Strategy"],"special_seed":0,"relics":["Burning Blood","Pear","Dream Catcher","Centennial Puzzle","Happy Flower","Runic Pyramid","Ancient Tea Set","Frozen Egg 2","Orrery"],"potions_floor_usage":[39,39],"damage_taken":[{"damage":3.0,"enemies":"Cultist","floor":1.0,"turns":4.0},{"damage":9.0,"enemies":"Jaw Worm","floor":4.0,"turns":4.0},{"damage":1.0,"enemies":"2 Louse","floor":5.0,"turns":4.0},{"damage":51.0,"enemies":"3 Sentries","floor":7.0,"turns":12.0},{"damage":0.0,"enemies":"2 Fungi Beasts","floor":8.0,"turns":5.0},{"damage":9.0,"enemies":"3 Louse","floor":10.0,"turns":5.0},{"damage":11.0,"enemies":"Gremlin Gang","floor":11.0,"turns":4.0},{"damage":14.0,"enemies":"Gremlin Nob","floor":13.0,"turns":4.0},{"damage":5.0,"enemies":"Looter","floor":14.0,"turns":3.0},{"damage":34.0,"enemies":"The Guardian","floor":16.0,"turns":12.0},{"damage":12.0,"enemies":"Shell Parasite","floor":18.0,"turns":4.0},{"damage":8.0,"enemies":"3 Byrds","floor":19.0,"turns":8.0},{"damage":0.0,"enemies":"Snecko","floor":21.0,"turns":6.0},{"damage":16.0,"enemies":"Snake Plant","floor":22.0,"turns":5.0},{"damage":8.0,"enemies":"Sentry and Sphere","floor":24.0,"turns":8.0},{"damage":7.0,"enemies":"Book of Stabbing","floor":27.0,"turns":5.0},{"damage":1.0,"enemies":"Snecko","floor":29.0,"turns":5.0},{"damage":15.0,"enemies":"Snake Plant","floor":31.0,"turns":7.0},{"damage":43.0,"enemies":"Collector","floor":33.0,"turns":10.0},{"damage":19.0,"enemies":"3 Shapes","floor":35.0,"turns":4.0},{"damage":21,"enemies":"3 Darklings","floor":37,"turns":7},{"damage":71,"enemies":"Transient","floor":39,"turns":5}],"seed_played":"230677129374810633","potions_obtained":[{"floor":1.0,"key":"FearPotion"},{"floor":5.0,"key":"SpeedPotion"},{"floor":13.0,"key":"AttackPotion"},{"floor":16.0,"key":"PowerPotion"}],"is_trial":false,"path_per_floor":["M","$","$","M","M","R","E","M","T","M","M","R","E","M","R","B",null,"M","M","?","M","M","R","M","$","T","E","R","M","?","M","R","B",null,"M","?","M","$","M"],"character_chosen":"IRONCLAD","items_purchased":["Pear","Headbutt"],"campfire_rested":2,"item_purchase_floors":[2,2],"current_hp_per_floor":[71,81,81,78,83,83,38,44,44,41,36,61,53,54,54,26,70,64,62,62,68,58,58,56,56,56,55,55,60,60,51,76,39,74,61,61,46,46,0],"gold":153,"neow_bonus":"TWO_FIFTY_GOLD","is_prod":false,"is_daily":false,"chose_seed":false,"campfire_upgraded":4,"win_rate":0,"timestamp":1563171955,"path_taken":["M","?","$","M","?","R","E","M","T","M","M","R","E","M","R","BOSS","M","M","?","M","M","R","M","$","T","E","R","M","?","M","R","BOSS","M","?","M","$","M"],"build_version":"2019-07-05","purchased_purges":2,"victory":false,"max_hp_per_floor":[75,85,85,85,85,85,85,85,85,85,85,85,85,85,85,85,85,85,85,85,85,85,85,85,85,85,85,85,85,85,85,85,85,85,85,85,85,85,85],"card_choices":[{"not_picked":["Rage","Dropkick"],"picked":"Corruption","floor":1.0},{"not_picked":["Cleave","Perfected Strike"],"picked":"Armaments","floor":4.0},{"not_picked":["Entrench","Headbutt"],"picked":"Shrug It Off","floor":5.0},{"not_picked":["Flame Barrier","Thunderclap"],"picked":"Feel No Pain","floor":7.0},{"not_picked":["Second Wind","Twin Strike"],"picked":"Warcry","floor":8.0},{"not_picked":["Havoc","Battle Trance"],"picked":"Clash","floor":10.0},{"not_picked":["Seeing Red","Double Tap"],"picked":"Disarm","floor":11.0},{"not_picked":["Havoc","Second Wind"],"picked":"Pommel Strike","floor":12.0},{"not_picked":["Intimidate","Corruption"],"picked":"Sentinel","floor":13.0},{"not_picked":["Flex","Power Through"],"picked":"Armaments","floor":14.0},{"not_picked":["Berserk","Feed"],"picked":"Barricade","floor":16.0},{"not_picked":["Anger","Pommel Strike"],"picked":"Shockwave","floor":18.0},{"not_picked":["Twin Strike","Iron Wave+1"],"picked":"Shrug It Off","floor":19.0},{"not_picked":["Havoc","Evolve"],"picked":"Shockwave","floor":21.0},{"not_picked":["True Grit","Intimidate","Blood for Blood"],"picked":"SKIP","floor":22.0},{"not_picked":["Headbutt","Power Through+1","Twin Strike"],"picked":"SKIP","floor":24.0},{"not_picked":["Wild Strike","Blood for Blood"],"picked":"Sentinel","floor":27.0},{"not_picked":["Perfected Strike","Headbutt"],"picked":"Thunderclap","floor":29.0},{"not_picked":["Perfected Strike","Seeing Red"],"picked":"Headbutt","floor":31.0},{"not_picked":["Shrug It Off","True Grit"],"picked":"Demon Form+1","floor":32.0},{"not_picked":["Brutality+1","Immolate"],"picked":"Impervious","floor":33.0},{"not_picked":["Anger","Headbutt"],"picked":"Body Slam","floor":34.0},{"not_picked":["Clothesline","Havoc"],"picked":"Rampage","floor":34.0},{"not_picked":["Rage+1","Armaments"],"picked":"Shrug It Off","floor":34.0},{"not_picked":["Armaments","Brutality+1"],"picked":"Metallicize+1","floor":34.0},{"not_picked":["Heavy Blade","Seeing Red"],"picked":"Flame Barrier","floor":35.0},{"not_picked":["Dark Shackles","Panacea"],"picked":"Master of Strategy","floor":36},{"not_picked":["Pommel Strike","Headbutt","Heavy Blade"],"picked":"SKIP","floor":37}],"player_experience":854710,"relics_obtained":[{"floor":7.0,"key":"Dream Catcher"},{"floor":9.0,"key":"Centennial Puzzle"},{"floor":13.0,"key":"Happy Flower"},{"floor":26.0,"key":"Ancient Tea Set"},{"floor":27.0,"key":"Frozen Egg 2"}],"event_choices":[{"damage_healed":0.0,"max_hp_gain":0.0,"max_hp_loss":0.0,"gold_gain":0.0,"event_name":"Masked Bandits","player_choice":"Paid Fearfully","floor":20.0,"gold_loss":312.0,"damage_taken":0.0},{"damage_healed":0.0,"max_hp_gain":0.0,"max_hp_loss":0.0,"gold_gain":0.0,"event_name":"Drug Dealer","player_choice":"Obtain J.A.X.","floor":30.0,"gold_loss":0.0,"damage_taken":0.0,"cards_obtained":["J.A.X."]},{"damage_healed":0,"gold_gain":0,"player_choice":"Memory 1","damage_taken":0,"max_hp_gain":0,"max_hp_loss":0,"event_name":"SensoryStone","floor":36,"gold_loss":0}],"is_beta":false,"boss_relics":[{"not_picked":["White Beast Statue","Black Star"],"picked":"Runic Pyramid"},{"not_picked":["Mark of Pain","Coffee Dripper"],"picked":"Orrery"}],"items_purged_floors":[2,38],"is_endless":false,"potions_floor_spawned":[1,5,13,16,18,19,21,27,33,37],"killed_by":"Transient","ascension_level":15}