{"gold_per_floor":[117,74,74,18,168,168,196,206,206,222,222,27,59,76,76,154,154,173,203,213,77,77,77,103,121,146,146,175,192,192,192,192,271,271,285,305,305,323,323,323,92,92,92,92,106,6,106,123,123,123],"floor_reached":51,"playtime":2159,"items_purged":["Doubt","Normality"],"score":1358,"play_id":"e5392764-5e67-4ed6-9301-36bc6461e437","local_time":"20190623132645","is_ascension_mode":true,"campfire_choices":[{"data":"Noxious Fumes","floor":6.0,"key":"SMITH"},{"data":"Catalyst","floor":15.0,"key":"SMITH"},{"data":"Burst","floor":23.0,"key":"SMITH"},{"floor":27.0,"key":"REST"},{"floor":30.0,"key":"REST"},{"data":"Footwork","floor":32.0,"key":"SMITH"},{"data":"Catalyst","floor":40,"key":"SMITH"},{"data":"Backflip","floor":42,"key":"SMITH"},{"data":"Dodge and Roll","floor":44,"key":"SMITH"},{"floor":49,"key":"REST"}],"neow_cost":"NONE","seed_source_timestamp":918609616846596,"circlet_count":0,"master_deck":["AscendersBane","Defend_G+1","Defend_G+1","Defend_G+1","Defend_G+1","Defend_G+1","Strike_G+1","Strike_G+1","Strike_G+1","Survivor","Neutralize","Dagger Spray","Noxious Fumes+1","Poisoned Stab","Catalyst+1","Calculated Gamble","Footwork+1","Predator","Backflip+1","Burst+1","Deadly Poison","Catalyst+1","Dodge and Roll+1","Dodge and Roll+1","Well Laid Plans","Crippling Poison","Bullet Time","Backflip+1","Footwork+1"],"special_seed":0,"relics":["Ring of the Snake","NeowsBlessing","Torii","Omamori","Paper Crane","Lantern","Empty Cage","Tiny Chest","Question Card","Oddly Smooth Stone","Red Mask","Bottled Tornado","Cursed Key","Meat on the Bone","TwistedFunnel","The Specimen","Bird Faced Urn"],"potions_floor_usage":[48,50],"damage_taken":[{"damage":0.0,"enemies":"Cultist","floor":1.0,"turns":1.0},{"damage":0.0,"enemies":"3 Sentries","floor":7.0,"turns":1.0},{"damage":0.0,"enemies":"Small Slimes","floor":8.0,"turns":2.0},{"damage":2.0,"enemies":"2 Louse","floor":10.0,"turns":3.0},{"damage":10.0,"enemies":"Lagavulin","floor":13.0,"turns":6.0},{"damage":1.0,"enemies":"2 Fungi Beasts","floor":14.0,"turns":4.0},{"damage":1.0,"enemies":"Hexaghost","floor":16.0,"turns":8.0},{"damage":13.0,"enemies":"Spheric Guardian","floor":18.0,"turns":4.0},{"damage":0.0,"enemies":"Shell Parasite","floor":20.0,"turns":6.0},{"damage":17.0,"enemies":"Book of Stabbing","floor":24.0,"turns":6.0},{"damage":19.0,"enemies":"Shelled Parasite and Fungi","floor":25.0,"turns":4.0},{"damage":24.0,"enemies":"Masked Bandits","floor":28.0,"turns":4.0},{"damage":0.0,"enemies":"Snake Plant","floor":29.0,"turns":4.0},{"damage":8.0,"enemies":"Champ","floor":33.0,"turns":12.0},{"damage":0.0,"enemies":"3 Shapes","floor":35.0,"turns":3.0},{"damage":0.0,"enemies":"Orb Walker","floor":36.0,"turns":2.0},{"damage":1.0,"enemies":"Maw","floor":38.0,"turns":6.0},{"damage":1,"enemies":"Jaw Worm Horde","floor":45,"turns":4},{"damage":0,"enemies":"Mind Bloom Boss Battle","floor":47,"turns":4},{"damage":7,"enemies":"Spire Growth","floor":48,"turns":4},{"damage":41,"enemies":"Time Eater","floor":50,"turns":9}],"seed_played":"-7653394558327035686","potions_obtained":[{"floor":10.0,"key":"Weak Potion"},{"floor":16.0,"key":"Dexterity Potion"},{"floor":20.0,"key":"Strength Potion"},{"floor":25.0,"key":"Swift Potion"},{"floor":28.0,"key":"SteroidPotion"},{"floor":45,"key":"Block Potion"},{"floor":47,"key":"EssenceOfSteel"},{"floor":48,"key":"Explosive Potion"}],"is_trial":false,"path_per_floor":["M","$","?","$","?","R","E","M","T","M","?","$","E","M","R","B",null,"M","?","M","$","?","R","E","M","T","R","?","M","R","T","R","B",null,"M","M","T","M","?","R","$","R","T","R","M","$","?","M","R","B",null],"character_chosen":"THE_SILENT","items_purchased":["Noxious Fumes","Poisoned Stab","Footwork","Predator","Catalyst","Dodge and Roll","TwistedFunnel"],"campfire_rested":3,"item_purchase_floors":[2,4,12,12,21,21,41],"current_hp_per_floor":[59,59,59,59,59,59,59,59,59,57,50,50,40,39,39,38,59,46,46,46,46,46,46,29,10,10,29,5,5,24,24,24,16,54,54,54,54,53,53,53,53,53,53,53,52,52,52,51,66,39],"gold":123,"neow_bonus":"THREE_ENEMY_KILL","is_prod":false,"is_daily":false,"chose_seed":false,"campfire_upgraded":7,"win_rate":0,"timestamp":1561289205,"path_taken":["M","$","?","$","?","R","E","M","T","M","?","$","E","M","R","BOSS","M","?","M","$","?","R","E","M","T","R","?","M","R","?","R","BOSS","M","M","?","M","?","R","?","R","T","R","?","$","?","M","R","BOSS"],"build_version":"2019-01-23","purchased_purges":2,"victory":true,"max_hp_per_floor":[66,66,66,66,66,66,66,66,66,66,66,66,66,66,66,66,66,66,66,66,66,66,66,66,66,66,66,66,66,66,66,66,66,66,66,66,66,66,66,66,66,66,66,66,66,66,66,66,66,66],"card_choices":[{"not_picked":["Slice","Quick Slash"],"picked":"Dagger Spray","floor":1.0},{"not_picked":["Outmaneuver","Dagger Throw","Bane"],"picked":"SKIP","floor":7.0},{"not_picked":["Prepared","Masterful Stab"],"picked":"Catalyst","floor":8.0},{"not_picked":["Acrobatics","Choke"],"picked":"Calculated Gamble","floor":10.0},{"not_picked":["Eviscerate","Quick Slash"],"picked":"Backflip","floor":13.0},{"not_picked":["Quick Slash","Outmaneuver","Underhanded Strike"],"picked":"SKIP","floor":14.0},{"not_picked":["Phantasmal Killer","A Thousand Cuts"],"picked":"Burst","floor":16.0},{"not_picked":["Underhanded Strike","Reflex","Calculated Gamble+1"],"picked":"SKIP","floor":18.0},{"not_picked":["Underhanded Strike","Reflex","Calculated Gamble+1"],"picked":"SKIP","floor":18.0},{"not_picked":["Quick Slash","Slice"],"picked":"Deadly Poison","floor":20.0},{"not_picked":["Dagger Spray","Calculated Gamble","Night Terror"],"picked":"SKIP","floor":24.0},{"not_picked":["Sucker Punch","Flying Knee","Deadly Poison"],"picked":"Dodge and Roll+1","floor":25.0},{"not_picked":["Finisher","Backflip","Concentrate+1"],"picked":"Well Laid Plans","floor":28.0},{"not_picked":["Dagger Spray","Deflect","Dagger Throw"],"picked":"Crippling Poison","floor":29.0},{"not_picked":["After Image","Unload","Tools of the Trade"],"picked":"Bullet Time","floor":33.0},{"not_picked":["Deflect+1","Outmaneuver","Heel Hook","Terror"],"picked":"SKIP","floor":35.0},{"not_picked":["Setup","Slice","Prepared","Expertise"],"picked":"SKIP","floor":36.0},{"not_picked":["Dodge and Roll","Underhanded Strike+1","After Image","Skewer+1"],"picked":"SKIP","floor":38.0},{"not_picked":["Acrobatics","Dash","Setup"],"picked":"Backflip+1","floor":45},{"not_picked":["Cloak And Dagger","Blade Dance","Flying Knee"],"picked":"Footwork+1","floor":48}],"player_experience":604702,"relics_obtained":[{"floor":7.0,"key":"Omamori"},{"floor":9.0,"key":"Paper Crane"},{"floor":13.0,"key":"Lantern"},{"floor":24.0,"key":"Question Card"},{"floor":26.0,"key":"Oddly Smooth Stone"},{"floor":28.0,"key":"Red Mask"},{"floor":31.0,"key":"Bottled Tornado"},{"floor":37.0,"key":"Meat on the Bone"},{"floor":43,"key":"The Specimen"},{"floor":47,"key":"Bird Faced Urn"}],"event_choices":[{"damage_healed":0.0,"max_hp_gain":0.0,"max_hp_loss":0.0,"gold_gain":0.0,"event_name":"Big Fish","player_choice":"Box","floor":3.0,"gold_loss":0.0,"damage_taken":0.0,"relics_obtained":["Torii"],"cards_obtained":["Regret"]},{"damage_healed":0.0,"max_hp_gain":0.0,"max_hp_loss":0.0,"gold_gain":150.0,"event_name":"Liars Game","player_choice":"AGREE","floor":5.0,"gold_loss":0.0,"damage_taken":0.0,"cards_obtained":["Doubt"]},{"cards_removed":["Regret"],"damage_healed":0.0,"max_hp_gain":0.0,"max_hp_loss":0.0,"gold_gain":0.0,"event_name":"Golden Wing","player_choice":"Card Removal","floor":11.0,"gold_loss":0.0,"damage_taken":7.0},{"damage_healed":0.0,"max_hp_gain":0.0,"max_hp_loss":0.0,"gold_gain":0.0,"event_name":"The Mausoleum","player_choice":"Opened","floor":19.0,"gold_loss":0.0,"damage_taken":0.0,"relics_obtained":["Tiny Chest"],"cards_obtained":["Writhe"]},{"damage_healed":0.0,"max_hp_gain":0.0,"max_hp_loss":0.0,"gold_gain":0.0,"event_name":"Back to Basics","player_choice":"Simplicity","floor":22.0,"gold_loss":0.0,"damage_taken":0.0,"cards_upgraded":["Defend_G","Defend_G","Defend_G","Defend_G","Defend_G","Strike_G","Strike_G","Strike_G"]},{"damage_healed":0.0,"max_hp_gain":0.0,"max_hp_loss":0.0,"gold_gain":0.0,"event_name":"Masked Bandits","player_choice":"Fought Bandits","floor":28.0,"gold_loss":0.0,"damage_taken":0.0},{"damage_healed":0,"gold_gain":0,"player_choice":"Ignored","damage_taken":0,"max_hp_gain":0,"max_hp_loss":0,"event_name":"Mysterious Sphere","floor":39,"gold_loss":0},{"damage_healed":0,"gold_gain":0,"player_choice":"Fight","damage_taken":0,"max_hp_gain":0,"max_hp_loss":0,"event_name":"MindBloom","floor":47,"gold_loss":0}],"is_beta":false,"boss_relics":[{"not_picked":["WristBlade","White Beast Statue"],"picked":"Empty Cage"},{"not_picked":["Tiny House","Coffee Dripper"],"picked":"Cursed Key"}],"items_purged_floors":[12,46],"is_endless":false,"potions_floor_spawned":[10,16,20,25,28,45,47,48],"ascension_level":19}