{"gold_per_floor":[118,118,132,152,152,179,194,204,204,58,58,58,58,74,74,74],"floor_reached":16,"playtime":718,"items_purged":[],"score":102,"play_id":"e797742f-f3b1-46b8-9a67-2f8117b6422c","local_time":"20190511144239","is_ascension_mode":false,"campfire_choices":[{"floor":11,"key":"REST"},{"floor":13,"key":"REST"},{"data":"Consume","floor":15,"key":"SMITH"}],"neow_cost":"NONE","seed_source_timestamp":2642085767995147,"circlet_count":0,"master_deck":["Strike_B","Strike_B+1","Strike_B","Strike_B","Defend_B","Defend_B","Defend_B","Defend_B","Zap","Dualcast","Skim","Hologram+1","Turbo","Turbo","Gash+1","Bandage Up","Consume+1"],"relics":["Cracked Core","NeowsBlessing","Blood Vial","Art of War"],"potions_floor_usage":[6,7,14],"damage_taken":[{"damage":0,"enemies":"Jaw Worm","floor":1,"turns":1},{"damage":0,"enemies":"Small Slimes","floor":3,"turns":1},{"damage":0,"enemies":"Cultist","floor":4,"turns":1},{"damage":39,"enemies":"3 Sentries","floor":6,"turns":7},{"damage":0,"enemies":"2 Fungi Beasts","floor":7,"turns":3},{"damage":20,"enemies":"Red Slaver","floor":8,"turns":4},{"damage":11,"enemies":"Exordium Wildlife","floor":14,"turns":2},{"damage":56,"enemies":"The Guardian","floor":16,"turns":11}],"seed_played":"-7060175839152332561","potions_obtained":[{"floor":1,"key":"Block Potion"},{"floor":3,"key":"Fire Potion"}],"is_trial":false,"path_per_floor":["M","?","M","M","?","E","M","M","T","$","R","?","R","M","R","B"],"character_chosen":"DEFECT","items_purchased":["PowerPotion","Bandage Up"],"campfire_rested":2,"item_purchase_floors":[10,10],"current_hp_per_floor":[75,75,75,75,60,21,23,5,5,5,27,27,49,44,44,0],"gold":74,"neow_bonus":"THREE_ENEMY_KILL","is_prod":false,"is_daily":false,"chose_seed":false,"campfire_upgraded":1,"win_rate":0.0,"timestamp":1557600159,"path_taken":["M","?","M","M","?","E","M","M","T","$","R","?","R","M","R","BOSS"],"build_version":"2019-01-23","purchased_purges":0,"victory":false,"max_hp_per_floor":[75,75,75,75,75,75,75,75,75,75,75,75,75,75,75,75],"card_choices":[{"not_picked":["Undo","Leap"],"picked":"Skim","floor":1},{"not_picked":["Defragment","Aggregate"],"picked":"Hologram","floor":3},{"not_picked":["Beam Cell","Aggregate","Steam"],"picked":"SKIP","floor":4},{"not_picked":["Reprogram","Compile Driver"],"picked":"Turbo","floor":6},{"not_picked":["Chill","Streamline"],"picked":"Turbo","floor":7},{"not_picked":["Go for the Eyes","Steam"],"picked":"Gash","floor":8},{"not_picked":["Coolheaded","Fission"],"picked":"Consume","floor":14}],"player_experience":110856,"relics_obtained":[{"floor":6,"key":"Blood Vial"},{"floor":9,"key":"Art of War"}],"event_choices":[{"damage_healed":0,"gold_gain":0,"player_choice":"Ignored","damage_taken":0,"max_hp_gain":0,"max_hp_loss":0,"event_name":"Golden Idol","floor":2,"gold_loss":0},{"damage_healed":0,"gold_gain":0,"player_choice":"Entered Light","damage_taken":15,"max_hp_gain":0,"max_hp_loss":0,"event_name":"Shining Light","floor":5,"gold_loss":0,"cards_upgraded":["Strike_B","Hologram"]},{"damage_healed":0,"gold_gain":0,"player_choice":"Grow","damage_taken":0,"max_hp_gain":0,"max_hp_loss":0,"event_name":"Living Wall","floor":12,"gold_loss":0,"cards_upgraded":["Gash"]}],"is_beta":false,"boss_relics":[],"items_purged_floors":[],"is_endless":false,"potions_floor_spawned":[1,3],"killed_by":"The Guardian","ascension_level":0}