{"gold_per_floor":[110,120,139,158,158,158,233,259,259,259,272,303,303,103,103,180,180,190,208,208,225,239,239],"floor_reached":23,"playtime":1107,"items_purged":["Strike_R"],"score":355,"play_id":"1c4674b3-3ced-45eb-abb6-81fa75a602d1","local_time":"20190715144433","is_ascension_mode":true,"campfire_choices":[{"floor":6,"key":"REST"},{"floor":10,"key":"REST"},{"floor":15,"key":"REST"}],"neow_cost":"NONE","seed_source_timestamp":279511219211263,"circlet_count":0,"master_deck":["AscendersBane","Strike_R","Strike_R","Strike_R","Strike_R","Defend_R","Defend_R","Defend_R","Defend_R","Bash","Demon Form","Iron Wave","Headbutt","Pommel Strike","Rampage","Armaments","Uppercut","Carnage","Heavy Blade","Iron Wave","Headbutt","Immolate","Sword Boomerang","Body Slam+1","Armaments"],"relics":["Burning Blood","Potion Belt","Dream Catcher","Bottled Tornado","Mummified Hand","Velvet Choker","Frozen Egg 2"],"potions_floor_usage":[12,16,19,21,22],"damage_taken":[{"damage":19,"enemies":"Small Slimes","floor":1,"turns":5},{"damage":15,"enemies":"Jaw Worm","floor":2,"turns":5},{"damage":1,"enemies":"Cultist","floor":3,"turns":4},{"damage":27,"enemies":"Lots of Slimes","floor":4,"turns":6},{"damage":25,"enemies":"Lagavulin","floor":8,"turns":6},{"damage":14,"enemies":"3 Louse","floor":11,"turns":4},{"damage":25,"enemies":"3 Sentries","floor":12,"turns":6},{"damage":34,"enemies":"The Guardian","floor":16,"turns":7},{"damage":22,"enemies":"3 Byrds","floor":18,"turns":5},{"damage":16,"enemies":"Shell Parasite","floor":19,"turns":5},{"damage":15,"enemies":"3 Cultists","floor":21,"turns":4},{"damage":24,"enemies":"Snake Plant","floor":22,"turns":3},{"damage":29,"enemies":"Slavers","floor":23,"turns":1}],"seed_played":"1903267638267926108","potions_obtained":[{"floor":4,"key":"SteroidPotion"},{"floor":8,"key":"Explosive Potion"},{"floor":12,"key":"SpeedPotion"},{"floor":16,"key":"FearPotion"},{"floor":18,"key":"Explosive Potion"}],"is_trial":false,"path_per_floor":["M","M","M","M","?","R","?","E","T","R","M","E","T","$","R","B",null,"M","M","T","M","M","E"],"character_chosen":"IRONCLAD","items_purchased":["BloodPotion","Iron Wave"],"campfire_rested":3,"item_purchase_floors":[14,14],"current_hp_per_floor":[55,46,51,30,30,52,41,22,22,44,36,17,17,17,39,11,59,43,51,51,42,24,0],"gold":239,"neow_bonus":"ONE_RANDOM_RARE_CARD","is_prod":false,"is_daily":false,"chose_seed":false,"campfire_upgraded":0,"win_rate":0,"timestamp":1563173073,"path_taken":["M","M","M","M","?","R","?","E","T","R","M","E","?","$","R","BOSS","M","M","?","?","M","E"],"build_version":"2019-07-05","purchased_purges":1,"victory":false,"max_hp_per_floor":[75,75,75,75,75,75,75,75,75,75,75,75,75,75,75,75,75,75,75,75,75,75,75],"card_choices":[{"not_picked":["Clash","Searing Blow"],"picked":"Iron Wave","floor":1},{"not_picked":["Anger","Searing Blow"],"picked":"Headbutt","floor":2},{"not_picked":["Headbutt","Clothesline"],"picked":"Pommel Strike","floor":3},{"not_picked":["Wild Strike","Inflame"],"picked":"Rampage","floor":4},{"not_picked":["Pummel","Spot Weakness"],"picked":"Armaments","floor":8},{"not_picked":["Wild Strike","Twin Strike"],"picked":"Uppercut","floor":10},{"not_picked":["Warcry","True Grit"],"picked":"Carnage","floor":11},{"not_picked":["Flex","Clash"],"picked":"Heavy Blade","floor":12},{"not_picked":["Spot Weakness","Warcry"],"picked":"Headbutt","floor":15},{"not_picked":["Bludgeon","Impervious"],"picked":"Immolate","floor":16},{"not_picked":["Second Wind","Sentinel","Power Through"],"picked":"SKIP","floor":18},{"not_picked":["Havoc","Iron Wave"],"picked":"Sword Boomerang","floor":19},{"not_picked":["Headbutt","Flex"],"picked":"Body Slam+1","floor":21},{"not_picked":["Infernal Blade","Pommel Strike"],"picked":"Armaments","floor":22}],"player_experience":857770,"relics_obtained":[{"floor":8,"key":"Potion Belt"},{"floor":9,"key":"Dream Catcher"},{"floor":12,"key":"Bottled Tornado"},{"floor":13,"key":"Mummified Hand"},{"floor":20,"key":"Frozen Egg 2"}],"event_choices":[{"damage_healed":0,"gold_gain":0,"player_choice":"Ignored","damage_taken":0,"max_hp_gain":0,"max_hp_loss":0,"event_name":"Golden Wing","floor":5,"gold_loss":0},{"damage_healed":0,"gold_gain":75,"player_choice":"Gather Gold","damage_taken":11,"max_hp_gain":0,"max_hp_loss":0,"event_name":"World of Goop","floor":7,"gold_loss":0}],"is_beta":false,"boss_relics":[{"not_picked":["Eternal Feather","Tiny House"],"picked":"Velvet Choker"}],"items_purged_floors":[14],"is_endless":false,"potions_floor_spawned":[4,8,12,16,18],"killed_by":"Slavers","ascension_level":15}