{"gold_per_floor":[361,371,70,88,104,104,118,147,147,181,197,216,243,259,259,361,361,380,380,391,17,32,58,58,89,101,113,135,158,182,223,235,348,360,382,411,423,455,567,579,591,603,615,14,28,28,28,28,28,28],"floor_reached":51,"playtime":9836,"items_purged":["Strike_G","Reflex"],"score":1309,"play_id":"dc7babe7-4122-4de0-98d1-1b1e6067331f","local_time":"20190715014229","is_ascension_mode":true,"campfire_choices":[{"data":"Neutralize","floor":6.0,"key":"SMITH"},{"data":"Crippling Poison","floor":15.0,"key":"SMITH"},{"data":"Malaise","floor":24.0,"key":"SMITH"},{"data":"Noxious Fumes","floor":27.0,"key":"SMITH"},{"data":"Dash","floor":32.0,"key":"SMITH"},{"data":"Footwork","floor":40,"key":"SMITH"},{"data":"Noxious Fumes","floor":42,"key":"SMITH"},{"data":"Noxious Fumes","floor":46,"key":"SMITH"},{"data":"Good Instincts","floor":49,"key":"SMITH"}],"neow_cost":"TEN_PERCENT_HP_LOSS","seed_source_timestamp":409437908586874,"circlet_count":0,"master_deck":["AscendersBane","Strike_G+1","Defend_G","Defend_G","Defend_G","Defend_G","Defend_G","Survivor","Neutralize+1","Crippling Poison+1","Poisoned Stab","Noxious Fumes+1","Escape Plan","Bane+1","Deflect","Backflip","Noxious Fumes+1","Deflect","Deflect","Malaise+1","Dash+1","Endless Agony+1","Noxious Fumes+1","Dodge and Roll+1","Backflip+1","Dash+1","PiercingWail+1","Blur","Venomology","Cloak And Dagger+1","Backflip+1","Footwork+1","Good Instincts+1","Good Instincts","Noxious Fumes+1","Deflect","Madness","Madness"],"special_seed":0,"relics":["Ring of the Snake","Oddly Smooth Stone","Thread and Needle","Bag of Preparation","Whetstone","Bottled Lightning","Eternal Feather","Unceasing Top","Juzu Bracelet","MawBank","Bronze Scales","Singing Bowl","Coffee Dripper","Pocketwatch","Frozen Egg 2","Toolbox","Strawberry"],"potions_floor_usage":[39,45,50,50,50],"damage_taken":[{"damage":0.0,"enemies":"2 Louse","floor":1.0,"turns":4.0},{"damage":3.0,"enemies":"Small Slimes","floor":2.0,"turns":5.0},{"damage":0.0,"enemies":"Jaw Worm","floor":4.0,"turns":3.0},{"damage":1.0,"enemies":"Looter","floor":5.0,"turns":4.0},{"damage":0.0,"enemies":"2 Fungi Beasts","floor":7.0,"turns":4.0},{"damage":9.0,"enemies":"Lagavulin","floor":8.0,"turns":8.0},{"damage":10.0,"enemies":"Gremlin Nob","floor":10.0,"turns":5.0},{"damage":0.0,"enemies":"Exordium Wildlife","floor":11.0,"turns":4.0},{"damage":1.0,"enemies":"Lots of Slimes","floor":12.0,"turns":4.0},{"damage":0.0,"enemies":"Lagavulin","floor":13.0,"turns":7.0},{"damage":0.0,"enemies":"Blue Slaver","floor":14.0,"turns":4.0},{"damage":12.0,"enemies":"The Guardian","floor":16.0,"turns":9.0},{"damage":2.0,"enemies":"Shell Parasite","floor":18.0,"turns":6.0},{"damage":1.0,"enemies":"2 Thieves","floor":20.0,"turns":4.0},{"damage":4.0,"enemies":"Shelled Parasite and Fungi","floor":22.0,"turns":6.0},{"damage":0.0,"enemies":"Gremlin Leader","floor":23.0,"turns":7.0},{"damage":11.0,"enemies":"Slavers","floor":25.0,"turns":5.0},{"damage":0.0,"enemies":"Chosen and Byrds","floor":28.0,"turns":6.0},{"damage":0.0,"enemies":"Centurion and Healer","floor":29.0,"turns":6.0},{"damage":6.0,"enemies":"Sentry and Sphere","floor":30.0,"turns":5.0},{"damage":0.0,"enemies":"Gremlin Leader","floor":31.0,"turns":8.0},{"damage":37.0,"enemies":"Collector","floor":33.0,"turns":10.0},{"damage":6.0,"enemies":"3 Darklings","floor":35.0,"turns":5.0},{"damage":0.0,"enemies":"3 Shapes","floor":36.0,"turns":7.0},{"damage":1,"enemies":"Writhing Mass","floor":38,"turns":6},{"damage":9,"enemies":"Mind Bloom Boss Battle","floor":39,"turns":6},{"damage":0,"enemies":"Spire Growth","floor":45,"turns":6},{"damage":0,"enemies":"Donu and Deca","floor":50,"turns":9}],"seed_played":"2103908380819761683","potions_obtained":[{"floor":1.0,"key":"Explosive Potion"},{"floor":2.0,"key":"SteroidPotion"},{"floor":8.0,"key":"Regen Potion"},{"floor":13.0,"key":"Explosive Potion"},{"floor":16.0,"key":"Strength Potion"},{"floor":20.0,"key":"Dexterity Potion"},{"floor":23.0,"key":"AttackPotion"},{"floor":25.0,"key":"AttackPotion"},{"floor":35.0,"key":"Weak Potion"},{"floor":38,"key":"AttackPotion"}],"is_trial":false,"path_per_floor":["M","M","$","M","M","R","M","E","T","E","M","M","E","M","R","B",null,"M","?","M","$","M","E","R","E","T","R","M","M","M","E","R","B",null,"M","M","?","M","?","R","?","R","T","$","M","R","?","?","R","B",null],"character_chosen":"THE_SILENT","items_purchased":["Noxious Fumes","Oddly Smooth Stone","Unceasing Top","Noxious Fumes","Noxious Fumes+1","Toolbox","Strawberry","Deflect","EssenceOfSteel"],"campfire_rested":0,"item_purchase_floors":[3,3,21,21,44,44,44,44,44],"current_hp_per_floor":[63,60,60,60,59,59,59,50,50,54,54,53,53,53,53,41,58,56,56,55,55,51,51,63,52,52,63,63,63,57,57,63,28,56,50,52,52,51,42,60,52,69,69,76,78,78,78,68,78,78],"gold":28,"neow_bonus":"TWO_FIFTY_GOLD","is_prod":false,"is_daily":false,"chose_seed":false,"campfire_upgraded":9,"win_rate":0,"timestamp":1563169349,"path_taken":["M","M","$","M","M","R","M","E","T","E","M","M","E","M","R","BOSS","M","?","M","$","M","E","R","E","T","R","M","M","M","E","R","BOSS","M","M","?","M","?","R","?","R","T","$","M","R","?","?","R","BOSS"],"build_version":"2019-07-05","purchased_purges":2,"victory":true,"max_hp_per_floor":[63,63,63,63,63,63,63,63,63,63,63,63,63,63,63,63,63,63,63,63,63,63,63,63,63,63,63,63,63,63,63,63,65,65,65,67,67,67,67,67,69,69,69,76,78,78,78,78,78,78],"card_choices":[{"not_picked":["Acrobatics","Flechettes"],"picked":"Crippling Poison","floor":1.0},{"not_picked":["All Out Attack","Blade Dance"],"picked":"Poisoned Stab","floor":2.0},{"not_picked":["Slice","Blade Dance"],"picked":"Escape Plan","floor":4.0},{"not_picked":["Flying Knee","Heel Hook"],"picked":"Bane","floor":5.0},{"not_picked":["Masterful Stab","Flechettes","Deadly Poison"],"picked":"SKIP","floor":7.0},{"not_picked":["Blade Dance","Sucker Punch"],"picked":"Deflect","floor":8.0},{"not_picked":["Envenom","Poisoned Stab"],"picked":"Backflip","floor":10.0},{"not_picked":["Choke","Blade Dance"],"picked":"Noxious Fumes","floor":11.0},{"not_picked":["Outmaneuver","Slice"],"picked":"Deflect","floor":12.0},{"not_picked":["Sucker Punch","Predator","Tactician"],"picked":"SKIP","floor":13.0},{"not_picked":["Sucker Punch","Wraith Form v2"],"picked":"Deflect","floor":14.0},{"not_picked":["Night Terror","Phantasmal Killer"],"picked":"Malaise","floor":16.0},{"not_picked":["Flying Knee","Outmaneuver","Dagger Spray"],"picked":"SKIP","floor":18.0},{"not_picked":["Blade Dance","Deadly Poison"],"picked":"Endless Agony+1","floor":20.0},{"not_picked":["Die Die Die","Cloak And Dagger"],"picked":"Dodge and Roll+1","floor":22.0},{"not_picked":["Deflect","Blur"],"picked":"Backflip+1","floor":23.0},{"not_picked":["Reflex","Heel Hook"],"picked":"Dash+1","floor":25.0},{"not_picked":["Slice","Heel Hook+1"],"picked":"PiercingWail+1","floor":28.0},{"not_picked":["Leg Sweep+1","Slice","Poisoned Stab"],"picked":"SKIP","floor":29.0},{"not_picked":["Riddle With Holes","Storm of Steel"],"picked":"Blur","floor":30.0},{"not_picked":["Masterful Stab","Flying Knee"],"picked":"Venomology","floor":31.0},{"not_picked":["Malaise","Venomology","Storm of Steel"],"picked":"Singing Bowl","floor":33.0},{"not_picked":["Distraction+1","Tactician+1"],"picked":"Cloak And Dagger+1","floor":35.0},{"not_picked":["Dodge and Roll","Quick Slash","Underhanded Strike"],"picked":"Singing Bowl","floor":36.0},{"not_picked":["Cloak And Dagger+1","Riddle With Holes"],"picked":"Backflip+1","floor":38},{"not_picked":["Acrobatics+1","Prepared"],"picked":"Footwork","floor":39},{"not_picked":["Swift Strike","Forethought"],"picked":"Good Instincts","floor":41},{"not_picked":["Sadistic Nature","Impatience"],"picked":"Good Instincts","floor":41},{"not_picked":["Thinking Ahead","The Bomb","Forethought"],"picked":"Singing Bowl","floor":41},{"not_picked":["Deadly Poison+1","Acrobatics+1","Leg Sweep"],"picked":"Singing Bowl","floor":45}],"player_experience":597483,"relics_obtained":[{"floor":8.0,"key":"Thread and Needle"},{"floor":9.0,"key":"Bag of Preparation"},{"floor":10.0,"key":"Whetstone"},{"floor":13.0,"key":"Bottled Lightning"},{"floor":23.0,"key":"Juzu Bracelet"},{"floor":25.0,"key":"MawBank"},{"floor":26.0,"key":"Bronze Scales"},{"floor":31.0,"key":"Singing Bowl"},{"floor":39,"key":"Pocketwatch"},{"floor":43,"key":"Frozen Egg 2"}],"event_choices":[{"damage_healed":0.0,"max_hp_gain":0.0,"max_hp_loss":0.0,"gold_gain":0.0,"cards_transformed":["Strike_G","Strike_G"],"event_name":"Drug Dealer","player_choice":"Became Test Subject","floor":19.0,"gold_loss":0.0,"damage_taken":0.0,"cards_obtained":["Reflex","Dash"]},{"damage_healed":0.0,"max_hp_gain":0.0,"max_hp_loss":0.0,"gold_gain":0.0,"event_name":"Tomb of Lord Red Mask","player_choice":"Ignored","floor":37.0,"gold_loss":0.0,"damage_taken":0.0},{"damage_healed":0,"gold_gain":0,"player_choice":"Fight","damage_taken":0,"max_hp_gain":0,"max_hp_loss":0,"event_name":"MindBloom","floor":39,"gold_loss":0},{"damage_healed":0,"gold_gain":0,"player_choice":"Memory 3","damage_taken":10,"max_hp_gain":0,"max_hp_loss":0,"event_name":"SensoryStone","floor":41,"gold_loss":0},{"cards_removed":["Strike_G"],"damage_healed":0,"gold_gain":0,"player_choice":"Removed Attack","damage_taken":0,"max_hp_gain":0,"max_hp_loss":0,"event_name":"Falling","floor":47,"gold_loss":0},{"damage_healed":0,"gold_gain":0,"player_choice":"Embrace Madness","damage_taken":10,"max_hp_gain":0,"max_hp_loss":0,"event_name":"Winding Halls","floor":48,"gold_loss":0,"cards_obtained":["Madness","Madness"]}],"is_beta":false,"boss_relics":[{"not_picked":["Lizard Tail","Sozu"],"picked":"Eternal Feather"},{"not_picked":["Velvet Choker","WristBlade"],"picked":"Coffee Dripper"}],"items_purged_floors":[3,44],"is_endless":false,"potions_floor_spawned":[1,2,8,13,16,20,23,25,29,35,38,45],"ascension_level":10}