{"gold_per_floor":[114,114,141,168,195,237,219,181,193,205,217,229,241,268,280,392,404,431,443],"floor_reached":19,"playtime":1532,"items_purged":[],"score":192,"play_id":"be60464f-5095-4a08-96b9-c6995402c4c2","local_time":"20190527224425","daily_mods":["Specialized","ControlledChaos","Binary"],"is_ascension_mode":false,"campfire_choices":[{"floor":13,"key":"REST"},{"floor":15,"key":"REST"}],"neow_cost":"","seed_source_timestamp":0,"circlet_count":0,"master_deck":["Strike_B","Strike_B","Defend_B","Defend_B","Zap","Dualcast","Fission","Fission","Fission","Fission","Sweeping Beam","Conserve Battery","Redo","Hologram","Parasite","Self Repair","Seek","Auto Shields+1","BootSequence+1","Consume+1"],"special_seed":18044,"relics":["Cracked Core","Frozen Eye","MawBank","Torii","Question Card","Symbiotic Virus","Astrolabe"],"potions_floor_usage":[7,19],"damage_taken":[{"damage":5,"enemies":"2 Louse","floor":1,"turns":2},{"damage":18,"enemies":"Cultist","floor":3,"turns":5},{"damage":6,"enemies":"Jaw Worm","floor":4,"turns":3},{"damage":9,"enemies":"Blue Slaver","floor":5,"turns":3},{"damage":22,"enemies":"3 Sentries","floor":6,"turns":7},{"damage":0,"enemies":"Looter","floor":7,"turns":4},{"damage":20,"enemies":"Exordium Thugs","floor":14,"turns":4},{"damage":39,"enemies":"The Guardian","floor":16,"turns":8},{"damage":6,"enemies":"Chosen","floor":18,"turns":6},{"damage":48,"enemies":"Colosseum Slavers","floor":19,"turns":8},{"damage":46,"enemies":"Colosseum Nobs","floor":19,"turns":4}],"seed_played":"3335311382363075353","potions_obtained":[{"floor":5,"key":"Block Potion"},{"floor":14,"key":"Poison Potion"}],"is_trial":false,"path_per_floor":["M","?","M","M","M","E","M","?","T","?","T","$","R","M","R","B",null,"M","?"],"character_chosen":"DEFECT","items_purchased":[],"campfire_rested":2,"item_purchase_floors":[],"current_hp_per_floor":[70,70,52,46,37,15,15,15,15,33,33,33,55,35,57,25,75,75,0],"gold":443,"neow_bonus":"","is_prod":false,"is_daily":true,"chose_seed":false,"campfire_upgraded":0,"win_rate":0,"timestamp":1559011465,"path_taken":["M","?","M","M","M","E","?","?","T","?","?","$","R","M","R","BOSS","M","?"],"build_version":"2019-01-23","purchased_purges":0,"victory":false,"max_hp_per_floor":[75,75,75,75,75,75,75,75,75,75,75,75,75,75,75,75,75,75,75],"card_choices":[{"not_picked":["Streamline","Beam Cell"],"picked":"SKIP","floor":1},{"not_picked":["Turbo"],"picked":"Sweeping Beam","floor":3},{"not_picked":["Redo","Gash"],"picked":"SKIP","floor":4},{"not_picked":["Biased Cognition"],"picked":"Conserve Battery","floor":5},{"not_picked":["Compile Driver"],"picked":"Redo","floor":6},{"not_picked":["Gash"],"picked":"Hologram","floor":7},{"not_picked":["Rebound","Leap"],"picked":"Self Repair","floor":14},{"not_picked":["Reboot","Core Surge"],"picked":"Seek","floor":16},{"not_picked":["Stack","Streamline","Darkness"],"picked":"SKIP","floor":18}],"player_experience":265890,"relics_obtained":[{"floor":6,"key":"Torii"},{"floor":9,"key":"Question Card"},{"floor":11,"key":"Symbiotic Virus"}],"event_choices":[{"cards_removed":["Fission"],"damage_healed":0,"gold_gain":0,"player_choice":"Gave Card","damage_taken":0,"relics_obtained":["MawBank"],"max_hp_gain":0,"max_hp_loss":0,"event_name":"WeMeetAgain","floor":2,"gold_loss":0},{"cards_removed":["Strike_B"],"damage_healed":0,"gold_gain":0,"player_choice":"Card Removal","damage_taken":0,"max_hp_gain":0,"max_hp_loss":0,"event_name":"The Cleric","floor":8,"gold_loss":50},{"damage_healed":18,"gold_gain":0,"player_choice":"Healed and dodged fight","damage_taken":0,"max_hp_gain":0,"max_hp_loss":0,"event_name":"Mushrooms","floor":10,"gold_loss":0,"cards_obtained":["Parasite"]},{"damage_healed":0,"gold_gain":0,"player_choice":"Fight","damage_taken":0,"max_hp_gain":0,"max_hp_loss":0,"event_name":"Colosseum","floor":19,"gold_loss":0},{"damage_healed":0,"gold_gain":0,"player_choice":"Fought Nobs","damage_taken":0,"max_hp_gain":0,"max_hp_loss":0,"event_name":"Colosseum","floor":19,"gold_loss":0}],"is_beta":false,"boss_relics":[{"not_picked":["Velvet Choker","Empty Cage"],"picked":"Astrolabe"}],"items_purged_floors":[],"is_endless":false,"potions_floor_spawned":[5,14,19],"killed_by":"Colosseum Nobs","ascension_level":0}