{"gold_per_floor":[117,36,54,129,79,79,104,115,115,115,140,173,173,192,192,290,290,310,187,199,124,139,165,80,80,80,80,80,93,119,166,166,262,262,279,279,293,310,86,86,112,131,131,131,131,77,77,37,37,37],"floor_reached":51,"playtime":3022,"items_purged":["Grand Finale"],"score":858,"play_id":"00f9a3d3-8631-4cd1-a75f-ea03216dd4c3","local_time":"20190708171515","is_ascension_mode":true,"campfire_choices":[{"data":"Bouncing Flask","floor":6,"key":"SMITH"},{"floor":15,"key":"REST"},{"data":"Wraith Form v2","floor":25,"key":"SMITH"},{"data":"Leg Sweep","floor":28,"key":"SMITH"},{"floor":32,"key":"REST"},{"floor":40,"key":"REST"},{"data":"Catalyst","floor":44,"key":"SMITH"},{"floor":47,"key":"REST"},{"data":"Wraith Form v2","floor":49,"key":"SMITH"}],"neow_cost":"NONE","seed_source_timestamp":8429817161100,"circlet_count":0,"master_deck":["Survivor+1","Neutralize+1","Quick Slash+1","Bouncing Flask+1","Footwork+1","Dagger Spray+1","Deflect","Deflect+1","Blade Dance","Glass Knife","Cloak And Dagger","Setup","Bane","Wraith Form v2+1","Malaise","Bouncing Flask","Finisher","PiercingWail+1","Cloak And Dagger","Infinite Blades","Leg Sweep+1","Slice+1","Footwork","Wraith Form v2+1","Quick Slash+1","Discovery","Catalyst+1","Burst","Acrobatics"],"relics":["Ring of the Snake","NeowsBlessing","Mummified Hand","Pear","PreservedInsect","War Paint","Pandora\u0027s Box","Bag of Preparation","Ginger","Bottled Tornado","Matryoshka","Oddly Smooth Stone","Anchor","Philosopher\u0027s Stone","Juzu Bracelet","Whetstone","Ancient Tea Set","Molten Egg 2"],"potions_floor_usage":[22,23,30,33,41,41,50,50],"damage_taken":[{"damage":0,"enemies":"Small Slimes","floor":1,"turns":1},{"damage":0,"enemies":"2 Louse","floor":3,"turns":1},{"damage":0,"enemies":"Gremlin Nob","floor":7,"turns":1},{"damage":1,"enemies":"Jaw Worm","floor":8,"turns":2},{"damage":20,"enemies":"Lagavulin","floor":12,"turns":4},{"damage":0,"enemies":"Exordium Wildlife","floor":14,"turns":4},{"damage":31,"enemies":"Hexaghost","floor":16,"turns":9},{"damage":1,"enemies":"Chosen","floor":18,"turns":5},{"damage":17,"enemies":"Shell Parasite","floor":20,"turns":7},{"damage":2,"enemies":"3 Cultists","floor":22,"turns":5},{"damage":11,"enemies":"Slavers","floor":23,"turns":4},{"damage":12,"enemies":"Centurion and Healer","floor":29,"turns":8},{"damage":3,"enemies":"Gremlin Leader","floor":30,"turns":5},{"damage":59,"enemies":"Automaton","floor":33,"turns":15},{"damage":0,"enemies":"Orb Walker","floor":35,"turns":3},{"damage":32,"enemies":"3 Darklings","floor":37,"turns":4},{"damage":27,"enemies":"Jaw Worm Horde","floor":38,"turns":5},{"damage":20,"enemies":"Nemesis","floor":41,"turns":7},{"damage":4,"enemies":"Maw","floor":42,"turns":8},{"damage":50,"enemies":"Time Eater","floor":50,"turns":16}],"seed_played":"-8406064467740686352","potions_obtained":[{"floor":1,"key":"GhostInAJar"},{"floor":12,"key":"Dexterity Potion"},{"floor":20,"key":"Block Potion"},{"floor":30,"key":"Dexterity Potion"},{"floor":33,"key":"Ancient Potion"},{"floor":38,"key":"Dexterity Potion"},{"floor":48,"key":"GhostInAJar"},{"floor":48,"key":"EntropicBrew"}],"is_trial":false,"path_per_floor":["M","$","M","?","?","R","E","M","T","?","T","E","?","M","R","B",null,"M","$","M","?","M","E","?","R","T","?","R","M","E","T","R","B",null,"M","?","M","M","$","R","E","M","T","R","?","$","R","?","R","B",null],"character_chosen":"THE_SILENT","items_purchased":["Bouncing Flask","Cloak And Dagger","Regen Potion","Juzu Bracelet","Acrobatics"],"campfire_rested":4,"item_purchase_floors":[2,19,39,39,46],"current_hp_per_floor":[70,70,70,59,59,59,59,58,68,73,73,53,36,36,61,30,85,84,84,67,67,65,54,54,54,54,54,54,42,39,39,64,5,85,85,85,53,26,26,51,46,42,42,42,42,42,66,66,66,16],"gold":37,"neow_bonus":"THREE_ENEMY_KILL","is_prod":false,"is_daily":false,"chose_seed":false,"campfire_upgraded":5,"win_rate":0,"timestamp":1562620515,"path_taken":["M","$","M","?","?","R","E","M","T","?","?","E","?","M","R","BOSS","M","$","M","?","M","E","?","R","T","?","R","M","E","?","R","BOSS","M","?","M","M","$","R","E","M","T","R","?","?","R","?","R","BOSS"],"build_version":"2019-07-05","purchased_purges":1,"victory":true,"max_hp_per_floor":[70,70,70,70,70,70,70,70,80,85,85,85,85,85,85,85,85,85,85,85,85,85,85,85,85,85,85,85,85,85,85,85,85,85,85,85,85,85,85,85,85,85,85,85,81,81,81,81,81,81],"card_choices":[{"not_picked":["Dodge and Roll","Slice"],"picked":"Quick Slash","floor":1},{"not_picked":["Flying Knee","Outmaneuver"],"picked":"Footwork","floor":3},{"not_picked":["Flechettes","Dodge and Roll"],"picked":"Dagger Spray","floor":7},{"not_picked":["Grand Finale","Prepared"],"picked":"Deflect","floor":8},{"not_picked":["Underhanded Strike","Expertise"],"picked":"Deflect","floor":12},{"not_picked":["Flying Knee","Dagger Spray"],"picked":"Blade Dance","floor":14},{"not_picked":["Tools of the Trade","Phantasmal Killer"],"picked":"Glass Knife","floor":16},{"not_picked":["Skewer","Eviscerate"],"picked":"PiercingWail+1","floor":18},{"not_picked":["Poisoned Stab+1","Acrobatics","Underhanded Strike+1"],"picked":"SKIP","floor":20},{"not_picked":["Eviscerate+1","Acrobatics"],"picked":"Infinite Blades","floor":22},{"not_picked":["Dagger Spray","All Out Attack","Phantasmal Killer"],"picked":"SKIP","floor":23},{"not_picked":["Acrobatics","Flying Knee+1"],"picked":"Slice+1","floor":29},{"not_picked":["Sucker Punch+1","Backstab"],"picked":"Footwork","floor":30},{"not_picked":["Storm of Steel","Night Terror"],"picked":"Wraith Form v2","floor":33},{"not_picked":["PiercingWail","Bane+1"],"picked":"Quick Slash+1","floor":35},{"not_picked":["Sadistic Nature","Trip"],"picked":"Discovery","floor":36},{"not_picked":["Slice","Poisoned Stab"],"picked":"Catalyst","floor":37},{"not_picked":["Masterful Stab+1","Noxious Fumes+1","Concentrate"],"picked":"SKIP","floor":38},{"not_picked":["Blade Dance+1","Doppelganger"],"picked":"Burst","floor":41},{"not_picked":["Dagger Spray+1","Bane+1","Tactician"],"picked":"SKIP","floor":42}],"player_experience":195035,"relics_obtained":[{"floor":7,"key":"Mummified Hand"},{"floor":9,"key":"Pear"},{"floor":11,"key":"PreservedInsect"},{"floor":12,"key":"War Paint"},{"floor":23,"key":"Bag of Preparation"},{"floor":26,"key":"Bottled Tornado"},{"floor":30,"key":"Matryoshka"},{"floor":31,"key":"Oddly Smooth Stone"},{"floor":31,"key":"Anchor"},{"floor":41,"key":"Whetstone"},{"floor":43,"key":"Ancient Tea Set"},{"floor":43,"key":"Molten Egg 2"}],"event_choices":[{"damage_healed":0,"gold_gain":75,"player_choice":"Gather Gold","damage_taken":11,"max_hp_gain":0,"max_hp_loss":0,"event_name":"World of Goop","floor":4,"gold_loss":0},{"cards_removed":["Defend_G"],"damage_healed":0,"gold_gain":0,"player_choice":"Card Removal","damage_taken":0,"max_hp_gain":0,"max_hp_loss":0,"event_name":"The Cleric","floor":5,"gold_loss":50},{"damage_healed":0,"gold_gain":0,"player_choice":"Donut","damage_taken":0,"max_hp_gain":5,"max_hp_loss":0,"event_name":"Big Fish","floor":10,"gold_loss":0},{"damage_healed":0,"gold_gain":0,"player_choice":"Entered Light","damage_taken":17,"max_hp_gain":0,"max_hp_loss":0,"event_name":"Shining Light","floor":13,"gold_loss":0,"cards_upgraded":["Dagger Spray","Footwork"]},{"cards_removed":["Grand Finale"],"damage_healed":0,"gold_gain":0,"player_choice":"Gave Gold","damage_taken":0,"max_hp_gain":0,"max_hp_loss":0,"event_name":"Beggar","floor":21,"gold_loss":75},{"damage_healed":0,"gold_gain":0,"player_choice":"Obtained Relic","damage_taken":0,"relics_obtained":["Ginger"],"max_hp_gain":0,"max_hp_loss":0,"event_name":"Addict","floor":24,"gold_loss":85},{"damage_healed":0,"gold_gain":0,"player_choice":"Read","damage_taken":0,"max_hp_gain":0,"max_hp_loss":0,"event_name":"The Library","floor":27,"gold_loss":0,"cards_obtained":["Leg Sweep"]},{"damage_healed":0,"gold_gain":0,"player_choice":"Memory 1","damage_taken":0,"max_hp_gain":0,"max_hp_loss":0,"event_name":"SensoryStone","floor":36,"gold_loss":0},{"damage_healed":0,"gold_gain":0,"player_choice":"Max HP","damage_taken":0,"max_hp_gain":0,"max_hp_loss":4,"event_name":"Winding Halls","floor":45,"gold_loss":0},{"damage_healed":0,"gold_gain":0,"player_choice":"Bought 3 Potions","damage_taken":0,"max_hp_gain":0,"max_hp_loss":0,"event_name":"The Woman in Blue","floor":48,"gold_loss":0}],"is_beta":false,"boss_relics":[{"not_picked":["Empty Cage","HoveringKite"],"picked":"Pandora\u0027s Box"},{"not_picked":["Ring of the Serpent","Coffee Dripper"],"picked":"Philosopher\u0027s Stone"}],"items_purged_floors":[19],"is_endless":false,"potions_floor_spawned":[1,12,20,30,33,38],"ascension_level":4}