{"gold_per_floor":[118,118,133,133,144,144,171,189,189,202,219,219,229,259,259,354,354,371,354,409,426,161,161,190,190,269,304,314,347,347,362,362,460,460,475,475,68,79,98,98,132,149,175,175,175,222,254,254,254,254],"floor_reached":51,"playtime":6952,"items_purged":["Strike_B","Strike_B"],"score":1116,"play_id":"bdf37b30-9c67-4ef5-a43f-d009ed51c574","local_time":"20190707133549","is_ascension_mode":true,"campfire_choices":[{"data":"Zap","floor":6.0,"key":"SMITH"},{"floor":12.0,"key":"REST"},{"data":"Fusion","floor":15.0,"key":"SMITH"},{"data":"Defragment","floor":23.0,"key":"SMITH"},{"floor":25.0,"key":"REST"},{"data":"Consume","floor":30.0,"key":"SMITH"},{"floor":32.0,"key":"REST"},{"data":"Defragment","floor":40.0,"key":"SMITH"},{"data":"Fission","floor":44,"key":"SMITH"},{"data":"1","floor":49,"key":"LIFT"}],"neow_cost":"NONE","seed_source_timestamp":734366373201760,"circlet_count":0,"master_deck":["AscendersBane","Strike_B","Strike_B","Defend_B","Defend_B","Defend_B+1","Zap+1","Dualcast","Sweeping Beam","FTL","Conserve Battery","Coolheaded","Fusion+1","Cold Snap","Echo Form","Chill+1","Machine Learning","Loop+1","Coolheaded+1","Defragment+1","Loop+1","Self Repair","Consume+1","Fusion+1","Echo Form","Defragment+1","Reinforced Body+1","Fission+1","Ball Lightning+1"],"special_seed":0,"relics":["Inserter","FaceOfCleric","DataDisk","Question Card","Bottled Lightning","Lizard Tail","Tiny Chest","Oddly Smooth Stone","Lantern","Sundial","War Paint","Bag of Preparation","Nuclear Battery","PreservedInsect","Emotion Chip","Molten Egg 2","Girya","Bronze Scales","Bottled Tornado"],"potions_floor_usage":[41],"damage_taken":[{"damage":2.0,"enemies":"Jaw Worm","floor":1.0,"turns":4.0},{"damage":1.0,"enemies":"Cultist","floor":3.0,"turns":4.0},{"damage":3.0,"enemies":"2 Louse","floor":5.0,"turns":3.0},{"damage":18.0,"enemies":"Lagavulin","floor":7.0,"turns":6.0},{"damage":3.0,"enemies":"2 Fungi Beasts","floor":8.0,"turns":4.0},{"damage":0.0,"enemies":"Large Slime","floor":10.0,"turns":6.0},{"damage":13.0,"enemies":"3 Louse","floor":11.0,"turns":4.0},{"damage":4.0,"enemies":"2 Fungi Beasts","floor":13.0,"turns":4.0},{"damage":17.0,"enemies":"3 Sentries","floor":14.0,"turns":8.0},{"damage":25.0,"enemies":"The Guardian","floor":16.0,"turns":13.0},{"damage":4.0,"enemies":"Spheric Guardian","floor":18.0,"turns":6.0},{"damage":16.0,"enemies":"2 Thieves","floor":19.0,"turns":5.0},{"damage":10.0,"enemies":"Sentry and Sphere","floor":21.0,"turns":8.0},{"damage":32.0,"enemies":"Book of Stabbing","floor":24.0,"turns":6.0},{"damage":23.0,"enemies":"Slavers","floor":27.0,"turns":9.0},{"damage":19.0,"enemies":"Centurion and Healer","floor":28.0,"turns":11.0},{"damage":14.0,"enemies":"Book of Stabbing","floor":29.0,"turns":8.0},{"damage":10.0,"enemies":"3 Cultists","floor":31.0,"turns":7.0},{"damage":28.0,"enemies":"Champ","floor":33.0,"turns":12.0},{"damage":0.0,"enemies":"3 Darklings","floor":35.0,"turns":5.0},{"damage":4.0,"enemies":"3 Shapes","floor":38.0,"turns":6.0},{"damage":16.0,"enemies":"Sphere and 2 Shapes","floor":39.0,"turns":8.0},{"damage":5,"enemies":"Nemesis","floor":41,"turns":11},{"damage":13,"enemies":"Spire Growth","floor":42,"turns":7},{"damage":29,"enemies":"2 Orb Walkers","floor":46,"turns":7},{"damage":11,"enemies":"Reptomancer","floor":47,"turns":7},{"damage":17,"enemies":"Donu and Deca","floor":50,"turns":9}],"seed_played":"-1609377328867242774","potions_obtained":[{"floor":1.0,"key":"SteroidPotion"},{"floor":4.0,"key":"EssenceOfSteel"},{"floor":4.0,"key":"SpeedPotion"},{"floor":5.0,"key":"Fire Potion"},{"floor":8.0,"key":"Dexterity Potion"},{"floor":10.0,"key":"FocusPotion"},{"floor":27.0,"key":"EssenceOfSteel"},{"floor":31.0,"key":"Swift Potion"},{"floor":33.0,"key":"FearPotion"},{"floor":38.0,"key":"AttackPotion"},{"floor":41,"key":"GamblersBrew"},{"floor":47,"key":"Fire Potion"}],"is_trial":false,"path_per_floor":["?","M","?","M","T","T","?","?","T"],"character_chosen":"DEFECT","items_purchased":["Defragment","Oddly Smooth Stone","Emotion Chip"],"campfire_rested":3,"item_purchase_floors":[22,22,37],"current_hp_per_floor":[66,66,66,66,64,64,47,45,45,46,34,58,55,39,39,15,67,64,49,49,40,40,40,9,35,35,13,46,40,40,38,65,45,81,94,94,94,95,94,94,97,92,92,92,92,71,68,68,68,59],"gold":254,"neow_bonus":"BOSS_RELIC","is_prod":false,"is_daily":false,"chose_seed":false,"campfire_upgraded":6,"win_rate":0,"timestamp":1562495749,"path_taken":["M","?","?","?","?","R","E","M","T","M","M","R","M","E","R","BOSS","M","M","?","M","$","R","E","R","T","E","M","E","R","M","R","BOSS","M","?","$","M","M","R","E","M","T","R","?","?","E","?","R","BOSS"],"build_version":"2019-01-23","purchased_purges":2,"victory":true,"max_hp_per_floor":[75,75,76,76,77,77,78,79,79,80,81,81,82,83,83,84,84,85,86,86,87,87,87,88,88,88,89,90,91,91,92,92,93,93,94,94,94,95,96,96,97,98,98,98,98,99,100,100,100,101],"card_choices":[{"not_picked":["Chill","Rip and Tear"],"picked":"Sweeping Beam","floor":1.0},{"not_picked":["Double Energy","Storm"],"picked":"FTL","floor":3.0},{"not_picked":["Rip and Tear","Barrage"],"picked":"Conserve Battery","floor":5.0},{"not_picked":["Skim","Turbo","Lockon"],"picked":"SKIP","floor":7.0},{"not_picked":["Compile Driver","Conserve Battery"],"picked":"Coolheaded","floor":8.0},{"not_picked":["Conserve Battery","Steam","Heatsinks"],"picked":"Fusion","floor":10.0},{"not_picked":["Steam Power","Stack","Barrage"],"picked":"Cold Snap","floor":11.0},{"not_picked":["Hologram","Turbo","Rebound"],"picked":"Echo Form","floor":13.0},{"not_picked":["Redo","Hologram","Sweeping Beam"],"picked":"Chill","floor":14.0},{"not_picked":["Reboot","Meteor Strike","Seek"],"picked":"Machine Learning","floor":16.0},{"not_picked":["Rip and Tear+1","Steam","Scrape","Go for the Eyes"],"picked":"SKIP","floor":18.0},{"not_picked":["Hologram","Skim","Go for the Eyes"],"picked":"Loop+1","floor":19.0},{"not_picked":["Redo","All For One","Glacier"],"picked":"Coolheaded+1","floor":21.0},{"not_picked":["Rainbow","Cold Snap","Streamline"],"picked":"Loop+1","floor":24.0},{"not_picked":["Reinforced Body","Tempest","Hologram"],"picked":"Self Repair","floor":27.0},{"not_picked":["Defragment","Reprogram","Stack"],"picked":"Consume","floor":28.0},{"not_picked":["Loop","Sweeping Beam","Thunder Strike","Static Discharge"],"picked":"SKIP","floor":29.0},{"not_picked":["Sweeping Beam","Chill","Coolheaded+1"],"picked":"Fusion+1","floor":31.0},{"not_picked":["Thunder Strike","Machine Learning","Multi-Cast"],"picked":"Echo Form","floor":33.0},{"not_picked":["Sweeping Beam","Stack+1","Coolheaded+1"],"picked":"Defragment","floor":35.0},{"not_picked":["Heatsinks+1","Hello World+1","Redo"],"picked":"Reinforced Body+1","floor":38.0},{"not_picked":["Gash+1","Go for the Eyes","Streamline+1","Capacitor"],"picked":"SKIP","floor":39.0},{"not_picked":["Double Energy+1","Sweeping Beam","Hyperbeam"],"picked":"Fission","floor":41},{"not_picked":["Genetic Algorithm","Leap","Heatsinks+1","Force Field+1"],"picked":"SKIP","floor":42},{"not_picked":["Blizzard+1","Electrodynamics","Doom and Gloom+1"],"picked":"Ball Lightning+1","floor":47}],"player_experience":303953,"relics_obtained":[{"floor":7.0,"key":"DataDisk"},{"floor":9.0,"key":"Question Card"},{"floor":14.0,"key":"Bottled Lightning"},{"floor":20.0,"key":"Tiny Chest"},{"floor":24.0,"key":"Lantern"},{"floor":26.0,"key":"Sundial"},{"floor":27.0,"key":"War Paint"},{"floor":29.0,"key":"Bag of Preparation"},{"floor":36.0,"key":"PreservedInsect"},{"floor":41,"key":"Molten Egg 2"},{"floor":46,"key":"Girya"},{"floor":47,"key":"Bronze Scales"},{"floor":48,"key":"Bottled Tornado"}],"event_choices":[{"damage_healed":0.0,"max_hp_gain":0.0,"max_hp_loss":0.0,"gold_gain":0.0,"event_name":"FaceTrader","player_choice":"Trade","floor":2.0,"gold_loss":0.0,"damage_taken":0.0,"relics_obtained":["FaceOfCleric"]},{"damage_healed":0.0,"max_hp_gain":0.0,"max_hp_loss":0.0,"gold_gain":0.0,"event_name":"Lab","player_choice":"Got Potions","floor":4.0,"gold_loss":0.0,"damage_taken":0.0},{"cards_removed":["Defend_B"],"damage_healed":0,"gold_gain":0,"player_choice":"Removed Skill","damage_taken":0,"max_hp_gain":0,"max_hp_loss":0,"event_name":"Falling","floor":45,"gold_loss":0},{"damage_healed":0,"gold_gain":0,"player_choice":"Fight","damage_taken":0,"max_hp_gain":0,"max_hp_loss":0,"event_name":"Mysterious Sphere","floor":46,"gold_loss":0}],"is_beta":false,"boss_relics":[{"not_picked":["White Beast Statue","Cursed Key"],"picked":"Lizard Tail"},{"not_picked":["Busted Crown","Eternal Feather"],"picked":"Nuclear Battery"}],"items_purged_floors":[22,37],"is_endless":false,"potions_floor_spawned":[1,5,8,10,19,27,31,33,38,41,42,47],"ascension_level":10}