{"gold_per_floor":[110,110,123,123,134,134,59,86,86,86,100,0,17,44,44,140,140,153,68,79,94,94,94,111,128,154,29,0,0],"floor_reached":29,"playtime":3433,"items_purged":["Strike_G","Strike_G","Strike_G"],"score":235,"play_id":"2aa81433-8731-435b-85ab-e091de851a7e","local_time":"20190709014849","is_ascension_mode":false,"campfire_choices":[{"data":"Infinite Blades","floor":6.0,"key":"SMITH"},{"data":"Poisoned Stab","floor":10,"key":"SMITH"},{"floor":15,"key":"REST"},{"floor":23,"key":"REST"}],"neow_cost":"NONE","seed_source_timestamp":0,"circlet_count":0,"master_deck":["Strike_G","Strike_G","Defend_G","Defend_G","Defend_G","Defend_G","Defend_G+1","Survivor+1","Neutralize","Caltrops+1","Flying Knee","Infinite Blades+1","Poisoned Stab+1","Normality","Noxious Fumes","Sucker Punch","All Out Attack","Burst","Footwork","Underhanded Strike","Underhanded Strike","Decay","Bouncing Flask","Bane","Pain"],"special_seed":0,"relics":["Cursed Key","Gambling Chip","War Paint","Bottled Flame","Happy Flower","Velvet Choker","Letter Opener"],"potions_floor_usage":[14,16,18,21,25],"damage_taken":[{"damage":0.0,"enemies":"Small Slimes","floor":1.0,"turns":4.0},{"damage":0.0,"enemies":"Jaw Worm","floor":3.0,"turns":4.0},{"damage":0.0,"enemies":"2 Louse","floor":5.0,"turns":2.0},{"damage":22.0,"enemies":"3 Sentries","floor":8.0,"turns":7.0},{"damage":7,"enemies":"Exordium Wildlife","floor":11,"turns":3},{"damage":13,"enemies":"Lots of Slimes","floor":13,"turns":3},{"damage":4,"enemies":"Lagavulin","floor":14,"turns":6},{"damage":27,"enemies":"Hexaghost","floor":16,"turns":8},{"damage":16,"enemies":"3 Byrds","floor":18,"turns":4},{"damage":15,"enemies":"2 Thieves","floor":20,"turns":4},{"damage":26,"enemies":"Cultist and Chosen","floor":21,"turns":6},{"damage":15,"enemies":"Snecko","floor":24,"turns":5},{"damage":13,"enemies":"Centurion and Healer","floor":25,"turns":6},{"damage":8,"enemies":"3 Cultists","floor":29,"turns":3}],"seed_played":"-1335184851822669687","potions_obtained":[{"floor":5.0,"key":"Regen Potion"},{"floor":8.0,"key":"Dexterity Potion"},{"floor":14,"key":"SteroidPotion"},{"floor":16,"key":"Weak Potion"},{"floor":20,"key":"AttackPotion"},{"floor":21,"key":"Dexterity Potion"}],"is_trial":false,"path_per_floor":["M","?","M","?","M","R","$","E","T","R","M","$","M","E","R","B",null,"M","?","M","M","?","R","M","M","T","$","?","M"],"character_chosen":"THE_SILENT","items_purchased":[],"campfire_rested":2,"item_purchase_floors":[],"current_hp_per_floor":[70,58,58,58,58,58,58,51,51,51,44,44,31,27,48,21,70,54,54,39,13,13,34,19,6,6,6,6,0],"gold":0,"neow_bonus":"BOSS_RELIC","is_prod":false,"is_daily":false,"chose_seed":false,"campfire_upgraded":2,"win_rate":0,"timestamp":1562629729,"path_taken":["M","?","M","?","M","R","?","E","T","R","M","$","M","E","R","BOSS","M","?","M","M","?","R","M","M","T","$","?","M"],"build_version":"2019-07-05","purchased_purges":3,"victory":false,"max_hp_per_floor":[70,70,70,70,70,70,70,70,70,70,70,70,70,70,70,70,70,70,70,70,70,70,70,70,70,70,70,70,70],"card_choices":[{"not_picked":["Prepared","Acrobatics"],"picked":"Caltrops","floor":1.0},{"not_picked":["Deflect","Backflip"],"picked":"Flying Knee","floor":3.0},{"not_picked":["Well Laid Plans","Dagger Throw"],"picked":"Infinite Blades","floor":5.0},{"not_picked":["Caltrops","Choke"],"picked":"Poisoned Stab","floor":8.0},{"not_picked":["Blade Dance","Flechettes"],"picked":"Noxious Fumes","floor":11},{"not_picked":["Prepared","PiercingWail"],"picked":"Sucker Punch","floor":13},{"not_picked":["Phantasmal Killer","Venomology"],"picked":"All Out Attack","floor":14},{"not_picked":["Wraith Form v2","A Thousand Cuts"],"picked":"Burst","floor":16},{"not_picked":["Riddle With Holes","Eviscerate"],"picked":"Footwork","floor":18},{"not_picked":["Blade Dance+1","Endless Agony+1"],"picked":"Underhanded Strike","floor":20},{"not_picked":["Acrobatics","Sucker Punch"],"picked":"Underhanded Strike","floor":21},{"not_picked":["Flying Knee","Acrobatics"],"picked":"Bouncing Flask","floor":24},{"not_picked":["Deflect","Choke"],"picked":"Bane","floor":25}],"player_experience":64438,"relics_obtained":[{"floor":8.0,"key":"War Paint"},{"floor":9,"key":"Bottled Flame"},{"floor":14,"key":"Happy Flower"}],"event_choices":[{"damage_healed":0.0,"max_hp_gain":0.0,"max_hp_loss":0.0,"gold_gain":0.0,"event_name":"Scrap Ooze","player_choice":"Success","floor":2.0,"gold_loss":0.0,"damage_taken":12.0,"relics_obtained":["Gambling Chip"]},{"damage_healed":0.0,"max_hp_gain":0.0,"max_hp_loss":0.0,"gold_gain":0.0,"event_name":"Living Wall","player_choice":"Grow","floor":4.0,"gold_loss":0.0,"damage_taken":0.0,"cards_upgraded":["Caltrops"]},{"damage_healed":0,"gold_gain":0,"player_choice":"Obtained Relic","damage_taken":0,"relics_obtained":["Letter Opener"],"max_hp_gain":0,"max_hp_loss":0,"event_name":"Addict","floor":19,"gold_loss":85},{"damage_healed":0,"gold_gain":0,"player_choice":"Smashed Altar","damage_taken":0,"max_hp_gain":0,"max_hp_loss":0,"event_name":"Forgotten Altar","floor":22,"gold_loss":0,"cards_obtained":["Decay"]},{"damage_healed":0,"gold_gain":0,"player_choice":"Paid Fearfully","damage_taken":0,"max_hp_gain":0,"max_hp_loss":0,"event_name":"Masked Bandits","floor":28,"gold_loss":29}],"is_beta":false,"boss_relics":[{"not_picked":["HoveringKite","Astrolabe"],"picked":"Velvet Choker"}],"items_purged_floors":[7,12,27],"is_endless":false,"potions_floor_spawned":[5,8,14,16,20,21],"killed_by":"3 Cultists","ascension_level":0}