{"gold_per_floor":[117,129,204,204,48,73,142,142,142,170,189,201,220,252,252,355,355,373,78,95,109,109,135,148,168,168,168,168,183,35,135,135,236,236,256,276,276],"floor_reached":37,"playtime":10256,"items_purged":["Strike_G"],"score":762,"play_id":"577edb9a-82bd-4a5c-9508-87ac32a81eef","local_time":"20190715152132","is_ascension_mode":true,"campfire_choices":[{"floor":8.0,"key":"REST"},{"floor":15.0,"key":"REST"},{"floor":27.0,"key":"REST"},{"floor":32.0,"key":"REST"}],"neow_cost":"NONE","seed_source_timestamp":0,"circlet_count":0,"master_deck":["AscendersBane","Strike_G","Strike_G","Strike_G","Strike_G","Defend_G","Defend_G","Defend_G+1","Defend_G","Defend_G+1","Survivor","Neutralize","Bouncing Flask","Catalyst","Noxious Fumes","Discovery","Die Die Die","Choke","PiercingWail","Crippling Poison","Glass Knife","Malaise","Well Laid Plans","Sucker Punch+1","Caltrops","Terror","Cloak And Dagger","Night Terror","Pain","Choke+1","Malaise","Clumsy","Doubt","Pain","Dagger Throw","Flying Knee+1"],"special_seed":0,"relics":["Fusion Hammer","Sundial","Blue Candle","Vajra","War Paint","Bottled Flame","White Beast Statue","Orichalcum","Potion Belt","Juzu Bracelet","WarpedTongs","Bronze Scales","Du-Vu Doll","Mercury Hourglass","Calling Bell","Regal Pillow","Shuriken","Nunchaku"],"potions_floor_usage":[37,37,37],"damage_taken":[{"damage":4.0,"enemies":"Small Slimes","floor":1.0,"turns":4.0},{"damage":0.0,"enemies":"Jaw Worm","floor":2.0,"turns":4.0},{"damage":9.0,"enemies":"Gremlin Nob","floor":6.0,"turns":4.0},{"damage":10.0,"enemies":"3 Sentries","floor":10.0,"turns":5.0},{"damage":5.0,"enemies":"2 Louse","floor":11.0,"turns":3.0},{"damage":3.0,"enemies":"Blue Slaver","floor":12.0,"turns":3.0},{"damage":0.0,"enemies":"Lots of Slimes","floor":13.0,"turns":2.0},{"damage":1.0,"enemies":"Lagavulin","floor":14.0,"turns":4.0},{"damage":2.0,"enemies":"Hexaghost","floor":16.0,"turns":7.0},{"damage":22.0,"enemies":"Shell Parasite","floor":18.0,"turns":6.0},{"damage":4.0,"enemies":"Spheric Guardian","floor":20.0,"turns":4.0},{"damage":21.0,"enemies":"Snecko","floor":21.0,"turns":7.0},{"damage":4.0,"enemies":"Gremlin Leader","floor":23.0,"turns":6.0},{"damage":6.0,"enemies":"Centurion and Healer","floor":24.0,"turns":7.0},{"damage":6.0,"enemies":"Snake Plant","floor":25.0,"turns":5.0},{"damage":3.0,"enemies":"Chosen and Byrds","floor":29.0,"turns":4.0},{"damage":2.0,"enemies":"Colosseum Slavers","floor":31.0,"turns":2.0},{"damage":20.0,"enemies":"Colosseum Nobs","floor":31.0,"turns":6.0},{"damage":36.0,"enemies":"Automaton","floor":33.0,"turns":7.0},{"damage":2.0,"enemies":"Orb Walker","floor":35.0,"turns":4.0},{"damage":26.0,"enemies":"3 Darklings","floor":36.0,"turns":4.0},{"damage":52,"enemies":"Transient","floor":37,"turns":5}],"seed_played":"8232024603328261995","potions_obtained":[{"floor":1.0,"key":"Block Potion"},{"floor":10.0,"key":"SneckoOil"},{"floor":11.0,"key":"GhostInAJar"},{"floor":13.0,"key":"AttackPotion"},{"floor":14.0,"key":"Strength Potion"},{"floor":18.0,"key":"GamblersBrew"},{"floor":20.0,"key":"Fire Potion"},{"floor":21.0,"key":"LiquidBronze"},{"floor":23.0,"key":"Weak Potion"},{"floor":24.0,"key":"SteroidPotion"},{"floor":25.0,"key":"Strength Potion"},{"floor":29.0,"key":"Energy Potion"},{"floor":31.0,"key":"Ancient Potion"},{"floor":33.0,"key":"Energy Potion"},{"floor":35.0,"key":"Energy Potion"},{"floor":36.0,"key":"SteroidPotion"}],"is_trial":false,"path_per_floor":["M","M","?","?","$","E","T","R","T","E","M","M","M","E","R","B",null,"M","$","M","M","?","E","M","M","T","R","?","M","$","?","R","B",null,"M","M","M"],"character_chosen":"THE_SILENT","items_purchased":["Noxious Fumes","Discovery","Orichalcum","Well Laid Plans","Bronze Scales"],"campfire_rested":4,"item_purchase_floors":[5,5,19,19,30],"current_hp_per_floor":[59,59,48,41,41,32,32,53,53,43,38,35,35,34,55,53,66,44,44,40,19,42,38,32,26,26,47,47,44,44,22,43,7,54,52,26,0],"gold":276,"neow_bonus":"BOSS_RELIC","is_prod":false,"is_daily":false,"chose_seed":false,"campfire_upgraded":0,"win_rate":0,"timestamp":1563218492,"path_taken":["M","M","?","?","$","E","?","R","T","E","M","M","M","E","R","BOSS","M","$","M","M","?","E","M","M","T","R","?","M","$","?","R","BOSS","M","M","M"],"build_version":"2019-07-05","purchased_purges":1,"victory":false,"max_hp_per_floor":[70,70,70,70,70,70,70,70,70,70,70,70,70,70,70,70,70,70,70,70,70,70,70,70,70,70,70,70,70,70,70,70,70,70,70,70,70],"card_choices":[{"not_picked":["Prepared","Caltrops"],"picked":"Bouncing Flask","floor":1.0},{"not_picked":["Blade Dance","Backflip"],"picked":"Catalyst","floor":2.0},{"not_picked":["Flying Knee","Setup"],"picked":"Die Die Die","floor":6.0},{"not_picked":["Underhanded Strike","Quick Slash","Finisher"],"picked":"SKIP","floor":10.0},{"not_picked":["Expertise","Blade Dance"],"picked":"Choke","floor":11.0},{"not_picked":["Poisoned Stab","Escape Plan"],"picked":"PiercingWail","floor":12.0},{"not_picked":["Concentrate","Slice"],"picked":"Crippling Poison","floor":13.0},{"not_picked":["Calculated Gamble","PiercingWail"],"picked":"Glass Knife","floor":14.0},{"not_picked":["Corpse Explosion","Die Die Die"],"picked":"Malaise","floor":16.0},{"not_picked":["Tactician","Outmaneuver","Poisoned Stab"],"picked":"SKIP","floor":18.0},{"not_picked":["Deadly Poison","Dagger Spray"],"picked":"Sucker Punch+1","floor":20.0},{"not_picked":["Acrobatics","Poisoned Stab"],"picked":"Caltrops","floor":21.0},{"not_picked":["Setup+1","Sucker Punch"],"picked":"Terror","floor":23.0},{"not_picked":["Blade Dance","Accuracy"],"picked":"Cloak And Dagger","floor":24.0},{"not_picked":["Cloak And Dagger","Bane"],"picked":"Night Terror","floor":25.0},{"not_picked":["Tactician","Heel Hook","Slice"],"picked":"SKIP","floor":29.0},{"not_picked":["PiercingWail","Eviscerate"],"picked":"Choke+1","floor":31.0},{"not_picked":["Bullet Time","Glass Knife"],"picked":"Malaise","floor":33.0},{"not_picked":["Expertise","Reflex+1"],"picked":"Dagger Throw","floor":35.0},{"not_picked":["Choke+1","Poisoned Stab+1"],"picked":"Flying Knee+1","floor":36.0}],"player_experience":607319,"relics_obtained":[{"floor":6.0,"key":"Sundial"},{"floor":7.0,"key":"Blue Candle"},{"floor":9.0,"key":"Vajra"},{"floor":10.0,"key":"War Paint"},{"floor":14.0,"key":"Bottled Flame"},{"floor":23.0,"key":"Potion Belt"},{"floor":26.0,"key":"Juzu Bracelet"},{"floor":31.0,"key":"Du-Vu Doll"},{"floor":31.0,"key":"Mercury Hourglass"},{"floor":34.0,"key":"Regal Pillow"},{"floor":34.0,"key":"Shuriken"},{"floor":34.0,"key":"Nunchaku"}],"event_choices":[{"damage_healed":0.0,"max_hp_gain":0.0,"max_hp_loss":0.0,"gold_gain":75.0,"event_name":"World of Goop","player_choice":"Gather Gold","floor":3.0,"gold_loss":0.0,"damage_taken":11.0},{"damage_healed":0.0,"max_hp_gain":0.0,"max_hp_loss":0.0,"gold_gain":0.0,"event_name":"Scrap Ooze","player_choice":"Fled","floor":4.0,"gold_loss":0.0,"damage_taken":7.0},{"damage_healed":23.0,"max_hp_gain":0.0,"max_hp_loss":0.0,"gold_gain":0.0,"event_name":"The Library","player_choice":"Heal","floor":22.0,"gold_loss":0.0,"damage_taken":0.0},{"damage_healed":0.0,"max_hp_gain":0.0,"max_hp_loss":0.0,"gold_gain":0.0,"event_name":"Accursed Blacksmith","player_choice":"Rummage","floor":28.0,"gold_loss":0.0,"damage_taken":0.0,"relics_obtained":["WarpedTongs"],"cards_obtained":["Pain"]},{"damage_healed":0.0,"max_hp_gain":0.0,"max_hp_loss":0.0,"gold_gain":0.0,"event_name":"Colosseum","player_choice":"Fight","floor":31.0,"gold_loss":0.0,"damage_taken":0.0},{"damage_healed":0.0,"max_hp_gain":0.0,"max_hp_loss":0.0,"gold_gain":0.0,"event_name":"Colosseum","player_choice":"Fought Nobs","floor":31.0,"gold_loss":0.0,"damage_taken":0.0}],"is_beta":false,"boss_relics":[{"not_picked":["Velvet Choker","Lizard Tail"],"picked":"White Beast Statue"},{"not_picked":["WristBlade","Pandora\u0027s Box"],"picked":"Calling Bell"}],"items_purged_floors":[19],"is_endless":false,"potions_floor_spawned":[1,10,11,13,14,18,20,21,23,24,25,29,31,31,33,35,36],"killed_by":"Transient","ascension_level":11}