{"gold_per_floor":[144,189,189,189,238,238,238,336,336,385,385,434,34,34],"floor_reached":14,"playtime":564,"items_purged":[],"score":90,"play_id":"f1310c3e-2bcc-461b-8c96-84545a1dd285","local_time":"20190506001703","daily_mods":["Chimera","Colorless Cards","Midas"],"is_ascension_mode":false,"campfire_choices":[],"neow_cost":"","seed_source_timestamp":2154701918663344,"circlet_count":0,"master_deck":["Bash+1","Survivor","Zap+1","Strike_R","Strike_G","Strike_B+1","Defend_R","Defend_G","Defend_B","Metallicize","Armaments+1"],"special_seed":18022,"relics":["Burning Blood","Golden Idol","Ginger","Toxic Egg 2","Regal Pillow","Letter Opener","PrismaticShard","Red Skull"],"potions_floor_usage":[8,10,14],"damage_taken":[{"damage":10,"enemies":"Jaw Worm","floor":1,"turns":3},{"damage":0,"enemies":"Small Slimes","floor":2,"turns":3},{"damage":12,"enemies":"2 Louse","floor":5,"turns":3},{"damage":35,"enemies":"3 Sentries","floor":8,"turns":9},{"damage":0,"enemies":"Large Slime","floor":10,"turns":5},{"damage":13,"enemies":"Lots of Slimes","floor":12,"turns":4},{"damage":9,"enemies":"Exordium Wildlife","floor":14,"turns":2}],"seed_played":"2603549402228900304","potions_obtained":[{"floor":5,"key":"BloodPotion"},{"floor":8,"key":"PowerPotion"}],"is_trial":false,"path_per_floor":["M","M","?","?","M","?","T","E","T","M","?","M","$","M"],"character_chosen":"IRONCLAD","items_purchased":["PrismaticShard","Red Skull","SkillPotion"],"campfire_rested":0,"item_purchase_floors":[13,13,13],"current_hp_per_floor":[76,80,60,44,38,31,31,10,10,16,16,9,9,0],"gold":34,"neow_bonus":"","is_prod":false,"is_daily":true,"chose_seed":false,"campfire_upgraded":0,"win_rate":0.0,"timestamp":1557116223,"path_taken":["M","M","?","?","M","?","?","E","T","M","?","M","$","?"],"build_version":"2019-01-23","purchased_purges":0,"victory":false,"max_hp_per_floor":[80,80,80,80,80,80,80,80,80,80,80,80,80,80],"card_choices":[{"not_picked":["Wild Strike","Dual Wield","Clothesline"],"picked":"SKIP","floor":1},{"not_picked":["Second Wind","Havoc","Flex"],"picked":"SKIP","floor":2},{"not_picked":["Headbutt","Wild Strike","Perfected Strike"],"picked":"SKIP","floor":5},{"not_picked":["Wild Strike","Twin Strike"],"picked":"Metallicize","floor":8},{"not_picked":["Bandage Up+1","Brutality"],"picked":"Armaments+1","floor":10},{"not_picked":["Flex+1","Havoc+1","Headbutt"],"picked":"SKIP","floor":12}],"player_experience":38142,"relics_obtained":[{"floor":7,"key":"Toxic Egg 2"},{"floor":8,"key":"Regal Pillow"},{"floor":9,"key":"Letter Opener"}],"event_choices":[{"damage_healed":0,"gold_gain":0,"player_choice":"Take Damage","damage_taken":20,"relics_obtained":["Golden Idol"],"max_hp_gain":0,"max_hp_loss":0,"event_name":"Golden Idol","floor":3,"gold_loss":0},{"damage_healed":0,"gold_gain":0,"player_choice":"Entered Light","damage_taken":16,"max_hp_gain":0,"max_hp_loss":0,"event_name":"Shining Light","floor":4,"gold_loss":0,"cards_upgraded":["Bash","Strike_B"]},{"damage_healed":0,"gold_gain":0,"player_choice":"Success","damage_taken":7,"relics_obtained":["Ginger"],"max_hp_gain":0,"max_hp_loss":0,"event_name":"Scrap Ooze","floor":6,"gold_loss":0},{"damage_healed":0,"gold_gain":0,"player_choice":"Upgraded","damage_taken":0,"max_hp_gain":0,"max_hp_loss":0,"event_name":"Upgrade Shrine","floor":11,"gold_loss":0,"cards_upgraded":["Zap"]}],"is_beta":false,"boss_relics":[],"items_purged_floors":[],"is_endless":false,"potions_floor_spawned":[5,8],"killed_by":"Exordium Wildlife","ascension_level":0}