{"gold_per_floor":[114,129,129,144,159,189,189,91,91,91,91,106,136,205,217,329,341,368,82,82,97,112,142,142,157,157,172,172,502,502,517,517,517],"floor_reached":33,"playtime":2708,"items_purged":[],"score":522,"play_id":"089c33aa-83b5-4eb7-9e99-e7d7b45fc617","local_time":"20190524205939","daily_mods":["Insanity","Hoarder","Terminal"],"is_ascension_mode":false,"campfire_choices":[{"data":"Armaments","floor":7,"key":"SMITH"},{"data":"Armaments","floor":11,"key":"SMITH"},{"data":"Corruption","floor":15,"key":"SMITH"},{"floor":24,"key":"REST"},{"data":"Offering","floor":32,"key":"SMITH"}],"neow_cost":"","seed_source_timestamp":0,"circlet_count":0,"master_deck":["Body Slam","Wild Strike","Iron Wave","Cleave","Thunderclap","Disarm","Anger","True Grit","Twin Strike","Flex+1","Twin Strike","Feel No Pain","Carnage","Flex","Armaments+1","Iron Wave","Inflame","Shrug It Off","Intimidate","Heavy Blade","Anger","Bloodletting","Wild Strike","Searing Blow","Metallicize","Anger","Carnage","Cleave","Iron Wave","True Grit","Disarm","Dropkick","Uppercut","Iron Wave","True Grit","Corruption+1","Clash","Iron Wave","Sword Boomerang","Seeing Red+1","Body Slam","Entrench","Armaments+1","Carnage","True Grit","Pommel Strike","Thunderclap","Pommel Strike","Warcry","Warcry","Warcry","Headbutt","Headbutt","Headbutt","Rage","Rage","Rage","Madness","Madness","Madness","Headbutt","Headbutt","Headbutt","Offering","Offering","Offering+1","Blood for Blood+1","Blood for Blood+1","Blood for Blood+1","Anger","Anger","Anger","Necronomicurse","Necronomicurse","Necronomicurse","Cleave","Cleave","Cleave","Immolate","Immolate","Immolate","Fire Breathing+1","Fire Breathing+1","Fire Breathing+1"],"special_seed":18041,"relics":["Burning Blood","War Paint","Strawberry","Mercury Hourglass","Kunai","MawBank","Philosopher\u0027s Stone","Gremlin Horn","Necronomicon","Singing Bowl","Self Forming Clay","Old Coin"],"potions_floor_usage":[12,16,16,25],"damage_taken":[{"damage":0,"enemies":"Cultist","floor":1,"turns":2},{"damage":3,"enemies":"Jaw Worm","floor":2,"turns":2},{"damage":3,"enemies":"Small Slimes","floor":4,"turns":2},{"damage":8,"enemies":"2 Fungi Beasts","floor":5,"turns":3},{"damage":4,"enemies":"Gremlin Nob","floor":6,"turns":3},{"damage":0,"enemies":"Large Slime","floor":12,"turns":3},{"damage":15,"enemies":"Lagavulin","floor":13,"turns":4},{"damage":1,"enemies":"Slime Boss","floor":16,"turns":6},{"damage":12,"enemies":"3 Byrds","floor":18,"turns":3},{"damage":6,"enemies":"2 Thieves","floor":21,"turns":2},{"damage":8,"enemies":"Centurion and Healer","floor":22,"turns":4},{"damage":12,"enemies":"Gremlin Leader","floor":23,"turns":2},{"damage":1,"enemies":"Cultist and Chosen","floor":25,"turns":2},{"damage":21,"enemies":"Snake Plant","floor":27,"turns":3},{"damage":6,"enemies":"Slavers","floor":29,"turns":1},{"damage":5,"enemies":"Centurion and Healer","floor":31,"turns":3},{"damage":80,"enemies":"Collector","floor":33,"turns":7}],"seed_played":"-2780156957999969430","potions_obtained":[{"floor":5,"key":"Strength Potion"},{"floor":6,"key":"SkillPotion"},{"floor":12,"key":"Fire Potion"},{"floor":22,"key":"PowerPotion"},{"floor":25,"key":"SmokeBomb"}],"is_trial":false,"path_per_floor":["M","M","?","M","M","E","R","$","T","?","R","M","E","?","R","B",null,"M","$","?","M","M","E","R","M","T","M","?","E","?","M","R","B"],"character_chosen":"IRONCLAD","items_purchased":["Madness","Gremlin Horn","Anger"],"campfire_rested":1,"item_purchase_floors":[8,19,19],"current_hp_per_floor":[78,77,70,73,71,80,79,78,77,76,75,74,65,65,65,70,69,63,63,47,47,45,39,57,63,62,49,62,61,60,61,60,0],"gold":517,"neow_bonus":"","is_prod":false,"is_daily":true,"chose_seed":false,"campfire_upgraded":4,"win_rate":0,"timestamp":1558745979,"path_taken":["M","M","?","M","M","E","R","$","T","?","R","?","E","?","R","BOSS","M","$","?","M","M","E","R","M","T","M","?","E","?","?","R","BOSS"],"build_version":"2019-01-23","purchased_purges":0,"victory":false,"max_hp_per_floor":[78,77,76,75,74,80,79,78,77,76,75,74,73,72,71,70,69,68,67,66,65,64,63,62,63,62,63,62,61,60,61,60,60],"card_choices":[{"not_picked":["Flex","Shrug It Off","Whirlwind"],"picked":"SKIP","floor":1},{"not_picked":["Perfected Strike","Pommel Strike"],"picked":"Warcry","floor":2},{"not_picked":["Havoc","Wild Strike"],"picked":"Headbutt","floor":4},{"not_picked":["Sever Soul","Clash"],"picked":"Rage","floor":5},{"not_picked":["Armaments","Feel No Pain","Sword Boomerang"],"picked":"SKIP","floor":6},{"not_picked":["Shrug It Off","Hemokinesis"],"picked":"Headbutt","floor":12},{"not_picked":["Reaper","Bloodletting","Blood for Blood"],"picked":"SKIP","floor":13},{"not_picked":["Demon Form","Barricade"],"picked":"Offering","floor":16},{"not_picked":["Heavy Blade","Armaments"],"picked":"Blood for Blood+1","floor":18},{"not_picked":["Whirlwind","Flex"],"picked":"Cleave","floor":21},{"not_picked":["Headbutt","Flex+1","Iron Wave"],"picked":"SKIP","floor":22},{"not_picked":["Sever Soul","Iron Wave"],"picked":"Immolate","floor":23},{"not_picked":["Havoc","Entrench","Pommel Strike"],"picked":"Singing Bowl","floor":25},{"not_picked":["Rupture","True Grit","Pommel Strike"],"picked":"Singing Bowl","floor":27},{"not_picked":["Berserk","Intimidate+1"],"picked":"Fire Breathing+1","floor":29},{"not_picked":["Armaments","Body Slam","Flex"],"picked":"Singing Bowl","floor":31}],"player_experience":241612,"relics_obtained":[{"floor":6,"key":"Strawberry"},{"floor":9,"key":"Mercury Hourglass"},{"floor":13,"key":"MawBank"},{"floor":20,"key":"Necronomicon"},{"floor":23,"key":"Singing Bowl"},{"floor":26,"key":"Self Forming Clay"},{"floor":29,"key":"Old Coin"}],"event_choices":[{"damage_healed":0,"gold_gain":0,"player_choice":"Success","damage_taken":7,"relics_obtained":["War Paint"],"max_hp_gain":0,"max_hp_loss":0,"event_name":"Scrap Ooze","floor":3,"gold_loss":0},{"cards_removed":["Inflame"],"damage_healed":0,"gold_gain":0,"player_choice":"Gave Card","damage_taken":0,"relics_obtained":["Kunai"],"max_hp_gain":0,"max_hp_loss":0,"event_name":"WeMeetAgain","floor":10,"gold_loss":0},{"damage_healed":0,"gold_gain":57,"player_choice":"Gained Gold","damage_taken":0,"max_hp_gain":0,"max_hp_loss":0,"event_name":"Golden Wing","floor":14,"gold_loss":0},{"damage_healed":0,"gold_gain":0,"player_choice":"Obtained Book","damage_taken":16,"max_hp_gain":0,"max_hp_loss":0,"event_name":"Cursed Tome","floor":20,"gold_loss":0},{"damage_healed":21,"gold_gain":0,"player_choice":"Heal","damage_taken":0,"max_hp_gain":0,"max_hp_loss":0,"event_name":"The Library","floor":28,"gold_loss":0},{"cards_removed":["Sentinel"],"damage_healed":0,"gold_gain":0,"player_choice":"Purged","damage_taken":0,"max_hp_gain":0,"max_hp_loss":0,"event_name":"Purifier","floor":30,"gold_loss":0}],"is_beta":false,"boss_relics":[{"not_picked":["Runic Cube","Lizard Tail"],"picked":"Philosopher\u0027s Stone"}],"items_purged_floors":[],"is_endless":false,"potions_floor_spawned":[4,5,6,12,22,25],"killed_by":"Collector","ascension_level":0}