{"gold_per_floor":[116,131,141,416,433,465,465,483,483,501,501,513,525,550,550,651,651,669,681,699,699],"floor_reached":21,"playtime":2117,"items_purged":[],"score":197,"play_id":"08ade9a9-d6ec-4be4-8fd4-215f6b52ce93","local_time":"20190707040957","is_ascension_mode":false,"campfire_choices":[{"data":"Inflame","floor":7,"key":"SMITH"},{"data":"Bash","floor":11,"key":"SMITH"},{"floor":15,"key":"RECALL"}],"neow_cost":"NONE","seed_source_timestamp":10734616900000,"circlet_count":0,"master_deck":["Strike_R","Strike_R","Strike_R","Strike_R","Strike_R","Defend_R","Defend_R","Defend_R","Defend_R","Bash+1","Reaper","Inflame+1","Shrug It Off","Seeing Red","Regret","Cleave","Pommel Strike","Thunderclap+1","Body Slam+1","Blood for Blood+1","Rampage+1","Demon Form","Armaments+1","Flex+1","Heavy Blade+1"],"relics":["Burning Blood","Juzu Bracelet","Molten Egg 2","Bag of Marbles","White Beast Statue"],"potions_floor_usage":[6,8,13,16,20,20,21],"damage_taken":[{"damage":7,"enemies":"2 Louse","floor":1,"turns":3},{"damage":10,"enemies":"Cultist","floor":2,"turns":4},{"damage":8,"enemies":"Jaw Worm","floor":3,"turns":4},{"damage":20,"enemies":"3 Louse","floor":5,"turns":5},{"damage":40,"enemies":"3 Sentries","floor":6,"turns":9},{"damage":0,"enemies":"Blue Slaver","floor":8,"turns":3},{"damage":6,"enemies":"2 Fungi Beasts","floor":10,"turns":3},{"damage":10,"enemies":"Looter","floor":12,"turns":2},{"damage":11,"enemies":"Exordium Thugs","floor":13,"turns":3},{"damage":27,"enemies":"Gremlin Nob","floor":14,"turns":4},{"damage":31,"enemies":"Hexaghost","floor":16,"turns":7},{"damage":26,"enemies":"Shell Parasite","floor":18,"turns":5},{"damage":28,"enemies":"Chosen","floor":19,"turns":6},{"damage":42,"enemies":"Shelled Parasite and Fungi","floor":20,"turns":5},{"damage":14,"enemies":"Cultist and Chosen","floor":21,"turns":4}],"seed_played":"4617835965983165148","potions_obtained":[{"floor":1,"key":"Block Potion"},{"floor":2,"key":"PowerPotion"},{"floor":3,"key":"Regen Potion"},{"floor":10,"key":"SneckoOil"},{"floor":13,"key":"Explosive Potion"},{"floor":18,"key":"Dexterity Potion"},{"floor":19,"key":"Strength Potion"},{"floor":20,"key":"Fire Potion"}],"is_trial":false,"path_per_floor":["M","M","M","?","M","E","R","M","T","M","R","M","M","E","R","B",null,"M","M","M","M"],"character_chosen":"IRONCLAD","items_purchased":[],"campfire_rested":0,"item_purchase_floors":[],"current_hp_per_floor":[80,80,80,80,72,50,50,61,61,61,61,57,77,56,56,38,80,60,46,10,0],"gold":699,"neow_bonus":"ONE_RANDOM_RARE_CARD","is_prod":false,"is_daily":false,"chose_seed":false,"campfire_upgraded":2,"win_rate":0,"timestamp":1562465397,"path_taken":["M","M","M","?","M","E","R","M","T","M","R","M","M","E","R","BOSS","M","M","M","M"],"build_version":"2019-07-05","purchased_purges":0,"victory":false,"max_hp_per_floor":[80,80,80,80,80,80,80,80,80,80,80,80,80,80,80,80,80,80,80,80,80],"card_choices":[{"not_picked":["Flex","Corruption"],"picked":"Inflame","floor":1},{"not_picked":["True Grit","Shockwave"],"picked":"Shrug It Off","floor":2},{"not_picked":["Shockwave","True Grit"],"picked":"Seeing Red","floor":3},{"not_picked":["Seeing Red","Whirlwind"],"picked":"Cleave","floor":5},{"not_picked":["True Grit","Anger"],"picked":"Pommel Strike","floor":6},{"not_picked":["Clash","Sword Boomerang","Sever Soul"],"picked":"SKIP","floor":8},{"not_picked":["Shockwave","Bloodletting"],"picked":"Thunderclap+1","floor":10},{"not_picked":["Armaments","Uppercut+1"],"picked":"Body Slam+1","floor":12},{"not_picked":["Shrug It Off","Fiend Fire+1"],"picked":"Blood for Blood+1","floor":13},{"not_picked":["Sword Boomerang+1","True Grit"],"picked":"Rampage+1","floor":14},{"not_picked":["Berserk","Dark Embrace"],"picked":"Demon Form","floor":16},{"not_picked":["Warcry","Power Through"],"picked":"Armaments+1","floor":18},{"not_picked":["Perfected Strike+1","Anger+1"],"picked":"Flex+1","floor":19},{"not_picked":["Spot Weakness+1","Metallicize"],"picked":"Heavy Blade+1","floor":20}],"player_experience":54008,"relics_obtained":[{"floor":6,"key":"Juzu Bracelet"},{"floor":9,"key":"Molten Egg 2"},{"floor":14,"key":"Bag of Marbles"}],"event_choices":[{"damage_healed":0,"gold_gain":275,"player_choice":"Desecrate","damage_taken":0,"max_hp_gain":0,"max_hp_loss":0,"event_name":"Golden Shrine","floor":4,"gold_loss":0,"cards_obtained":["Regret"]}],"is_beta":false,"boss_relics":[{"not_picked":["Busted Crown","Black Blood"],"picked":"White Beast Statue"}],"items_purged_floors":[],"is_endless":false,"potions_floor_spawned":[1,2,3,10,13,18,19,20],"killed_by":"Cultist and Chosen","ascension_level":0}