{"gold_per_floor":[114,129,129,129,144,174,189,189,189,204,219,219,144,159,159,259,259,274,299,3,18,21,21,36,36,36,36,66,81,81,111,111,211,211,226,72,72,87,102,102,202,217,242,272,287,39,69,84,84,84],"floor_reached":50,"playtime":7536,"items_purged":["Pain","Clumsy","Injury","Injury"],"score":669,"play_id":"3141171f-d4cd-40f4-80f4-d6d5ff5e9e98","local_time":"20190710010547","daily_mods":["Specialized","Red Cards","Lethality"],"is_ascension_mode":false,"campfire_choices":[{"floor":8,"key":"REST"},{"data":"Anger","floor":15,"key":"SMITH"},{"data":"Apotheosis","floor":23,"key":"SMITH"},{"data":"Infinite Blades","floor":25,"key":"SMITH"},{"data":"Double Tap","floor":30,"key":"SMITH"},{"floor":32,"key":"REST"},{"data":"Combust","floor":40,"key":"SMITH"},{"floor":49,"key":"REST"}],"neow_cost":"","seed_source_timestamp":0,"circlet_count":0,"master_deck":["Strike_G","Strike_G","Strike_G","Strike_G","Strike_G","Defend_G","Defend_G","Defend_G","Defend_G","Defend_G","Survivor","Neutralize","Double Tap","Double Tap+1","Double Tap","Double Tap","Double Tap+1","Anger+1","Inflame+1","Thunderclap","Backflip","Cloak And Dagger","Pommel Strike","Bouncing Flask","Shrug It Off","Feed","Anger","Apotheosis+1","Perfected Strike","Battle Trance","Infinite Blades+1","Pommel Strike","Dagger Spray+1","Demon Form","Cloak And Dagger","Combust+1","Madness","Madness","Ghostly Armor+1","Perfected Strike","Battle Trance+1","Blood for Blood+1","Blood for Blood+1","Rage","Noxious Fumes","Flying Knee","Infinite Blades+1"],"special_seed":18086,"relics":["Ring of the Snake","Letter Opener","The Specimen","WarpedTongs","Cursed Key","Vajra","Red Mask","Sundial","Ancient Tea Set","Oddly Smooth Stone","The Courier","WristBlade","Peace Pipe","Bag of Preparation","PreservedInsect","Unceasing Top"],"potions_floor_usage":[14,16,16,21,22,28,28,31,33,50,50,50],"damage_taken":[{"damage":2,"enemies":"Jaw Worm","floor":1,"turns":2},{"damage":1,"enemies":"2 Louse","floor":2,"turns":2},{"damage":0,"enemies":"Cultist","floor":5,"turns":2},{"damage":18,"enemies":"Lagavulin","floor":6,"turns":4},{"damage":4,"enemies":"Looter","floor":7,"turns":2},{"damage":3,"enemies":"Large Slime","floor":10,"turns":2},{"damage":6,"enemies":"Exordium Thugs","floor":11,"turns":3},{"damage":0,"enemies":"2 Fungi Beasts","floor":14,"turns":4},{"damage":11,"enemies":"Slime Boss","floor":16,"turns":7},{"damage":0,"enemies":"Chosen","floor":18,"turns":2},{"damage":5,"enemies":"2 Thieves","floor":21,"turns":2},{"damage":0,"enemies":"Masked Bandits","floor":22,"turns":3},{"damage":0,"enemies":"3 Cultists","floor":24,"turns":3},{"damage":0,"enemies":"Book of Stabbing","floor":28,"turns":3},{"damage":15,"enemies":"Snake Plant","floor":29,"turns":2},{"damage":8,"enemies":"Slavers","floor":31,"turns":3},{"damage":26,"enemies":"Collector","floor":33,"turns":5},{"damage":11,"enemies":"3 Darklings","floor":35,"turns":5},{"damage":10,"enemies":"3 Shapes","floor":38,"turns":6},{"damage":2,"enemies":"Transient","floor":39,"turns":5},{"damage":0,"enemies":"Mind Bloom Boss Battle","floor":41,"turns":2},{"damage":7,"enemies":"4 Shapes","floor":42,"turns":3},{"damage":15,"enemies":"Nemesis","floor":44,"turns":5},{"damage":0,"enemies":"3 Darklings","floor":45,"turns":1},{"damage":15,"enemies":"Giant Head","floor":47,"turns":5},{"damage":7,"enemies":"Jaw Worm Horde","floor":48,"turns":4},{"damage":82,"enemies":"Time Eater","floor":50,"turns":4}],"seed_played":"2934690668443707342","potions_obtained":[{"floor":5,"key":"FearPotion"},{"floor":6,"key":"PowerPotion"},{"floor":11,"key":"Regen Potion"},{"floor":14,"key":"GamblersBrew"},{"floor":16,"key":"GhostInAJar"},{"floor":18,"key":"Block Potion"},{"floor":21,"key":"Weak Potion"},{"floor":24,"key":"Swift Potion"},{"floor":28,"key":"GamblersBrew"},{"floor":41,"key":"Ancient Potion"},{"floor":42,"key":"GamblersBrew"},{"floor":44,"key":"PowerPotion"}],"is_trial":false,"path_per_floor":["M","M","?","?","M","E","M","R","T","M","M","?","$","M","R","B",null,"M","T","$","M","?","R","M","R","T","?","E","M","R","E","R","B",null,"M","$","?","M","M","R","?","M","T","E","M","$","E","M","R","B"],"character_chosen":"THE_SILENT","items_purchased":["Apotheosis","Combust","Rage","Noxious Fumes","Flying Knee"],"campfire_rested":3,"item_purchase_floors":[20,36,46,46,46],"current_hp_per_floor":[68,67,53,58,58,40,36,58,58,55,49,49,49,61,61,50,75,75,75,75,73,77,77,77,77,77,77,77,65,65,60,86,60,88,81,81,69,63,61,61,61,58,58,43,43,43,28,21,51,0],"gold":84,"neow_bonus":"","is_prod":false,"is_daily":true,"chose_seed":false,"campfire_upgraded":5,"win_rate":0,"timestamp":1562713547,"path_taken":["M","M","?","?","M","E","M","R","T","M","M","?","$","M","R","BOSS","M","?","$","M","?","R","M","R","T","?","E","M","R","E","R","BOSS","M","$","?","M","M","R","?","M","T","E","M","$","E","M","R","BOSS"],"build_version":"2019-07-05","purchased_purges":4,"victory":false,"max_hp_per_floor":[70,70,70,75,75,75,75,75,75,75,75,75,75,75,75,75,75,75,75,75,78,82,82,82,82,82,82,82,85,85,88,88,88,88,92,92,92,96,96,96,96,100,100,100,100,100,100,100,100,100],"card_choices":[{"not_picked":["Bouncing Flask","Inflame"],"picked":"Anger","floor":1},{"not_picked":["Wild Strike","Dagger Throw"],"picked":"Inflame","floor":2},{"not_picked":["Disarm","PiercingWail"],"picked":"Thunderclap","floor":5},{"not_picked":["Concentrate","Sword Boomerang"],"picked":"Backflip","floor":6},{"not_picked":["Flex","Dagger Throw"],"picked":"Cloak And Dagger","floor":7},{"not_picked":["Pummel","Sever Soul"],"picked":"Pommel Strike","floor":10},{"not_picked":["Dark Embrace","Flame Barrier"],"picked":"Bouncing Flask","floor":11},{"not_picked":["Dual Wield","Bane"],"picked":"Shrug It Off","floor":14},{"not_picked":["Grand Finale","Offering"],"picked":"Feed","floor":16},{"not_picked":["Poisoned Stab","Predator"],"picked":"Anger","floor":18},{"not_picked":["Iron Wave+1","Sever Soul"],"picked":"Perfected Strike","floor":21},{"not_picked":["Pummel","Concentrate"],"picked":"Battle Trance","floor":22},{"not_picked":["Clothesline+1","Iron Wave+1"],"picked":"Infinite Blades","floor":24},{"not_picked":["Doppelganger","Clothesline"],"picked":"Pommel Strike","floor":28},{"not_picked":["Wild Strike+1","Slice+1"],"picked":"Dagger Spray+1","floor":29},{"not_picked":["Infernal Blade","Slice","Calculated Gamble+1"],"picked":"SKIP","floor":31},{"not_picked":["Bludgeon","Die Die Die"],"picked":"Demon Form","floor":33},{"not_picked":["Leg Sweep","Hemokinesis+1"],"picked":"Cloak And Dagger","floor":35},{"not_picked":["Expertise+1","Quick Slash"],"picked":"Ghostly Armor+1","floor":38},{"not_picked":["Wild Strike+1","Rupture"],"picked":"Perfected Strike","floor":39},{"not_picked":["Power Through+1","Bane"],"picked":"Battle Trance+1","floor":41},{"not_picked":["All Out Attack+1","Warcry"],"picked":"Blood for Blood+1","floor":42},{"not_picked":["Deadly Poison+1","Dodge and Roll+1"],"picked":"Blood for Blood+1","floor":44},{"not_picked":["Carnage","Dual Wield","Bane"],"picked":"SKIP","floor":45},{"not_picked":["Demon Form","Sword Boomerang+1"],"picked":"Infinite Blades+1","floor":47},{"not_picked":["Riddle With Holes","Armaments+1","Wild Strike"],"picked":"SKIP","floor":48}],"player_experience":77484,"relics_obtained":[{"floor":6,"key":"Letter Opener"},{"floor":9,"key":"The Specimen"},{"floor":19,"key":"Vajra"},{"floor":22,"key":"Red Mask"},{"floor":26,"key":"Sundial"},{"floor":28,"key":"Oddly Smooth Stone"},{"floor":31,"key":"The Courier"},{"floor":41,"key":"Peace Pipe"},{"floor":43,"key":"Bag of Preparation"},{"floor":44,"key":"PreservedInsect"},{"floor":47,"key":"Unceasing Top"}],"event_choices":[{"damage_healed":0,"gold_gain":0,"player_choice":"Entered Light","damage_taken":14,"max_hp_gain":0,"max_hp_loss":0,"event_name":"Shining Light","floor":3,"gold_loss":0,"cards_upgraded":["Double Tap","Inflame"]},{"damage_healed":0,"gold_gain":0,"player_choice":"Donut","damage_taken":0,"max_hp_gain":5,"max_hp_loss":0,"event_name":"Big Fish","floor":4,"gold_loss":0},{"damage_healed":0,"gold_gain":0,"player_choice":"Rummage","damage_taken":0,"relics_obtained":["WarpedTongs"],"max_hp_gain":0,"max_hp_loss":0,"event_name":"Accursed Blacksmith","floor":12,"gold_loss":0,"cards_obtained":["Pain"]},{"damage_healed":0,"gold_gain":0,"player_choice":"Fought Bandits","damage_taken":0,"max_hp_gain":0,"max_hp_loss":0,"event_name":"Masked Bandits","floor":22,"gold_loss":0},{"damage_healed":0,"gold_gain":0,"player_choice":"Opened","damage_taken":0,"relics_obtained":["Ancient Tea Set"],"max_hp_gain":0,"max_hp_loss":0,"event_name":"The Mausoleum","floor":27,"gold_loss":0},{"damage_healed":0,"gold_gain":0,"player_choice":"Embrace Madness","damage_taken":12,"max_hp_gain":0,"max_hp_loss":0,"event_name":"Winding Halls","floor":37,"gold_loss":0,"cards_obtained":["Madness","Madness"]},{"damage_healed":0,"gold_gain":0,"player_choice":"Fight","damage_taken":0,"max_hp_gain":0,"max_hp_loss":0,"event_name":"MindBloom","floor":41,"gold_loss":0}],"is_beta":false,"boss_relics":[{"not_picked":["Sozu","Lizard Tail"],"picked":"Cursed Key"},{"not_picked":["Runic Pyramid","Ring of the Serpent"],"picked":"WristBlade"}],"items_purged_floors":[13,20,36,46],"is_endless":false,"potions_floor_spawned":[5,6,11,14,16,18,21,24,28,41,42,44,45],"killed_by":"Time Eater","ascension_level":0}