{"gold_per_floor":[118,131,143,158,171,206,232,263,263,275,307,326,354,386,386,465,465,476,495,495,64,76,107,124,156,156,190,221,255,266,280,280,359,359,376,129,229,248,264,299,329,355,403,436,22,56,90,116,116,116,116],"floor_reached":52,"playtime":2966,"items_purged":["White Noise","Beam Cell"],"score":3674,"play_id":"84d6d810-3131-494e-8ec9-7cf359a3fd95","local_time":"20190616213652","daily_mods":["SealedDeck","Vintage","Heirloom","Time Dilation","Flight","DeadlyEvents","Elite Swarm","Binary"],"is_ascension_mode":true,"campfire_choices":[{"data":"Gash","floor":15,"key":"SMITH"},{"data":"Gash","floor":32,"key":"SMITH"},{"data":"1","floor":49,"key":"LIFT"}],"neow_cost":"","seed_source_timestamp":0,"circlet_count":0,"master_deck":["AscendersBane","Beam Cell+1","Genetic Algorithm+1","Go for the Eyes+1","Chill+1","Go for the Eyes","BootSequence","Gash+1","Gash+1","Self Repair+1"],"relics":["Unceasing Top","Busted Crown","Peace Pipe","Bronze Scales","Kunai","Frozen Egg 2","Ancient Tea Set","Mercury Hourglass","Prayer Wheel","Blood Vial","Symbiotic Virus","Darkstone Periapt","Letter Opener","Torii","Bag of Preparation","Oddly Smooth Stone","The Courier","Nuclear Battery","Whetstone","Cables","FossilizedHelix","Centennial Puzzle","Pear","Gambling Chip","Ornamental Fan","Dream Catcher","Du-Vu Doll","Dodecahedron","Regal Pillow","Bottled Flame","Gremlin Horn","Question Card","Lizard Tail","Sundial","Anchor","Potion Belt","Emotion Chip","Pocketwatch","Omamori","DataDisk","Bottled Lightning","Bird Faced Urn","Lantern","PreservedInsect","Art of War","Singing Bowl","War Paint","Girya","Pen Nib"],"potions_floor_usage":[11,11,14,40,51,51,51,51],"damage_taken":[{"damage":0,"enemies":"Jaw Worm","floor":1,"turns":2},{"damage":0,"enemies":"Cultist","floor":2,"turns":2},{"damage":0,"enemies":"Small Slimes","floor":3,"turns":2},{"damage":0,"enemies":"Blue Slaver","floor":4,"turns":2},{"damage":0,"enemies":"Exordium Thugs","floor":5,"turns":2},{"damage":0,"enemies":"Lagavulin","floor":6,"turns":2},{"damage":0,"enemies":"Gremlin Nob","floor":7,"turns":2},{"damage":0,"enemies":"Lagavulin","floor":8,"turns":2},{"damage":3,"enemies":"Large Slime","floor":10,"turns":2},{"damage":4,"enemies":"3 Sentries","floor":11,"turns":6},{"damage":0,"enemies":"3 Louse","floor":12,"turns":2},{"damage":0,"enemies":"Gremlin Nob","floor":13,"turns":2},{"damage":0,"enemies":"3 Sentries","floor":14,"turns":4},{"damage":0,"enemies":"Hexaghost","floor":16,"turns":2},{"damage":1,"enemies":"Shell Parasite","floor":18,"turns":2},{"damage":0,"enemies":"Spheric Guardian","floor":19,"turns":2},{"damage":0,"enemies":"3 Cultists","floor":22,"turns":2},{"damage":0,"enemies":"Gremlin Leader","floor":23,"turns":2},{"damage":0,"enemies":"Snecko","floor":24,"turns":2},{"damage":17,"enemies":"Slavers","floor":25,"turns":5},{"damage":0,"enemies":"Book of Stabbing","floor":27,"turns":2},{"damage":0,"enemies":"Slavers","floor":28,"turns":2},{"damage":0,"enemies":"Gremlin Leader","floor":29,"turns":2},{"damage":0,"enemies":"Sentry and Sphere","floor":30,"turns":2},{"damage":0,"enemies":"Snake Plant","floor":31,"turns":2},{"damage":0,"enemies":"Automaton","floor":33,"turns":2},{"damage":46,"enemies":"3 Shapes","floor":35,"turns":2},{"damage":0,"enemies":"Mind Bloom Boss Battle","floor":37,"turns":3},{"damage":0,"enemies":"3 Darklings","floor":38,"turns":2},{"damage":0,"enemies":"4 Shapes","floor":39,"turns":2},{"damage":1,"enemies":"Nemesis","floor":40,"turns":3},{"damage":0,"enemies":"Giant Head","floor":41,"turns":2},{"damage":0,"enemies":"Nemesis","floor":42,"turns":3},{"damage":0,"enemies":"Giant Head","floor":44,"turns":2},{"damage":71,"enemies":"Nemesis","floor":46,"turns":5},{"damage":0,"enemies":"Giant Head","floor":47,"turns":2},{"damage":0,"enemies":"Reptomancer","floor":48,"turns":1},{"damage":40,"enemies":"Donu and Deca","floor":50,"turns":5},{"damage":0,"enemies":"Awakened One","floor":51,"turns":3}],"seed_played":"-8633723046106065403","potions_obtained":[{"floor":4,"key":"SkillPotion"},{"floor":5,"key":"GamblersBrew"},{"floor":11,"key":"Explosive Potion"},{"floor":14,"key":"Fire Potion"},{"floor":22,"key":"Dexterity Potion"},{"floor":25,"key":"GamblersBrew"},{"floor":28,"key":"Ancient Potion"},{"floor":40,"key":"Ancient Potion"},{"floor":42,"key":"SpeedPotion"},{"floor":44,"key":"Strength Potion"},{"floor":47,"key":"EssenceOfSteel"},{"floor":48,"key":"SkillPotion"}],"is_trial":true,"path_per_floor":["?","?"],"character_chosen":"DEFECT","items_purchased":["FossilizedHelix","Centennial Puzzle","Anchor","Potion Belt","Art of War","Singing Bowl"],"campfire_rested":0,"item_purchase_floors":[21,21,36,36,45,45],"current_hp_per_floor":[64,64,64,64,64,64,64,66,66,65,63,65,67,69,69,71,71,70,71,71,71,81,81,81,64,64,66,68,70,72,74,74,76,80,35,35,37,49,61,72,81,81,81,81,81,22,38,54,54,28,42],"gold":116,"neow_bonus":"","is_prod":false,"is_daily":false,"chose_seed":false,"campfire_upgraded":2,"win_rate":0,"timestamp":1560710212,"path_taken":["M","M","M","M","M","E","E","E","T","M","E","M","E","E","R","BOSS","M","M","?","$","M","E","M","E","T","E","E","E","M","M","R","BOSS","M","$","?","M","M","E","E","E","T","E","$","E","E","E","R","BOSS","BOSS"],"build_version":"2019-01-23","purchased_purges":2,"victory":true,"max_hp_per_floor":[71,71,71,71,71,71,71,71,71,71,71,71,71,71,71,71,71,71,71,71,71,81,81,81,81,81,81,81,81,81,81,81,81,81,81,81,81,81,81,81,81,81,81,81,81,83,85,87,87,87,87],"card_choices":[{"not_picked":[],"picked":"Self Repair+1","floor":37},{"not_picked":["Meteor Strike"],"picked":"SKIP","floor":40},{"not_picked":["All For One"],"picked":"SKIP","floor":41},{"not_picked":["Echo Form+1"],"picked":"SKIP","floor":42},{"not_picked":["Electrodynamics+1"],"picked":"SKIP","floor":44},{"not_picked":["Biased Cognition+1"],"picked":"Singing Bowl","floor":46},{"not_picked":["Creative AI+1"],"picked":"Singing Bowl","floor":47},{"not_picked":["Fission"],"picked":"Singing Bowl","floor":48}],"player_experience":180470,"relics_obtained":[{"floor":1,"key":"Bronze Scales"},{"floor":2,"key":"Kunai"},{"floor":3,"key":"Frozen Egg 2"},{"floor":4,"key":"Ancient Tea Set"},{"floor":5,"key":"Mercury Hourglass"},{"floor":6,"key":"Prayer Wheel"},{"floor":7,"key":"Blood Vial"},{"floor":8,"key":"Symbiotic Virus"},{"floor":9,"key":"Darkstone Periapt"},{"floor":10,"key":"Letter Opener"},{"floor":11,"key":"Torii"},{"floor":12,"key":"Bag of Preparation"},{"floor":13,"key":"Oddly Smooth Stone"},{"floor":14,"key":"The Courier"},{"floor":18,"key":"Whetstone"},{"floor":19,"key":"Cables"},{"floor":22,"key":"Pear"},{"floor":23,"key":"Gambling Chip"},{"floor":24,"key":"Ornamental Fan"},{"floor":25,"key":"Dream Catcher"},{"floor":26,"key":"Du-Vu Doll"},{"floor":27,"key":"Dodecahedron"},{"floor":28,"key":"Regal Pillow"},{"floor":29,"key":"Bottled Flame"},{"floor":30,"key":"Gremlin Horn"},{"floor":31,"key":"Question Card"},{"floor":35,"key":"Sundial"},{"floor":37,"key":"Emotion Chip"},{"floor":38,"key":"Pocketwatch"},{"floor":39,"key":"Omamori"},{"floor":40,"key":"DataDisk"},{"floor":41,"key":"Bottled Lightning"},{"floor":42,"key":"Bird Faced Urn"},{"floor":43,"key":"Lantern"},{"floor":44,"key":"PreservedInsect"},{"floor":46,"key":"War Paint"},{"floor":47,"key":"Girya"},{"floor":48,"key":"Pen Nib"}],"event_choices":[{"damage_healed":0,"gold_gain":0,"player_choice":"Ignored","damage_taken":0,"max_hp_gain":0,"max_hp_loss":0,"event_name":"Ghosts","floor":20,"gold_loss":0},{"damage_healed":0,"gold_gain":0,"player_choice":"Fight","damage_taken":0,"max_hp_gain":0,"max_hp_loss":0,"event_name":"MindBloom","floor":37,"gold_loss":0}],"is_beta":false,"boss_relics":[{"not_picked":["Velvet Choker","Runic Dome"],"picked":"Nuclear Battery"},{"not_picked":["Fusion Hammer","Snecko Eye"],"picked":"Lizard Tail"}],"items_purged_floors":[21,45],"is_endless":false,"potions_floor_spawned":[4,5,6,7,8,11,14,22,25,28,29,33,35,40,42,44,47,48],"ascension_level":20}