{"gold_per_floor":[115,115,190,190,210,210,236,254,279,259,274,291,302,20,20,97,97,113,113,28,48,58,58,88,100,136,148,174,86,96,96],"floor_reached":31,"playtime":1712,"items_purged":["Strike_B","Defend_B"],"score":522,"play_id":"8c8b0437-1f48-4daa-9ade-8daeff56efe5","local_time":"20190715203349","is_ascension_mode":true,"campfire_choices":[{"floor":6.0,"key":"REST"},{"floor":15.0,"key":"REST"},{"data":"Consume","floor":23.0,"key":"SMITH"},{"data":"Darkness","floor":25.0,"key":"SMITH"},{"floor":27.0,"key":"REST"}],"neow_cost":"PERCENT_DAMAGE","seed_source_timestamp":267708686957920,"circlet_count":0,"master_deck":["AscendersBane","Strike_B+1","Strike_B+1","Defend_B","Defend_B","Defend_B","Zap+1","Dualcast","Reboot","Ball Lightning","Cold Snap","Undo","Compile Driver","Go for the Eyes","Glacier","Core Surge","Genetic Algorithm","Genetic Algorithm","Consume+1","Loop","Biased Cognition","Echo Form","Darkness+1","Compile Driver"],"special_seed":0,"relics":["Cracked Core","Whetstone","DataDisk","Runic Capacitor","Orrery","Dodecahedron","MawBank","Omamori"],"potions_floor_usage":[31,31],"damage_taken":[{"damage":7.0,"enemies":"Small Slimes","floor":1.0,"turns":3.0},{"damage":0.0,"enemies":"2 Louse","floor":5.0,"turns":3.0},{"damage":22.0,"enemies":"3 Sentries","floor":7.0,"turns":8.0},{"damage":0.0,"enemies":"Cultist","floor":8.0,"turns":3.0},{"damage":0.0,"enemies":"Exordium Wildlife","floor":11.0,"turns":6.0},{"damage":8.0,"enemies":"Blue Slaver","floor":12.0,"turns":2.0},{"damage":0.0,"enemies":"Looter","floor":13.0,"turns":3.0},{"damage":0.0,"enemies":"Hexaghost","floor":16.0,"turns":9.0},{"damage":26.0,"enemies":"3 Byrds","floor":18.0,"turns":6.0},{"damage":1.0,"enemies":"Spheric Guardian","floor":21.0,"turns":6.0},{"damage":0.0,"enemies":"Centurion and Healer","floor":22.0,"turns":8.0},{"damage":47.0,"enemies":"Slavers","floor":24.0,"turns":7.0},{"damage":24.0,"enemies":"Shelled Parasite and Fungi","floor":28.0,"turns":6.0},{"damage":0,"enemies":"Sentry and Sphere","floor":30,"turns":6},{"damage":17,"enemies":"Book of Stabbing","floor":31,"turns":1}],"seed_played":"-1034560360023720920","potions_obtained":[{"floor":5.0,"key":"EssenceOfSteel"},{"floor":10.0,"key":"Dexterity Potion"}],"is_trial":false,"path_per_floor":["?","?","?","?","M","?","?","$"],"character_chosen":"DEFECT","items_purchased":["Runic Capacitor"],"campfire_rested":3,"item_purchase_floors":[14],"current_hp_per_floor":[39,32,21,21,21,42,20,20,20,20,20,12,12,12,33,33,62,36,59,59,58,58,58,11,11,11,32,8,8,8,0],"gold":96,"neow_bonus":"THREE_RARE_CARDS","is_prod":false,"is_daily":false,"chose_seed":false,"campfire_upgraded":2,"win_rate":0,"timestamp":1563212029,"path_taken":["M","?","?","?","M","R","E","M","T","?","M","?","M","$","R","BOSS","M","?","?","M","M","R","E","R","T","R","M","?","M","E"],"build_version":"2019-01-23","purchased_purges":2,"victory":false,"max_hp_per_floor":[71,71,71,71,71,71,71,71,71,71,71,71,71,71,71,71,71,71,71,71,71,71,71,71,71,71,71,71,71,71,71],"card_choices":[{"not_picked":["Thunder Strike","Amplify"],"picked":"Reboot","floor":0.0},{"not_picked":["Sweeping Beam","Darkness"],"picked":"Ball Lightning","floor":1.0},{"not_picked":["Blizzard","Beam Cell"],"picked":"Cold Snap","floor":5.0},{"not_picked":["Hologram","Gash"],"picked":"Undo","floor":7.0},{"not_picked":["Tempest","Redo"],"picked":"Compile Driver","floor":8.0},{"not_picked":["Force Field","Gash","Compile Driver"],"picked":"SKIP","floor":11.0},{"not_picked":["Redo","Sweeping Beam"],"picked":"Go for the Eyes","floor":12.0},{"not_picked":["Amplify","Steam"],"picked":"Glacier","floor":13.0},{"not_picked":["Meteor Strike","Seek"],"picked":"Core Surge","floor":16.0},{"not_picked":["Compile Driver","Hello World"],"picked":"Genetic Algorithm","floor":17.0},{"not_picked":["BootSequence","Tempest"],"picked":"Genetic Algorithm","floor":17.0},{"not_picked":["Redo","Gash"],"picked":"Consume","floor":17.0},{"not_picked":["Steam","Cold Snap"],"picked":"Loop","floor":18.0},{"not_picked":["Gash","Go for the Eyes+1"],"picked":"Biased Cognition","floor":21.0},{"not_picked":["Leap","Coolheaded"],"picked":"Echo Form","floor":22.0},{"not_picked":["Compile Driver","Ball Lightning"],"picked":"Darkness","floor":24.0},{"not_picked":["Gash","Turbo","Scrape"],"picked":"SKIP","floor":28.0},{"not_picked":["Gash","Turbo","Scrape"],"picked":"SKIP","floor":28.0},{"not_picked":["Streamline","Barrage"],"picked":"Compile Driver","floor":30}],"player_experience":447086,"relics_obtained":[{"floor":7.0,"key":"Whetstone"},{"floor":9.0,"key":"DataDisk"},{"floor":24.0,"key":"MawBank"},{"floor":26.0,"key":"Omamori"}],"event_choices":[{"cards_removed":["Strike_B"],"damage_healed":0.0,"max_hp_gain":0.0,"max_hp_loss":0.0,"gold_gain":0.0,"event_name":"Golden Wing","player_choice":"Card Removal","floor":2.0,"gold_loss":0.0,"damage_taken":7.0},{"damage_healed":0.0,"max_hp_gain":0.0,"max_hp_loss":0.0,"gold_gain":75.0,"event_name":"World of Goop","player_choice":"Gather Gold","floor":3.0,"gold_loss":0.0,"damage_taken":11.0},{"damage_healed":0.0,"max_hp_gain":0.0,"max_hp_loss":0.0,"gold_gain":0.0,"event_name":"Living Wall","player_choice":"Grow","floor":4.0,"gold_loss":0.0,"damage_taken":0.0,"cards_upgraded":["Zap"]},{"damage_healed":0.0,"max_hp_gain":0.0,"max_hp_loss":0.0,"gold_gain":0.0,"event_name":"The Woman in Blue","player_choice":"Bought 1 Potion","floor":10.0,"gold_loss":0.0,"damage_taken":0.0},{"damage_healed":23.0,"max_hp_gain":0.0,"max_hp_loss":0.0,"gold_gain":0.0,"event_name":"The Library","player_choice":"Heal","floor":19.0,"gold_loss":0.0,"damage_taken":0.0},{"damage_healed":0.0,"max_hp_gain":0.0,"max_hp_loss":0.0,"gold_gain":0.0,"event_name":"Addict","player_choice":"Obtained Relic","floor":20.0,"gold_loss":85.0,"damage_taken":0.0,"relics_obtained":["Dodecahedron"]}],"is_beta":false,"boss_relics":[{"not_picked":["White Beast Statue","Runic Pyramid"],"picked":"Orrery"}],"items_purged_floors":[14,29],"is_endless":false,"potions_floor_spawned":[5,12,16,18,30],"killed_by":"Book of Stabbing","ascension_level":14}