{"gold_per_floor":[114,64,79,94,109,139,154,154,229,229,244,62,77,127,127,227,227,242,257,272,7,22,22,22,60,60,75,75],"floor_reached":28,"playtime":1433,"items_purged":[],"score":249,"play_id":"99f3c9b3-a344-4cb9-9c51-0424964facfe","local_time":"20190515221735","daily_mods":["Allstar","ControlledChaos","DeadlyEvents"],"is_ascension_mode":false,"campfire_choices":[{"data":"Slimebound:CheckThePlaybook","floor":8,"key":"SMITH"},{"data":"Slimebound:DivideAndConquer","floor":15,"key":"SMITH"},{"data":"Slimebound:Dissolve","floor":23,"key":"SMITH"}],"neow_cost":"","seed_source_timestamp":0,"circlet_count":0,"master_deck":["Slimebound:Strike_Slimebound","Slimebound:Strike_Slimebound","Slimebound:Strike_Slimebound","Slimebound:Tackle","Slimebound:Defend_Slimebound","Slimebound:Defend_Slimebound","Slimebound:Defend_Slimebound","Slimebound:Split","Slimebound:CorrosiveSpit","Secret Technique","The Bomb","Blind","Master of Strategy","Dramatic Entrance","Slimebound:DivideAndConquer+1","Slimebound:RainOfGoop","Slimebound:Replication+1","Slimebound:MinionMaster","Slimebound:CheckThePlaybook+1","Slimebound:SplitLeeching","Slimebound:Dissolve+1","Slimebound:Teamwork","Slimebound:GoopTackle+1","Slimebound:SplitMire","Slimebound:GrowthPunch+1","Slimebound:MinionMaster","Slimebound:DisruptingSlam","Slimebound:SplitLeeching","Slimebound:MegaLick","Slimebound:StudyTheSpire"],"special_seed":18032,"relics":["Slimebound:AbsorbEndCombat","Frozen Eye","infinitespire:WardingShard","infinitespire:EmpoweringShard","Tiny Chest","Strawberry","hubris:RunicObelisk","Bag of Marbles","Molten Egg 2","hubris:SlimyHat"],"potions_floor_usage":[6,6,6,7,13,13,13,13,18,20,28,28],"damage_taken":[{"damage":13,"enemies":"Cultist","floor":1,"turns":3},{"damage":6,"enemies":"Small Slimes","floor":3,"turns":3},{"damage":6,"enemies":"2 Louse","floor":4,"turns":2},{"damage":6,"enemies":"2 Fungi Beasts","floor":5,"turns":2},{"damage":9,"enemies":"Lagavulin","floor":6,"turns":4},{"damage":28,"enemies":"Large Slime","floor":7,"turns":3},{"damage":10,"enemies":"Looter","floor":11,"turns":2},{"damage":3,"enemies":"Exordium Thugs","floor":13,"turns":1},{"damage":57,"enemies":"Slime Boss","floor":16,"turns":6},{"damage":28,"enemies":"3 Byrds","floor":18,"turns":3},{"damage":28,"enemies":"Shell Parasite","floor":19,"turns":2},{"damage":29,"enemies":"Snake Plant","floor":20,"turns":3},{"damage":26,"enemies":"Cultist and Chosen","floor":22,"turns":3},{"damage":15,"enemies":"Centurion and Healer","floor":25,"turns":4},{"damage":21,"enemies":"Centurion and Healer","floor":27,"turns":2},{"damage":36,"enemies":"Book of Stabbing","floor":28,"turns":2}],"seed_played":"-1426792424504152410","potions_obtained":[{"floor":3,"key":"Block Potion"},{"floor":4,"key":"Slimebound:SpawnSlimePotion"},{"floor":5,"key":"SkillPotion"},{"floor":6,"key":"Regen Potion"},{"floor":16,"key":"SkillPotion"},{"floor":18,"key":"EssenceOfSteel"},{"floor":20,"key":"EssenceOfSteel"},{"floor":27,"key":"Slimebound:SlimedPotion"}],"is_trial":false,"path_per_floor":["M","?","M","M","M","E","M","R","T","?","M","$","M","T","R","B",null,"M","M","M","$","M","R","?","MIM","T","M","E"],"character_chosen":"SLIMEBOUND","items_purchased":["Tiny Chest","Slimebound:Dissolve","EntropicBrew","Slimebound:MinionMaster","Slimebound:DisruptingSlam","Bag of Marbles"],"campfire_rested":0,"item_purchase_floors":[12,12,12,21,21,21],"current_hp_per_floor":[69,69,70,70,67,70,63,63,63,63,56,56,62,69,69,45,77,72,56,45,45,40,40,26,31,31,31,0],"gold":75,"neow_bonus":"","is_prod":false,"is_daily":true,"chose_seed":false,"campfire_upgraded":3,"win_rate":0,"timestamp":1557973055,"path_taken":["M","?","M","M","M","E","M","R","T","?","M","$","?","?","R","BOSS","M","M","M","$","M","R","?","?","T","M","?"],"build_version":"2019-01-23","purchased_purges":0,"victory":false,"max_hp_per_floor":[70,70,70,70,70,70,70,70,70,70,70,70,70,77,77,77,77,77,77,77,77,77,77,82,82,82,82,82],"card_choices":[{"not_picked":["Slimebound:ComboTackle","Slimebound:ItLooksTasty"],"picked":"Slimebound:DivideAndConquer","floor":1},{"not_picked":["Slimebound:ComboTackle","Slimebound:SplitAcid"],"picked":"Slimebound:RainOfGoop","floor":3},{"not_picked":["Slimebound:ItLooksTasty","Slimebound:ServeAndProtect"],"picked":"Slimebound:Replication","floor":4},{"not_picked":["Slimebound:SplitBruiser","Slimebound:GoopSpray"],"picked":"Slimebound:MinionMaster","floor":5},{"not_picked":["Slimebound:Lick","Slimebound:SlimeBrawl"],"picked":"Slimebound:CheckThePlaybook","floor":6},{"not_picked":["Slimebound:SplitBruiser","Slimebound:SplitAcid","Slimebound:DivideAndConquer"],"picked":"SKIP","floor":7},{"not_picked":["Slimebound:GoopTackle","Slimebound:SuperSplit"],"picked":"Slimebound:SplitLeeching","floor":11},{"not_picked":["Slimebound:SplitLeeching","Slimebound:Prepare","Slimebound:ItLooksTasty"],"picked":"SKIP","floor":13},{"not_picked":["Slimebound:CheckThePlaybook","Slimebound:SuperSplit"],"picked":"Slimebound:Teamwork","floor":16},{"not_picked":["Slimebound:LevelUp","Slimebound:Recollect+1"],"picked":"Slimebound:GoopTackle+1","floor":18},{"not_picked":["Slimebound:ViciousTackle","Slimebound:ComboTackle"],"picked":"Slimebound:SplitMire","floor":19},{"not_picked":["Slimebound:BestDefense","Slimebound:VenomTackle"],"picked":"Slimebound:GrowthPunch+1","floor":20},{"not_picked":["Slimebound:ServeAndProtect","Slimebound:LeechEnergy"],"picked":"Slimebound:SplitLeeching","floor":22},{"not_picked":["Slimebound:LivingWall+1","Slimebound:SlimeSpikes+1"],"picked":"Slimebound:MegaLick","floor":25},{"not_picked":["Slimebound:LeechingTouch+1","Slimebound:DivideAndConquer"],"picked":"Slimebound:StudyTheSpire","floor":27}],"player_experience":179244,"relics_obtained":[{"floor":6,"key":"infinitespire:WardingShard"},{"floor":9,"key":"infinitespire:EmpoweringShard"},{"floor":14,"key":"Strawberry"},{"floor":25,"key":"Molten Egg 2"},{"floor":26,"key":"hubris:SlimyHat"}],"event_choices":[{"cards_removed":["Slimebound:Defend_Slimebound"],"damage_healed":0,"gold_gain":0,"player_choice":"Card Removal","damage_taken":0,"max_hp_gain":0,"max_hp_loss":0,"event_name":"The Cleric","floor":2,"gold_loss":50},{"damage_healed":0,"gold_gain":0,"player_choice":"Grow","damage_taken":0,"max_hp_gain":0,"max_hp_loss":0,"event_name":"Living Wall","floor":10,"gold_loss":0,"cards_upgraded":["Slimebound:Replication"]},{"damage_healed":0,"gold_gain":0,"player_choice":"Shed Blood","damage_taken":19,"max_hp_gain":5,"max_hp_loss":0,"event_name":"Forgotten Altar","floor":24,"gold_loss":0}],"is_beta":false,"boss_relics":[{"not_picked":["Sozu","hubris:ScarierMask"],"picked":"hubris:RunicObelisk"}],"items_purged_floors":[],"is_endless":false,"potions_floor_spawned":[3,4,5,6,16,18,20,27],"killed_by":"Book of Stabbing","ascension_level":0}