{"gold_per_floor":[118,118,118,130,55,72,83,83,83,83,103,123,123,142,142,244,244,262,262,262,162,175,175,208,208,288,317,317,335,348,348,348,450,450,460,460,182,202,202,228,228,328,396,396,396,430,446,446],"floor_reached":48,"playtime":2349,"items_purged":["Strike_B","Defend_B","Normality"],"score":721,"play_id":"077b658d-f00b-48ea-af07-5a09fdd26a15","local_time":"20190531182815","is_ascension_mode":true,"campfire_choices":[{"data":"Zap","floor":8,"key":"SMITH"},{"data":"Dualcast","floor":10,"key":"SMITH"},{"floor":15,"key":"REST"},{"floor":23,"key":"REST"},{"floor":25,"key":"REST"},{"floor":28,"key":"REST"},{"floor":32,"key":"REST"},{"floor":41,"key":"RECALL"},{"data":"Electrodynamics","floor":45,"key":"SMITH"}],"neow_cost":"NONE","seed_source_timestamp":0,"circlet_count":0,"master_deck":["Strike_B+1","Defend_B+1","Defend_B","Zap+1","Dualcast+1","Thunder Strike+1","Ball Lightning+1","Hologram","Cold Snap","Go for the Eyes","Melter+1","Turbo","Defragment+1","Electrodynamics+1","Coolheaded","Echo Form","Glacier","Necronomicurse","Loop+1","Injury","Redo","Steam+1","Seek","Pain","Writhe","Static Discharge+1","Writhe"],"special_seed":0,"relics":["Cracked Core","Molten Egg 2","Cursed Key","Necronomicon","Pear","Cables","Letter Opener","Pantograph","Calling Bell","Strawberry","Mercury Hourglass","Torii","PreservedInsect","Whetstone","Nunchaku","SsserpentHead","Dream Catcher"],"potions_floor_usage":[11,16,27,40,48],"damage_taken":[{"damage":0,"enemies":"Cultist","floor":1,"turns":4},{"damage":2,"enemies":"2 Louse","floor":4,"turns":3},{"damage":3,"enemies":"Jaw Worm","floor":6,"turns":2},{"damage":0,"enemies":"2 Fungi Beasts","floor":7,"turns":3},{"damage":8,"enemies":"Exordium Wildlife","floor":11,"turns":3},{"damage":0,"enemies":"3 Louse","floor":12,"turns":2},{"damage":3,"enemies":"Red Slaver","floor":14,"turns":3},{"damage":25,"enemies":"Hexaghost","floor":16,"turns":8},{"damage":10,"enemies":"Shell Parasite","floor":18,"turns":3},{"damage":6,"enemies":"Chosen","floor":22,"turns":3},{"damage":52,"enemies":"Gremlin Leader","floor":24,"turns":6},{"damage":20,"enemies":"Slavers","floor":27,"turns":3},{"damage":31,"enemies":"Snake Plant","floor":29,"turns":3},{"damage":4,"enemies":"Snecko","floor":30,"turns":3},{"damage":0,"enemies":"Champ","floor":33,"turns":9},{"damage":10,"enemies":"3 Shapes","floor":35,"turns":3},{"damage":16,"enemies":"Orb Walker","floor":38,"turns":3},{"damage":24,"enemies":"Reptomancer","floor":40,"turns":5},{"damage":10,"enemies":"Mind Bloom Boss Battle","floor":42,"turns":5},{"damage":28,"enemies":"Nemesis","floor":46,"turns":5},{"damage":23,"enemies":"Jaw Worm Horde","floor":47,"turns":3},{"damage":16,"enemies":"Maw","floor":48,"turns":6}],"seed_played":"8335742435093451512","potions_obtained":[{"floor":1,"key":"Weak Potion"},{"floor":6,"key":"PowerPotion"},{"floor":16,"key":"GamblersBrew"},{"floor":22,"key":"Weak Potion"},{"floor":24,"key":"SpeedPotion"},{"floor":38,"key":"Fire Potion"},{"floor":42,"key":"FearPotion"}],"is_trial":false,"path_per_floor":["M","?","?","M","$","M","M","R","T","R","M","M","?","M","R","B",null,"M","?","?","$","M","R","E","R","T","E","R","M","M","?","R","B",null,"M","?","$","M","?","E","R","?","T","?","R","E","M","M"],"character_chosen":"DEFECT","items_purchased":["PreservedInsect"],"campfire_rested":5,"item_purchase_floors":[37],"current_hp_per_floor":[75,60,60,58,58,55,55,55,55,55,47,47,47,44,66,41,75,65,65,49,49,43,65,23,48,48,28,53,22,18,18,43,68,92,82,82,82,66,66,42,42,57,57,57,57,29,6,0],"gold":446,"neow_bonus":"ONE_RANDOM_RARE_CARD","is_prod":false,"is_daily":false,"chose_seed":false,"campfire_upgraded":3,"win_rate":0,"timestamp":1559345295,"path_taken":["M","?","?","M","$","M","M","R","T","R","M","?","?","M","R","BOSS","M","?","?","$","M","R","E","R","T","E","R","M","M","?","R","BOSS","M","?","$","?","?","E","R","?","T","?","R","E","M","M"],"build_version":"2019-01-23","purchased_purges":3,"victory":false,"max_hp_per_floor":[75,75,75,75,75,75,75,75,75,75,75,75,75,75,75,75,75,75,75,75,75,75,75,85,85,85,85,85,85,85,85,85,85,92,92,92,92,92,92,92,92,92,92,92,92,92,92,92],"card_choices":[{"not_picked":["Sunder","Barrage"],"picked":"Ball Lightning","floor":1},{"not_picked":["Undo","Stack"],"picked":"Hologram","floor":4},{"not_picked":["Reprogram","Fusion"],"picked":"Cold Snap","floor":6},{"not_picked":["Lockon","Fission"],"picked":"Go for the Eyes","floor":7},{"not_picked":["Beam Cell+1","Fusion"],"picked":"Melter+1","floor":11},{"not_picked":["Sunder+1","Steam"],"picked":"Turbo","floor":12},{"not_picked":["Skim","Auto Shields"],"picked":"Defragment","floor":14},{"not_picked":["Rainbow","Biased Cognition"],"picked":"Electrodynamics","floor":16},{"not_picked":["Hologram+1","Stack+1"],"picked":"Coolheaded","floor":18},{"not_picked":["Aggregate+1","Steam Power"],"picked":"Loop+1","floor":22},{"not_picked":["Stack","Consume","Turbo"],"picked":"SKIP","floor":24},{"not_picked":["Streamline+1","Steam"],"picked":"Redo","floor":27},{"not_picked":["Leap+1","Cold Snap+1"],"picked":"Steam+1","floor":29},{"not_picked":["Thunder Strike+1","Hologram+1","Barrage+1"],"picked":"SKIP","floor":30},{"not_picked":["Thunder Strike+1","Rainbow"],"picked":"Seek","floor":33},{"not_picked":["Barrage+1","Leap"],"picked":"Static Discharge+1","floor":35},{"not_picked":["Self Repair+1","Glacier+1","Redo"],"picked":"SKIP","floor":38},{"not_picked":["Gash+1","Ball Lightning+1","Sweeping Beam+1"],"picked":"SKIP","floor":40},{"not_picked":["Biased Cognition","Hologram","Sunder+1"],"picked":"SKIP","floor":46},{"not_picked":["Recycle+1","BootSequence","Self Repair+1"],"picked":"SKIP","floor":47}],"player_experience":41335,"relics_obtained":[{"floor":9,"key":"Molten Egg 2"},{"floor":20,"key":"Necronomicon"},{"floor":24,"key":"Pear"},{"floor":26,"key":"Cables"},{"floor":27,"key":"Letter Opener"},{"floor":34,"key":"Strawberry"},{"floor":34,"key":"Mercury Hourglass"},{"floor":34,"key":"Torii"},{"floor":40,"key":"Whetstone"},{"floor":42,"key":"Nunchaku"},{"floor":46,"key":"Dream Catcher"}],"event_choices":[{"damage_healed":0,"gold_gain":0,"player_choice":"Entered Light","damage_taken":15,"max_hp_gain":0,"max_hp_loss":0,"event_name":"Shining Light","floor":2,"gold_loss":0,"cards_upgraded":["Strike_B","Defend_B"]},{"damage_healed":0,"gold_gain":0,"player_choice":"Bought 0 Potions","damage_taken":0,"max_hp_gain":0,"max_hp_loss":0,"event_name":"The Woman in Blue","floor":3,"gold_loss":0},{"cards_removed":["Strike_B"],"damage_healed":0,"gold_gain":0,"player_choice":"Forget","damage_taken":0,"max_hp_gain":0,"max_hp_loss":0,"event_name":"Living Wall","floor":13,"gold_loss":0},{"damage_healed":0,"gold_gain":0,"cards_transformed":["Strike_B","Defend_B"],"player_choice":"Became Test Subject","damage_taken":0,"max_hp_gain":0,"max_hp_loss":0,"event_name":"Drug Dealer","floor":19,"gold_loss":0,"cards_obtained":["Echo Form","Glacier"]},{"damage_healed":0,"gold_gain":0,"player_choice":"Obtained Book","damage_taken":16,"max_hp_gain":0,"max_hp_loss":0,"event_name":"Cursed Tome","floor":20,"gold_loss":0},{"damage_healed":0,"gold_gain":0,"player_choice":"Gave Potion","damage_taken":0,"relics_obtained":["Pantograph"],"max_hp_gain":0,"max_hp_loss":0,"event_name":"WeMeetAgain","floor":31,"gold_loss":0},{"damage_healed":0,"gold_gain":0,"player_choice":"Upgraded","damage_taken":0,"max_hp_gain":0,"max_hp_loss":0,"event_name":"Upgrade Shrine","floor":36,"gold_loss":0,"cards_upgraded":["Defragment"]},{"damage_healed":0,"gold_gain":0,"player_choice":"Ignored","damage_taken":0,"max_hp_gain":0,"max_hp_loss":0,"event_name":"Tomb of Lord Red Mask","floor":39,"gold_loss":0},{"damage_healed":0,"gold_gain":0,"player_choice":"Fight","damage_taken":0,"max_hp_gain":0,"max_hp_loss":0,"event_name":"MindBloom","floor":42,"gold_loss":0},{"damage_healed":0,"gold_gain":0,"player_choice":"Trade","damage_taken":0,"relics_obtained":["SsserpentHead"],"max_hp_gain":0,"max_hp_loss":0,"event_name":"FaceTrader","floor":44,"gold_loss":0}],"is_beta":false,"boss_relics":[{"not_picked":["Runic Dome","Coffee Dripper"],"picked":"Cursed Key"},{"not_picked":["Eternal Feather","Tiny House"],"picked":"Calling Bell"}],"items_purged_floors":[5,21,37],"is_endless":false,"potions_floor_spawned":[1,6,16,22,24,38,42],"killed_by":"Maw","ascension_level":1}