{"gold_per_floor":[118,118,137,62,81,81,91,117,117,404,71,81,7,19,19,19],"floor_reached":16,"playtime":1172,"items_purged":["Regret","Regret"],"score":179,"play_id":"7a4b4e54-c497-482b-90ff-d97729a42b07","local_time":"20190625130816","is_ascension_mode":true,"campfire_choices":[{"data":"Backstab","floor":6,"key":"SMITH"},{"floor":15,"key":"REST"}],"neow_cost":"CURSE","seed_source_timestamp":313214804665960,"circlet_count":0,"master_deck":["AscendersBane","Defend_G","Defend_G","Defend_G","Defend_G","Defend_G","Strike_G","Strike_G","Strike_G","Strike_G","Strike_G","Survivor","Neutralize","Backstab+1","Dagger Throw","Dodge and Roll","Prepared","Regret","Flying Knee+1","Sucker Punch+1"],"relics":["Ring of the Snake","Thread and Needle","Anchor","Singing Bowl","MawBank","Molten Egg 2"],"potions_floor_usage":[8,16,16],"damage_taken":[{"damage":2,"enemies":"Small Slimes","floor":1,"turns":4},{"damage":2,"enemies":"Cultist","floor":3,"turns":4},{"damage":0,"enemies":"2 Louse","floor":5,"turns":3},{"damage":3,"enemies":"Looter","floor":7,"turns":3},{"damage":34,"enemies":"Gremlin Nob","floor":8,"turns":6},{"damage":4,"enemies":"Exordium Wildlife","floor":12,"turns":8},{"damage":0,"enemies":"Blue Slaver","floor":14,"turns":3},{"damage":40,"enemies":"Slime Boss","floor":16,"turns":11}],"seed_played":"-9192512833187468015","potions_obtained":[{"floor":1,"key":"Ancient Potion"},{"floor":8,"key":"Dexterity Potion"}],"is_trial":false,"path_per_floor":["M","?","M","$","M","R","M","E","T","?","$","M","$","M","R","B"],"character_chosen":"THE_SILENT","items_purchased":["Molten Egg 2","Sucker Punch+1","Fire Potion"],"campfire_rested":1,"item_purchase_floors":[11,13,13],"current_hp_per_floor":[57,57,55,55,55,55,52,20,20,20,20,16,16,18,39,0],"gold":19,"neow_bonus":"ONE_RARE_RELIC","is_prod":false,"is_daily":false,"chose_seed":false,"campfire_upgraded":1,"win_rate":0,"timestamp":1561482496,"path_taken":["M","?","M","$","M","R","M","E","T","?","$","M","$","M","R","BOSS"],"build_version":"2019-01-23","purchased_purges":2,"victory":false,"max_hp_per_floor":[66,66,66,66,66,66,66,68,68,68,68,68,68,70,70,70],"card_choices":[{"not_picked":["Dodge and Roll","Flechettes"],"picked":"Backstab","floor":1},{"not_picked":["Bane","Setup"],"picked":"Dagger Throw","floor":3},{"not_picked":["Well Laid Plans","Prepared"],"picked":"Dodge and Roll","floor":5},{"not_picked":["Blade Dance","Dagger Throw"],"picked":"Prepared","floor":7},{"not_picked":["Noxious Fumes","Choke","Dodge and Roll"],"picked":"Singing Bowl","floor":8},{"not_picked":["Infinite Blades","Poisoned Stab+1"],"picked":"Flying Knee+1","floor":12},{"not_picked":["After Image","Infinite Blades","Sucker Punch+1"],"picked":"Singing Bowl","floor":14}],"player_experience":677458,"relics_obtained":[{"floor":8,"key":"Singing Bowl"},{"floor":9,"key":"MawBank"}],"event_choices":[{"damage_healed":0,"gold_gain":0,"player_choice":"Box","damage_taken":0,"relics_obtained":["Anchor"],"max_hp_gain":0,"max_hp_loss":0,"event_name":"Big Fish","floor":2,"gold_loss":0,"cards_obtained":["Regret"]},{"damage_healed":0,"gold_gain":275,"player_choice":"Desecrate","damage_taken":0,"max_hp_gain":0,"max_hp_loss":0,"event_name":"Golden Shrine","floor":10,"gold_loss":0,"cards_obtained":["Regret"]}],"is_beta":false,"boss_relics":[],"items_purged_floors":[4,11],"is_endless":false,"potions_floor_spawned":[1,8,14],"killed_by":"Slime Boss","ascension_level":15}