{"gold_per_floor":[119,129,129,142,169,169,186,186,186,186,197,229,229,258,270,360,372,396,427,439,451,479,521,533],"floor_reached":24,"playtime":886,"items_purged":[],"score":407,"play_id":"852fdcb8-08cf-4e78-beaf-cbe39ef2f59d","local_time":"20190625120205","is_ascension_mode":true,"campfire_choices":[{"data":"Skewer","floor":6,"key":"SMITH"},{"data":"Dagger Spray","floor":8,"key":"SMITH"},{"data":"Defend_G","floor":10,"key":"SMITH"},{"data":"Outmaneuver","floor":15,"key":"SMITH"}],"neow_cost":"PERCENT_DAMAGE","seed_source_timestamp":8815585224100,"circlet_count":0,"master_deck":["AscendersBane","Defend_G","Defend_G","Defend_G","Defend_G+1","Defend_G","Strike_G+1","Strike_G","Strike_G","Survivor","Neutralize","Sucker Punch","Dash+1","Skewer+1","Dagger Spray+1","Crippling Poison","Outmaneuver+1","Envenom","Quick Slash","PiercingWail"],"relics":["Ring of the Snake","Whetstone","Happy Flower","Ancient Tea Set","CultistMask","MawBank","Busted Crown","Smiling Mask","Art of War"],"potions_floor_usage":[7,12,14,16,22,23],"damage_taken":[{"damage":0,"enemies":"2 Louse","floor":1,"turns":4},{"damage":0,"enemies":"Jaw Worm","floor":2,"turns":8},{"damage":0,"enemies":"Cultist","floor":4,"turns":4},{"damage":5,"enemies":"Gremlin Gang","floor":7,"turns":5},{"damage":0,"enemies":"2 Fungi Beasts","floor":11,"turns":3},{"damage":9,"enemies":"3 Sentries","floor":12,"turns":5},{"damage":7,"enemies":"Gremlin Nob","floor":14,"turns":3},{"damage":13,"enemies":"The Guardian","floor":16,"turns":15},{"damage":0,"enemies":"Spheric Guardian","floor":18,"turns":2},{"damage":5,"enemies":"Shell Parasite","floor":19,"turns":3},{"damage":25,"enemies":"Snecko","floor":22,"turns":7},{"damage":17,"enemies":"Book of Stabbing","floor":23,"turns":7},{"damage":20,"enemies":"Centurion and Healer","floor":24,"turns":4}],"seed_played":"-8206180151373984769","potions_obtained":[{"floor":1,"key":"Swift Potion"},{"floor":2,"key":"SteroidPotion"},{"floor":12,"key":"Energy Potion"},{"floor":14,"key":"Block Potion"},{"floor":19,"key":"Weak Potion"},{"floor":22,"key":"GamblersBrew"}],"is_trial":false,"path_per_floor":["M","M","?","M","T","R","M","R","T","R","M","E","?","E","R","B",null,"M","M","$","T","M","E","M"],"character_chosen":"THE_SILENT","items_purchased":[],"campfire_rested":0,"item_purchase_floors":[],"current_hp_per_floor":[44,44,66,66,66,66,61,61,61,61,61,52,52,45,45,32,58,58,53,53,53,28,11,0],"gold":533,"neow_bonus":"REMOVE_TWO","is_prod":false,"is_daily":false,"chose_seed":false,"campfire_upgraded":4,"win_rate":0,"timestamp":1561478525,"path_taken":["M","M","?","M","?","R","M","R","T","R","M","E","?","E","R","BOSS","M","M","$","?","M","E","M"],"build_version":"2019-01-23","purchased_purges":0,"victory":false,"max_hp_per_floor":[66,66,66,66,66,66,66,66,66,66,66,66,66,66,66,66,66,66,66,66,66,66,66,66],"card_choices":[{"not_picked":["Cloak And Dagger","Calculated Gamble"],"picked":"Sucker Punch","floor":1},{"not_picked":["PiercingWail","Underhanded Strike"],"picked":"Dash","floor":2},{"not_picked":["Blade Dance","Dagger Throw"],"picked":"Skewer","floor":4},{"not_picked":["Skewer","Deadly Poison"],"picked":"Dagger Spray","floor":7},{"not_picked":["PiercingWail","Acrobatics"],"picked":"Crippling Poison","floor":11},{"not_picked":["Catalyst","Eviscerate"],"picked":"Outmaneuver","floor":12},{"not_picked":["Bullet Time","Distraction","Accuracy"],"picked":"SKIP","floor":14},{"not_picked":["Storm of Steel","A Thousand Cuts"],"picked":"Envenom","floor":16},{"not_picked":["Poisoned Stab"],"picked":"SKIP","floor":18},{"not_picked":[],"picked":"Quick Slash","floor":19},{"not_picked":[],"picked":"PiercingWail","floor":22},{"not_picked":["Deflect"],"picked":"SKIP","floor":23}],"player_experience":1400670,"relics_obtained":[{"floor":5,"key":"Whetstone"},{"floor":9,"key":"Happy Flower"},{"floor":12,"key":"Ancient Tea Set"},{"floor":14,"key":"MawBank"},{"floor":21,"key":"Smiling Mask"},{"floor":23,"key":"Art of War"}],"event_choices":[{"damage_healed":22,"gold_gain":0,"player_choice":"Banana","damage_taken":0,"max_hp_gain":0,"max_hp_loss":0,"event_name":"Big Fish","floor":3,"gold_loss":0},{"damage_healed":0,"gold_gain":0,"player_choice":"Trade","damage_taken":0,"relics_obtained":["CultistMask"],"max_hp_gain":0,"max_hp_loss":0,"event_name":"FaceTrader","floor":13,"gold_loss":0}],"is_beta":false,"boss_relics":[{"not_picked":["Cursed Key","Empty Cage"],"picked":"Busted Crown"}],"items_purged_floors":[],"is_endless":false,"potions_floor_spawned":[1,2,12,14,19,22],"killed_by":"Centurion and Healer","ascension_level":16}