{"gold_per_floor":[111,129,141,155,171,171,18,18,95,95,109,124,149,165,165,165],"floor_reached":16,"playtime":1157,"items_purged":["Strike_G"],"score":212,"play_id":"7e2c40a5-dc20-4405-9847-fb0e1996d34f","local_time":"20190626132623","is_ascension_mode":true,"campfire_choices":[{"data":"Bouncing Flask","floor":6,"key":"SMITH"},{"floor":10,"key":"REST"},{"floor":15,"key":"REST"}],"neow_cost":"NONE","seed_source_timestamp":100002915508000,"circlet_count":0,"master_deck":["AscendersBane","Defend_G","Defend_G","Defend_G","Defend_G","Defend_G","Strike_G","Strike_G","Survivor","Neutralize","Backflip","Dagger Throw","Sucker Punch","Heel Hook","Footwork","Bouncing Flask+1","Footwork","Dash"],"relics":["Ring of the Snake","Singing Bowl","Shovel"],"potions_floor_usage":[4,13,14,16,16],"damage_taken":[{"damage":8,"enemies":"Cultist","floor":1,"turns":4},{"damage":4,"enemies":"Small Slimes","floor":2,"turns":3},{"damage":0,"enemies":"2 Louse","floor":3,"turns":5},{"damage":18,"enemies":"Exordium Thugs","floor":4,"turns":7},{"damage":5,"enemies":"Large Slime","floor":5,"turns":12},{"damage":0,"enemies":"Red Slaver","floor":11,"turns":5},{"damage":1,"enemies":"Exordium Wildlife","floor":12,"turns":4},{"damage":33,"enemies":"3 Sentries","floor":13,"turns":12},{"damage":0,"enemies":"3 Louse","floor":14,"turns":3},{"damage":32,"enemies":"Slime Boss","floor":16,"turns":10}],"seed_played":"4879555918265813759","potions_obtained":[{"floor":1,"key":"AttackPotion"},{"floor":5,"key":"Energy Potion"},{"floor":12,"key":"Dexterity Potion"},{"floor":13,"key":"Strength Potion"},{"floor":14,"key":"PowerPotion"}],"is_trial":false,"path_per_floor":["M","M","M","M","M","R","$","?","T","R","M","M","E","M","R","B"],"character_chosen":"THE_SILENT","items_purchased":["Footwork"],"campfire_rested":2,"item_purchase_floors":[7],"current_hp_per_floor":[51,47,47,29,24,24,24,17,17,36,38,37,6,8,29,0],"gold":165,"neow_bonus":"TRANSFORM_CARD","is_prod":false,"is_daily":false,"chose_seed":false,"campfire_upgraded":1,"win_rate":0,"timestamp":1561569983,"path_taken":["M","M","M","M","M","R","?","?","T","R","M","M","E","M","R","BOSS"],"build_version":"2019-01-23","purchased_purges":1,"victory":false,"max_hp_per_floor":[66,66,66,66,66,66,66,66,66,66,68,68,70,72,72,72],"card_choices":[{"not_picked":["Infinite Blades","Well Laid Plans"],"picked":"Dagger Throw","floor":1},{"not_picked":["Blade Dance","Poisoned Stab"],"picked":"Sucker Punch","floor":2},{"not_picked":["Blade Dance","Dodge and Roll"],"picked":"Heel Hook","floor":3},{"not_picked":["Caltrops","Expertise"],"picked":"Footwork","floor":4},{"not_picked":["Bane","Poisoned Stab"],"picked":"Bouncing Flask","floor":5},{"not_picked":["Outmaneuver","PiercingWail","Predator"],"picked":"Singing Bowl","floor":11},{"not_picked":["Dagger Throw","Malaise"],"picked":"Dash","floor":12},{"not_picked":["Choke","Noxious Fumes","Deadly Poison"],"picked":"Singing Bowl","floor":13},{"not_picked":["Backstab","Underhanded Strike","Dagger Spray"],"picked":"Singing Bowl","floor":14}],"player_experience":1428296,"relics_obtained":[{"floor":9,"key":"Singing Bowl"},{"floor":13,"key":"Shovel"}],"event_choices":[{"cards_removed":["Strike_G"],"damage_healed":0,"gold_gain":0,"player_choice":"Card Removal","damage_taken":7,"max_hp_gain":0,"max_hp_loss":0,"event_name":"Golden Wing","floor":8,"gold_loss":0}],"is_beta":false,"boss_relics":[],"items_purged_floors":[7],"is_endless":false,"potions_floor_spawned":[1,5,12,13,14],"killed_by":"Slime Boss","ascension_level":20}