{"gold_per_floor":[119,129,6,81,93,93,124,141,141,141,173,188,188,38,38,142,142,130,45,45,61,76,108,108,108,154,154,172,13,13,47,47,47],"floor_reached":33,"playtime":2103,"items_purged":["Strike_R","Strike_R"],"score":308,"play_id":"9ceaa481-1212-45c4-95b7-4ba6d8e0cf9a","local_time":"20190604181219","is_ascension_mode":true,"campfire_choices":[{"data":"Cleave","floor":6,"key":"SMITH"},{"data":"Bash","floor":10,"key":"SMITH"},{"data":"Shrug It Off","floor":15,"key":"SMITH"},{"floor":25,"key":"REST"},{"data":"Body Slam","floor":27,"key":"SMITH"},{"data":"Limit Break","floor":30,"key":"SMITH"},{"data":"Limit Break","floor":32,"key":"SMITH"}],"neow_cost":"NONE","seed_source_timestamp":322062221235040,"circlet_count":0,"master_deck":["Strike_R+1","Strike_R","Strike_R","Defend_R","Defend_R","Defend_R","Defend_R","Bash+1","Cleave+1","True Grit","Flex","Ghostly Armor","Shrug It Off","Flame Barrier","Parasite","Shrug It Off+1","Reaper+1","Shrug It Off","Body Slam+1","Exhume","Limit Break+1","Limit Break+1"],"relics":["Burning Blood","Blood Vial","Anchor","Pantograph","Pocketwatch","Sozu","Red Skull","Bag of Marbles","Whetstone","PreservedInsect"],"potions_floor_usage":[11,23,23],"damage_taken":[{"damage":10,"enemies":"Jaw Worm","floor":1,"turns":4},{"damage":1,"enemies":"2 Louse","floor":2,"turns":2},{"damage":1,"enemies":"Cultist","floor":5,"turns":3},{"damage":28,"enemies":"Gremlin Nob","floor":7,"turns":4},{"damage":15,"enemies":"Large Slime","floor":8,"turns":5},{"damage":35,"enemies":"3 Sentries","floor":11,"turns":14},{"damage":0,"enemies":"Looter","floor":12,"turns":2},{"damage":35,"enemies":"The Guardian","floor":16,"turns":17},{"damage":0,"enemies":"2 Thieves","floor":18,"turns":4},{"damage":8,"enemies":"Chosen","floor":21,"turns":7},{"damage":31,"enemies":"Sentry and Sphere","floor":22,"turns":14},{"damage":59,"enemies":"Book of Stabbing","floor":23,"turns":9},{"damage":0,"enemies":"Centurion and Healer","floor":28,"turns":7},{"damage":10,"enemies":"Slavers","floor":31,"turns":6},{"damage":87,"enemies":"Collector","floor":33,"turns":7}],"seed_played":"-6158139381770668063","potions_obtained":[{"floor":5,"key":"SteroidPotion"},{"floor":8,"key":"Strength Potion"},{"floor":12,"key":"BloodPotion"},{"floor":16,"key":"LiquidBronze"}],"is_trial":false,"path_per_floor":["M","M","$","?","M","R","E","M","T","R","E","M","?","$","R","B",null,"M","?","?","M","M","E","?","R","T","R","M","$","R","E","R","B"],"character_chosen":"IRONCLAD","items_purchased":["True Grit","Shrug It Off","Limit Break"],"campfire_rested":1,"item_purchase_floors":[3,14,29],"current_hp_per_floor":[76,80,80,69,76,76,56,49,49,49,22,30,50,50,50,48,80,80,80,80,78,55,12,4,28,28,28,49,49,49,47,47,0],"gold":47,"neow_bonus":"RANDOM_COMMON_RELIC","is_prod":false,"is_daily":false,"chose_seed":false,"campfire_upgraded":6,"win_rate":0,"timestamp":1559689939,"path_taken":["M","M","$","?","M","R","E","M","T","R","E","M","?","$","R","BOSS","M","?","?","M","M","E","?","R","T","R","M","$","R","E","R","BOSS"],"build_version":"2019-01-23","purchased_purges":2,"victory":false,"max_hp_per_floor":[80,80,80,80,80,80,80,80,80,80,80,80,80,80,80,80,80,80,80,80,80,80,80,80,80,80,80,80,80,80,80,80,80],"card_choices":[{"not_picked":["Twin Strike","Battle Trance"],"picked":"Cleave","floor":1},{"not_picked":["Headbutt","Thunderclap","Warcry"],"picked":"SKIP","floor":2},{"not_picked":["Iron Wave","Warcry","Clash"],"picked":"SKIP","floor":5},{"not_picked":["Thunderclap","True Grit"],"picked":"Flex","floor":7},{"not_picked":["Corruption","Juggernaut"],"picked":"Ghostly Armor","floor":8},{"not_picked":["Anger","Cleave"],"picked":"Shrug It Off","floor":11},{"not_picked":["Pommel Strike","Dropkick"],"picked":"Flame Barrier","floor":12},{"not_picked":["Barricade","Berserk"],"picked":"Reaper","floor":16},{"not_picked":["Evolve","Anger"],"picked":"Shrug It Off","floor":18},{"not_picked":["Headbutt","Shrug It Off"],"picked":"Body Slam","floor":21},{"not_picked":["Armaments","Rupture+1","Warcry"],"picked":"SKIP","floor":22},{"not_picked":["Headbutt","Feed"],"picked":"Exhume","floor":23},{"not_picked":["Thunderclap+1","Blood for Blood","True Grit"],"picked":"SKIP","floor":28},{"not_picked":["Twin Strike","Carnage"],"picked":"Limit Break","floor":31}],"player_experience":83136,"relics_obtained":[{"floor":7,"key":"Anchor"},{"floor":9,"key":"Pantograph"},{"floor":11,"key":"Pocketwatch"},{"floor":23,"key":"Bag of Marbles"},{"floor":26,"key":"Whetstone"},{"floor":31,"key":"PreservedInsect"}],"event_choices":[{"damage_healed":0,"gold_gain":75,"player_choice":"Gather Gold","damage_taken":11,"max_hp_gain":0,"max_hp_loss":0,"event_name":"World of Goop","floor":4,"gold_loss":0},{"damage_healed":20,"gold_gain":0,"player_choice":"Healed and dodged fight","damage_taken":0,"max_hp_gain":0,"max_hp_loss":0,"event_name":"Mushrooms","floor":13,"gold_loss":0,"cards_obtained":["Parasite"]},{"damage_healed":0,"gold_gain":0,"player_choice":"Obtained Relic","damage_taken":0,"relics_obtained":["Red Skull"],"max_hp_gain":0,"max_hp_loss":0,"event_name":"Addict","floor":19,"gold_loss":85},{"damage_healed":0,"gold_gain":0,"player_choice":"Ignored","damage_taken":0,"max_hp_gain":0,"max_hp_loss":0,"event_name":"Beggar","floor":20,"gold_loss":0},{"damage_healed":0,"gold_gain":0,"player_choice":"Damaged","damage_taken":8,"max_hp_gain":0,"max_hp_loss":0,"event_name":"Wheel of Change","floor":24,"gold_loss":0}],"is_beta":false,"boss_relics":[{"not_picked":["Calling Bell","White Beast Statue"],"picked":"Sozu"}],"items_purged_floors":[3,14],"is_endless":false,"potions_floor_spawned":[5,8,12,16,18,21,22],"killed_by":"Collector","ascension_level":1}