{"gold_per_floor":[111,122,122,148,160,198,210,238,273,360,397,409],"floor_reached":12,"playtime":425,"items_purged":[],"score":94,"play_id":"b0ca11e4-fe88-4e2b-a9a6-50f3a2001621","local_time":"20190619202109","is_ascension_mode":true,"campfire_choices":[{"data":"Underhanded Strike","floor":7,"key":"SMITH"}],"neow_cost":"NONE","seed_source_timestamp":18666276529875,"circlet_count":0,"master_deck":["Defend_G","Defend_G","Defend_G","Defend_G","Defend_G","Strike_G","Strike_G","Strike_G","Strike_G","Strike_G","Survivor","Neutralize","Prepared","Infinite Blades","Prepared","Underhanded Strike+1","Underhanded Strike"],"relics":["Ring of the Snake","Orichalcum","MawBank","Vajra","Bronze Scales","Bag of Preparation"],"potions_floor_usage":[6,6],"damage_taken":[{"damage":0,"enemies":"Small Slimes","floor":1,"turns":5},{"damage":2,"enemies":"2 Louse","floor":2,"turns":3},{"damage":1,"enemies":"Jaw Worm","floor":4,"turns":5},{"damage":32,"enemies":"Gremlin Nob","floor":6,"turns":5},{"damage":3,"enemies":"2 Fungi Beasts","floor":8,"turns":3},{"damage":18,"enemies":"Lagavulin","floor":12,"turns":5}],"seed_played":"-7779609740208742724","potions_obtained":[{"floor":1,"key":"FearPotion"},{"floor":4,"key":"Poison Potion"}],"is_trial":false,"path_per_floor":["M","M","?","M","$","E","R","M","T","?","T","E"],"character_chosen":"THE_SILENT","items_purchased":[],"campfire_rested":0,"item_purchase_floors":[],"current_hp_per_floor":[70,68,65,64,64,32,32,29,29,18,18,0],"gold":409,"neow_bonus":"RANDOM_COMMON_RELIC","is_prod":false,"is_daily":false,"chose_seed":false,"campfire_upgraded":1,"win_rate":0,"timestamp":1560993669,"path_taken":["M","M","?","M","$","E","R","M","T","?","?","E"],"build_version":"2019-01-23","purchased_purges":0,"victory":false,"max_hp_per_floor":[70,70,70,70,70,70,70,70,70,70,70,70],"card_choices":[{"not_picked":["Calculated Gamble","Underhanded Strike"],"picked":"Prepared","floor":1},{"not_picked":["Expertise","Sucker Punch"],"picked":"Infinite Blades","floor":2},{"not_picked":["Underhanded Strike","Endless Agony"],"picked":"Prepared","floor":4},{"not_picked":["Distraction","Masterful Stab"],"picked":"Underhanded Strike","floor":6},{"not_picked":["Eviscerate","Bane"],"picked":"Underhanded Strike","floor":8}],"player_experience":274511,"relics_obtained":[{"floor":6,"key":"Vajra"},{"floor":9,"key":"Bronze Scales"},{"floor":11,"key":"Bag of Preparation"}],"event_choices":[{"damage_healed":0,"gold_gain":0,"player_choice":"Success","damage_taken":3,"relics_obtained":["MawBank"],"max_hp_gain":0,"max_hp_loss":0,"event_name":"Scrap Ooze","floor":3,"gold_loss":0},{"damage_healed":0,"gold_gain":75,"player_choice":"Gather Gold","damage_taken":11,"max_hp_gain":0,"max_hp_loss":0,"event_name":"World of Goop","floor":10,"gold_loss":0}],"is_beta":false,"boss_relics":[],"items_purged_floors":[],"is_endless":false,"potions_floor_spawned":[1,4],"killed_by":"Lagavulin","ascension_level":4}