{"gold_per_floor":[115,131,56,56,56,56,56,77,77,177,210,210,228,242,242,370,370,394,394,223,242,242,242,257,257,257,280,149,99,99,99],"floor_reached":31,"playtime":1496,"items_purged":["Strike_B","Pain","Injury"],"score":315,"play_id":"4921f03e-e394-424e-9b71-14ae4bbee4b7","local_time":"20190616092426","is_ascension_mode":true,"campfire_choices":[{"data":"Sweeping Beam","floor":6.0,"key":"SMITH"},{"data":"Defragment","floor":12.0,"key":"SMITH"},{"floor":15.0,"key":"REST"},{"floor":23,"key":"REST"},{"floor":25,"key":"REST"},{"data":"Doom and Gloom","floor":30,"key":"SMITH"}],"neow_cost":"NONE","seed_source_timestamp":0,"circlet_count":0,"master_deck":["Defend_B","Defend_B","Defend_B","Defend_B","Zap","Dualcast","Sweeping Beam+1","Go for the Eyes","Defragment+1","Hello World","Heatsinks","Turbo","Beam Cell+1","Doom and Gloom+1","Undo","Self Repair","Machine Learning","Self Repair","Steam"],"special_seed":0,"relics":["Cracked Core","Dream Catcher","Golden Idol","Happy Flower","Smiling Mask","Runic Pyramid","WarpedTongs","Blood Vial"],"potions_floor_usage":[27],"damage_taken":[{"damage":1.0,"enemies":"2 Louse","floor":1.0,"turns":3.0},{"damage":12.0,"enemies":"Small Slimes","floor":2.0,"turns":2.0},{"damage":1.0,"enemies":"Cultist","floor":8.0,"turns":3.0},{"damage":30.0,"enemies":"3 Sentries","floor":11.0,"turns":9.0},{"damage":0.0,"enemies":"Red Slaver","floor":13.0,"turns":3.0},{"damage":12.0,"enemies":"Exordium Wildlife","floor":14.0,"turns":4.0},{"damage":12.0,"enemies":"The Guardian","floor":16.0,"turns":10.0},{"damage":2.0,"enemies":"Chosen","floor":18.0,"turns":5.0},{"damage":43,"enemies":"3 Byrds","floor":21,"turns":5},{"damage":12,"enemies":"Sentry and Sphere","floor":24,"turns":5},{"damage":21,"enemies":"Snake Plant","floor":27,"turns":4},{"damage":48,"enemies":"Snecko","floor":31,"turns":8}],"seed_played":"-9064333377562245349","potions_obtained":[{"floor":1.0,"key":"Regen Potion"},{"floor":2.0,"key":"Dexterity Potion"},{"floor":13.0,"key":"Poison Potion"},{"floor":14.0,"key":"LiquidBronze"},{"floor":21,"key":"FocusPotion"},{"floor":24,"key":"Weak Potion"}],"is_trial":false,"path_per_floor":["M","M","$","?","$","R","?","M","T","?","E","R","M","M","R","B",null,"M","?","$","M","?","R","M","R","T","M","$","?","R","M"],"character_chosen":"DEFECT","items_purchased":["Heatsinks","Turbo","Self Repair","Steam"],"campfire_rested":3,"item_purchase_floors":[20,20,28,28],"current_hp_per_floor":[67,55,55,48,48,48,48,47,47,47,32,32,32,20,42,30,64,62,62,62,19,19,41,29,51,51,39,39,39,39,0],"gold":99,"neow_bonus":"RANDOM_COMMON_RELIC","is_prod":false,"is_daily":false,"chose_seed":false,"campfire_upgraded":3,"win_rate":0,"timestamp":1560695066,"path_taken":["M","M","$","?","$","R","?","M","T","?","E","R","M","M","R","BOSS","M","?","$","?","?","R","M","R","T","M","$","?","R","?"],"build_version":"2019-01-23","purchased_purges":3,"victory":false,"max_hp_per_floor":[75,75,75,75,75,75,75,75,75,75,75,75,75,75,75,75,75,75,75,75,75,75,75,75,75,75,75,75,75,75,75],"card_choices":[{"not_picked":["Skim","Stack"],"picked":"Sweeping Beam","floor":1.0},{"not_picked":["Ball Lightning","Sweeping Beam"],"picked":"Go for the Eyes","floor":2.0},{"not_picked":["Leap","Coolheaded","Rebound"],"picked":"SKIP","floor":8.0},{"not_picked":["Cold Snap","Streamline"],"picked":"Defragment","floor":11.0},{"not_picked":["Skim","Auto Shields"],"picked":"Hello World","floor":13.0},{"not_picked":["Redo","Rebound","Cold Snap"],"picked":"SKIP","floor":14.0},{"not_picked":["Gash","Streamline","Conserve Battery"],"picked":"SKIP","floor":18.0},{"not_picked":["Recycle+1","Genetic Algorithm"],"picked":"Beam Cell+1","floor":21},{"not_picked":["Barrage","Rebound"],"picked":"Self Repair","floor":24},{"not_picked":["Double Energy","Stack"],"picked":"Machine Learning","floor":27}],"player_experience":267133,"relics_obtained":[{"floor":9.0,"key":"Happy Flower"},{"floor":11.0,"key":"Smiling Mask"},{"floor":26,"key":"Blood Vial"}],"event_choices":[{"cards_removed":["Strike_B"],"damage_healed":0.0,"max_hp_gain":0.0,"max_hp_loss":0.0,"gold_gain":0.0,"event_name":"Golden Wing","player_choice":"Card Removal","floor":4.0,"gold_loss":0.0,"damage_taken":7.0},{"damage_healed":0.0,"max_hp_gain":0.0,"max_hp_loss":0.0,"gold_gain":0.0,"event_name":"Golden Idol","player_choice":"Take Wound","floor":7.0,"gold_loss":0.0,"damage_taken":0.0,"relics_obtained":["Golden Idol"],"cards_obtained":["Injury"]},{"damage_healed":0.0,"max_hp_gain":0.0,"max_hp_loss":0.0,"gold_gain":100.0,"event_name":"Golden Shrine","player_choice":"Pray","floor":10.0,"gold_loss":0.0,"damage_taken":0.0},{"damage_healed":0.0,"max_hp_gain":0.0,"max_hp_loss":0.0,"gold_gain":0.0,"event_name":"Accursed Blacksmith","player_choice":"Rummage","floor":19.0,"gold_loss":0.0,"damage_taken":0.0,"relics_obtained":["WarpedTongs"],"cards_obtained":["Pain"]},{"damage_healed":0,"gold_gain":0,"cards_transformed":["Strike_B","Strike_B"],"player_choice":"Became Test Subject","damage_taken":0,"max_hp_gain":0,"max_hp_loss":0,"event_name":"Drug Dealer","floor":22,"gold_loss":0,"cards_obtained":["Doom and Gloom","Undo"]},{"damage_healed":0,"gold_gain":0,"player_choice":"Bet on Murderer","damage_taken":0,"max_hp_gain":0,"max_hp_loss":0,"event_name":"The Joust","floor":29,"gold_loss":50}],"is_beta":false,"boss_relics":[{"not_picked":["White Beast Statue","Fusion Hammer"],"picked":"Runic Pyramid"}],"items_purged_floors":[3,20,28],"is_endless":false,"potions_floor_spawned":[1,2,13,14,21,24],"killed_by":"Snecko","ascension_level":7}