{"gold_per_floor":[213,39,39,39,49,74,86,121,189,201,244,36,36,63,63,163,163,180,180,6,56,155,187,187,220,246,246,256,275,275,275,275,373,373,384,402,402,53,53,53,69,69,93,106,120,120],"floor_reached":46,"playtime":1965,"items_purged":["Strike_G","Strike_G","Strike_G"],"score":685,"play_id":"49d10b01-9a0e-4be9-a2db-55b467cc9a2b","local_time":"20190624133917","is_ascension_mode":true,"campfire_choices":[{"floor":7,"key":"REST"},{"floor":10,"key":"REST"},{"floor":15,"key":"REST"},{"floor":24,"key":"REST"},{"floor":27,"key":"REST"},{"floor":30,"key":"REST"},{"data":"Noxious Fumes","floor":32,"key":"SMITH"},{"floor":40,"key":"REST"}],"neow_cost":"NONE","seed_source_timestamp":42828076612068,"circlet_count":0,"master_deck":["Defend_G","Defend_G","Defend_G","Defend_G","Defend_G","Strike_G","Strike_G","Survivor","Neutralize+1","Dagger Spray+1","Escape Plan","Terror","Slice","Poisoned Stab","Dash","Footwork","After Image","PiercingWail+1","Leg Sweep","Noxious Fumes+1","Bouncing Flask","PiercingWail","Ghostly","Ghostly","Ghostly","Ghostly","Ghostly","Adrenaline","Calculated Gamble","Footwork","Deadly Poison","Injury","Deadly Poison","Parasite","Noxious Fumes"],"relics":["Ring of the Snake","Anchor","Potion Belt","MawBank","Odd Mushroom","Tiny Chest","Bottled Lightning","Bottled Flame","Omamori","Cursed Key","Whetstone","Juzu Bracelet","Bottled Tornado","Dream Catcher","Fusion Hammer","Lantern","Regal Pillow"],"potions_floor_usage":[16,16],"damage_taken":[{"damage":0,"enemies":"2 Louse","floor":1,"turns":3},{"damage":0,"enemies":"Jaw Worm","floor":5,"turns":4},{"damage":49,"enemies":"Gremlin Nob","floor":6,"turns":6},{"damage":7,"enemies":"The Mushroom Lair","floor":8,"turns":4},{"damage":12,"enemies":"3 Sentries","floor":11,"turns":11},{"damage":21,"enemies":"Lagavulin","floor":14,"turns":7},{"damage":25,"enemies":"The Guardian","floor":16,"turns":13},{"damage":0,"enemies":"Chosen","floor":18,"turns":4},{"damage":32,"enemies":"Gremlin Leader","floor":23,"turns":9},{"damage":33,"enemies":"Slavers","floor":25,"turns":10},{"damage":2,"enemies":"3 Byrds","floor":28,"turns":5},{"damage":12,"enemies":"Shelled Parasite and Fungi","floor":29,"turns":7},{"damage":34,"enemies":"Automaton","floor":33,"turns":13},{"damage":0,"enemies":"Orb Walker","floor":35,"turns":5},{"damage":1,"enemies":"3 Darklings","floor":36,"turns":7},{"damage":10,"enemies":"Maw","floor":41,"turns":9},{"damage":3,"enemies":"Jaw Worm Horde","floor":44,"turns":6},{"damage":0,"enemies":"Writhing Mass","floor":45,"turns":8},{"damage":15,"enemies":"Sphere and 2 Shapes","floor":46,"turns":2}],"seed_played":"4980823108057135349","potions_obtained":[{"floor":5,"key":"SteroidPotion"},{"floor":6,"key":"PowerPotion"},{"floor":14,"key":"SteroidPotion"},{"floor":18,"key":"Ancient Potion"},{"floor":28,"key":"AttackPotion"},{"floor":33,"key":"Regen Potion"},{"floor":36,"key":"FearPotion"},{"floor":45,"key":"Ancient Potion"}],"is_trial":false,"path_per_floor":["M","$","?","?","M","E","R","?","T","R","E","$","T","E","R","B",null,"M","?","$","T","?","E","R","E","T","R","M","M","R","?","R","B",null,"M","M","?","$","?","R","M","?","T","M","M","M"],"character_chosen":"THE_SILENT","items_purchased":["Anchor","Flying Knee","Dash","Footwork","Noxious Fumes","Lantern","Calculated Gamble"],"campfire_rested":7,"item_purchase_floors":[2,2,12,12,20,38,38],"current_hp_per_floor":[63,63,56,56,56,7,28,21,21,42,30,30,30,9,30,5,54,54,54,54,54,54,22,43,10,10,31,29,17,38,35,35,1,27,27,26,16,16,16,26,16,16,16,13,13,0],"gold":120,"neow_bonus":"HUNDRED_GOLD","is_prod":false,"is_daily":false,"chose_seed":false,"campfire_upgraded":1,"win_rate":0,"timestamp":1561397957,"path_taken":["M","$","?","?","M","E","R","?","T","R","E","?","?","E","R","BOSS","M","?","$","?","?","E","R","E","T","R","M","M","R","?","R","BOSS","M","M","?","$","?","R","M","?","T","M","M","M"],"build_version":"2019-01-23","purchased_purges":3,"victory":false,"max_hp_per_floor":[70,70,70,70,70,70,70,70,70,70,70,70,70,70,70,70,70,70,70,70,70,70,70,70,70,70,70,70,70,70,35,35,35,35,35,35,35,35,35,35,35,33,33,33,33,33],"card_choices":[{"not_picked":["Deflect","All Out Attack"],"picked":"Dagger Spray","floor":1},{"not_picked":["Blade Dance","Prepared"],"picked":"Escape Plan","floor":5},{"not_picked":["Tools of the Trade","Unload"],"picked":"Terror","floor":6},{"not_picked":["Distraction","Calculated Gamble"],"picked":"Slice","floor":8},{"not_picked":["Heel Hook","Burst"],"picked":"Poisoned Stab","floor":11},{"not_picked":["Expertise","Finisher","Setup"],"picked":"SKIP","floor":14},{"not_picked":["Storm of Steel","Bullet Time"],"picked":"After Image","floor":16},{"not_picked":["Sucker Punch","Deflect"],"picked":"PiercingWail+1","floor":18},{"not_picked":["Quick Slash","Concentrate"],"picked":"Bouncing Flask","floor":23},{"not_picked":["Dagger Throw","Reflex","Distraction"],"picked":"SKIP","floor":25},{"not_picked":["Choke","Cloak And Dagger"],"picked":"PiercingWail","floor":28},{"not_picked":["Prepared","Bane","Dash"],"picked":"SKIP","floor":29},{"not_picked":["Phantasmal Killer","Storm of Steel"],"picked":"Adrenaline","floor":33},{"not_picked":["Flechettes+1","Dagger Throw+1","Underhanded Strike+1"],"picked":"SKIP","floor":35},{"not_picked":["Dagger Throw+1","Sucker Punch+1","Infinite Blades"],"picked":"SKIP","floor":36},{"not_picked":["Dagger Throw","Reflex+1"],"picked":"Footwork","floor":40},{"not_picked":["All Out Attack","Poisoned Stab+1"],"picked":"Deadly Poison","floor":41},{"not_picked":["Poisoned Stab+1","Bouncing Flask"],"picked":"Deadly Poison","floor":44},{"not_picked":["Predator+1","Choke"],"picked":"Noxious Fumes","floor":45}],"player_experience":159848,"relics_obtained":[{"floor":6,"key":"MawBank"},{"floor":8,"key":"Odd Mushroom"},{"floor":9,"key":"Tiny Chest"},{"floor":11,"key":"Bottled Lightning"},{"floor":13,"key":"Bottled Flame"},{"floor":14,"key":"Omamori"},{"floor":21,"key":"Whetstone"},{"floor":23,"key":"Juzu Bracelet"},{"floor":25,"key":"Bottled Tornado"},{"floor":26,"key":"Dream Catcher"},{"floor":43,"key":"Regal Pillow"}],"event_choices":[{"damage_healed":0,"gold_gain":0,"player_choice":"Success","damage_taken":7,"relics_obtained":["Potion Belt"],"max_hp_gain":0,"max_hp_loss":0,"event_name":"Scrap Ooze","floor":3,"gold_loss":0},{"damage_healed":0,"gold_gain":0,"player_choice":"Ignored","damage_taken":0,"max_hp_gain":0,"max_hp_loss":0,"event_name":"Liars Game","floor":4,"gold_loss":0},{"damage_healed":0,"gold_gain":0,"player_choice":"Fought Mushrooms","damage_taken":0,"max_hp_gain":0,"max_hp_loss":0,"event_name":"Mushrooms","floor":8,"gold_loss":0},{"damage_healed":0,"gold_gain":0,"player_choice":"Read","damage_taken":0,"max_hp_gain":0,"max_hp_loss":0,"event_name":"The Library","floor":19,"gold_loss":0,"cards_obtained":["Leg Sweep"]},{"damage_healed":0,"gold_gain":99,"player_choice":"Stole From Cult","damage_taken":0,"max_hp_gain":0,"max_hp_loss":0,"event_name":"Nest","floor":22,"gold_loss":0},{"damage_healed":0,"gold_gain":0,"player_choice":"Became a Ghost","damage_taken":0,"max_hp_gain":0,"max_hp_loss":35,"event_name":"Ghosts","floor":31,"gold_loss":0,"cards_obtained":["Ghostly","Ghostly","Ghostly","Ghostly","Ghostly"]},{"damage_healed":0,"gold_gain":0,"player_choice":"Memory 3","damage_taken":10,"max_hp_gain":0,"max_hp_loss":0,"event_name":"SensoryStone","floor":37,"gold_loss":0},{"cards_removed":["Flying Knee"],"damage_healed":0,"gold_gain":0,"player_choice":"Removed Attack","damage_taken":0,"max_hp_gain":0,"max_hp_loss":0,"event_name":"Falling","floor":39,"gold_loss":0},{"damage_healed":0,"gold_gain":0,"player_choice":"Max HP","damage_taken":0,"max_hp_gain":0,"max_hp_loss":2,"event_name":"Winding Halls","floor":42,"gold_loss":0}],"is_beta":false,"boss_relics":[{"not_picked":["Runic Dome","Black Star"],"picked":"Cursed Key"},{"not_picked":["Astrolabe","Pandora\u0027s Box"],"picked":"Fusion Hammer"}],"items_purged_floors":[12,20,38],"is_endless":false,"potions_floor_spawned":[5,6,14,18,28,33,36,45],"killed_by":"Sphere and 2 Shapes","ascension_level":7}