{"gold_per_floor":[110,312,330,350,370,370,403,403,471,491,11,39,59,70,70,147,147,166,179,179,197,197,197,45,80,80,80,20,48,48,65,65,137,137,155,166,166,178,188,219,219,246,246,246,246,259,270,0,0,0,0,0,0,0],"floor_reached":54,"playtime":2880,"items_purged":["Strike_R+1"],"score":1286,"play_id":"6354c11f-9dc5-4a9b-af9c-a32838927beb","local_time":"20190627132903","is_ascension_mode":true,"campfire_choices":[{"data":"Disarm","floor":6,"key":"SMITH"},{"data":"Iron Wave","floor":8,"key":"SMITH"},{"floor":15,"key":"REST"},{"floor":23,"key":"REST"},{"floor":27,"key":"RECALL"},{"floor":30,"key":"REST"},{"floor":32,"key":"REST"},{"floor":41,"key":"REST"},{"floor":45,"key":"REST"},{"floor":49,"key":"REST"},{"floor":52,"key":"REST"}],"neow_cost":"NONE","seed_source_timestamp":53922093320942,"circlet_count":0,"master_deck":["AscendersBane","Strike_R+1","Strike_R+1","Strike_R+1","Strike_R+1","Defend_R+1","Defend_R+1","Defend_R+1","Defend_R+1","Bash","Ghostly Armor","Headbutt","Iron Wave+1","Disarm+1","Offering","Clothesline+1","Spot Weakness","Twin Strike+1","Sword Boomerang+1","Demon Form","Thunderclap+1","Uppercut+1","Disarm+1","Evolve","Bludgeon+1","Inflame","True Grit","Warcry+1","Thunderclap+1","Double Tap","Twin Strike+1","Headbutt+1","Heavy Blade+1","Reaper+1","Madness","Madness","Flex+1","Cleave+1"],"relics":["Burning Blood","Old Coin","War Paint","Molten Egg 2","Matryoshka","MealTicket","Sundial","Fusion Hammer","Orichalcum","Mercury Hourglass","Bag of Marbles","Runic Pyramid","Happy Flower","Bag of Preparation","Meat on the Bone","Unceasing Top","Pear","Red Mask"],"potions_floor_usage":[12,14,19,25,46,50],"damage_taken":[{"damage":14,"enemies":"Small Slimes","floor":1,"turns":4},{"damage":0,"enemies":"Cultist","floor":3,"turns":4},{"damage":3,"enemies":"Jaw Worm","floor":4,"turns":4},{"damage":11,"enemies":"Red Slaver","floor":5,"turns":4},{"damage":40,"enemies":"3 Sentries","floor":7,"turns":15},{"damage":6,"enemies":"2 Fungi Beasts","floor":10,"turns":4},{"damage":17,"enemies":"Gremlin Nob","floor":12,"turns":4},{"damage":8,"enemies":"Exordium Wildlife","floor":13,"turns":6},{"damage":12,"enemies":"Exordium Thugs","floor":14,"turns":5},{"damage":15,"enemies":"Hexaghost","floor":16,"turns":9},{"damage":38,"enemies":"Spheric Guardian","floor":18,"turns":5},{"damage":14,"enemies":"2 Thieves","floor":19,"turns":4},{"damage":33,"enemies":"Snake Plant","floor":21,"turns":5},{"damage":22,"enemies":"Gremlin Leader","floor":25,"turns":7},{"damage":21,"enemies":"Book of Stabbing","floor":29,"turns":5},{"damage":13,"enemies":"Centurion and Healer","floor":31,"turns":3},{"damage":37,"enemies":"Champ","floor":33,"turns":9},{"damage":4,"enemies":"Orb Walker","floor":35,"turns":3},{"damage":8,"enemies":"3 Shapes","floor":36,"turns":3},{"damage":9,"enemies":"Jaw Worm Horde","floor":38,"turns":4},{"damage":0,"enemies":"Transient","floor":39,"turns":5},{"damage":58,"enemies":"Reptomancer","floor":40,"turns":6},{"damage":31,"enemies":"Giant Head","floor":42,"turns":6},{"damage":9,"enemies":"Spire Growth","floor":46,"turns":4},{"damage":25,"enemies":"4 Shapes","floor":47,"turns":5},{"damage":102,"enemies":"Time Eater","floor":50,"turns":9},{"damage":96,"enemies":"Shield and Spear","floor":54,"turns":5}],"seed_played":"1887450119406582129","potions_obtained":[{"floor":5,"key":"SpeedPotion"},{"floor":10,"key":"Weak Potion"},{"floor":12,"key":"BloodPotion"},{"floor":14,"key":"SpeedPotion"},{"floor":16,"key":"Block Potion"},{"floor":21,"key":"EssenceOfSteel"},{"floor":25,"key":"Ancient Potion"},{"floor":31,"key":"Strength Potion"},{"floor":47,"key":"Swift Potion"}],"is_trial":false,"path_per_floor":["M","?","M","M","M","R","E","R","T","M","$","E","M","M","R","B",null,"M","M","?","M","?","R","$","E","T","R","?","E","R","M","R","B",null,"M","M","T","M","M","E","R","E","T","?","R","M","M","?","R","B",null,"R","$","E"],"character_chosen":"IRONCLAD","items_purchased":["Matryoshka","MealTicket","Spot Weakness","Evolve"],"campfire_rested":8,"item_purchase_floors":[11,11,11,24],"current_hp_per_floor":[64,64,70,73,68,68,34,34,34,34,34,23,21,23,47,38,70,38,30,56,29,29,53,68,52,52,52,52,37,61,54,78,47,72,74,72,72,69,75,23,47,34,44,33,60,77,66,66,90,39,77,90,90,0],"gold":0,"neow_bonus":"THREE_CARDS","is_prod":false,"is_daily":false,"chose_seed":false,"campfire_upgraded":2,"win_rate":0,"timestamp":1561656543,"path_taken":["M","?","M","M","M","R","E","R","T","M","?","E","M","M","R","BOSS","M","?","?","M","?","R","$","E","T","R","?","E","R","M","R","BOSS","M","M","?","?","M","E","R","E","T","?","R","M","M","?","R","BOSS","R","$","E"],"build_version":"2019-01-23","purchased_purges":1,"victory":false,"max_hp_per_floor":[80,80,80,80,80,80,80,80,80,80,80,80,80,80,80,80,80,80,80,80,80,80,80,80,80,80,80,80,80,80,80,80,80,80,80,80,80,80,80,80,80,80,90,90,90,90,90,90,90,90,90,90,90,90],"card_choices":[{"not_picked":["Heavy Blade","Havoc"],"picked":"Sentinel","floor":0},{"not_picked":["Clothesline","Headbutt"],"picked":"Ghostly Armor","floor":1},{"not_picked":["Power Through","Twin Strike"],"picked":"Headbutt","floor":3},{"not_picked":["Blood for Blood","Reckless Charge"],"picked":"Iron Wave","floor":4},{"not_picked":["Perfected Strike","Flex"],"picked":"Disarm","floor":5},{"not_picked":["Bloodletting","Flex"],"picked":"Offering","floor":7},{"not_picked":["Rage","Armaments"],"picked":"Clothesline+1","floor":10},{"not_picked":["Searing Blow+1","Body Slam+1"],"picked":"Twin Strike+1","floor":12},{"not_picked":["Clothesline+1","Iron Wave+1"],"picked":"Sword Boomerang+1","floor":13},{"not_picked":["Hemokinesis+1","Havoc"],"picked":"Armaments","floor":14},{"not_picked":["Double Tap","Fiend Fire+1"],"picked":"Demon Form","floor":16},{"not_picked":["Armaments","Blood for Blood+1"],"picked":"Thunderclap+1","floor":18},{"not_picked":["Anger+1","Clash+1"],"picked":"Uppercut+1","floor":19},{"not_picked":["Combust","Perfected Strike+1"],"picked":"Disarm+1","floor":21},{"not_picked":["Pummel+1","Thunderclap+1"],"picked":"Bludgeon+1","floor":25},{"not_picked":["Fire Breathing","Clothesline+1"],"picked":"Warcry+1","floor":29},{"not_picked":["Spot Weakness","Anger+1"],"picked":"Thunderclap+1","floor":31},{"not_picked":["Fiend Fire+1","Offering"],"picked":"Double Tap","floor":33},{"not_picked":["Body Slam+1","Flex"],"picked":"Twin Strike+1","floor":35},{"not_picked":["Wild Strike+1","Iron Wave+1","Thunderclap+1"],"picked":"SKIP","floor":36},{"not_picked":["Clothesline+1","Fire Breathing"],"picked":"Headbutt+1","floor":38},{"not_picked":["Sword Boomerang+1","Rampage+1"],"picked":"Heavy Blade+1","floor":39},{"not_picked":["Twin Strike+1","Wild Strike+1","True Grit"],"picked":"SKIP","floor":40},{"not_picked":["Juggernaut","Warcry"],"picked":"Reaper+1","floor":42},{"not_picked":["Perfected Strike+1","Metallicize"],"picked":"Flex+1","floor":46},{"not_picked":["Perfected Strike+1","Wild Strike+1"],"picked":"Cleave+1","floor":47}],"player_experience":347838,"relics_obtained":[{"floor":7,"key":"War Paint"},{"floor":9,"key":"Molten Egg 2"},{"floor":12,"key":"Sundial"},{"floor":25,"key":"Orichalcum"},{"floor":26,"key":"Mercury Hourglass"},{"floor":29,"key":"Bag of Marbles"},{"floor":37,"key":"Happy Flower"},{"floor":37,"key":"Bag of Preparation"},{"floor":40,"key":"Meat on the Bone"},{"floor":42,"key":"Unceasing Top"},{"floor":43,"key":"Pear"}],"event_choices":[{"damage_healed":0,"gold_gain":0,"player_choice":"Paid Gold","damage_taken":0,"relics_obtained":["Old Coin"],"max_hp_gain":0,"max_hp_loss":0,"event_name":"WeMeetAgain","floor":2,"gold_loss":98},{"damage_healed":26,"gold_gain":0,"player_choice":"Heal","damage_taken":0,"max_hp_gain":0,"max_hp_loss":0,"event_name":"The Library","floor":20,"gold_loss":0},{"damage_healed":0,"gold_gain":0,"player_choice":"Simplicity","damage_taken":0,"max_hp_gain":0,"max_hp_loss":0,"event_name":"Back to Basics","floor":22,"gold_loss":0,"cards_upgraded":["Strike_R","Strike_R","Strike_R","Strike_R","Strike_R","Defend_R","Defend_R"]},{"damage_healed":0,"gold_gain":0,"cards_transformed":["Sentinel","Armaments"],"player_choice":"Transformed Cards","damage_taken":0,"max_hp_gain":0,"max_hp_loss":0,"event_name":"Designer","floor":28,"gold_loss":60,"cards_obtained":["Inflame","True Grit"]},{"damage_healed":0,"gold_gain":0,"player_choice":"Embrace Madness","damage_taken":11,"max_hp_gain":0,"max_hp_loss":0,"event_name":"Winding Halls","floor":44,"gold_loss":0,"cards_obtained":["Madness","Madness"]},{"damage_healed":0,"gold_gain":0,"player_choice":"Paid","damage_taken":0,"relics_obtained":["Red Mask"],"max_hp_gain":0,"max_hp_loss":0,"event_name":"Tomb of Lord Red Mask","floor":48,"gold_loss":270}],"is_beta":false,"boss_relics":[{"not_picked":["White Beast Statue","Velvet Choker"],"picked":"Fusion Hammer"},{"not_picked":["Eternal Feather","Black Star"],"picked":"Runic Pyramid"}],"items_purged_floors":[24],"is_endless":false,"potions_floor_spawned":[5,10,12,14,16,18,21,25,31,40,42,47],"killed_by":"Shield and Spear","ascension_level":13}