{"gold_per_floor":[109,35,46,0,49,83,83,114,161,161,122,139,172,188,188,284,284,284,284,23,0,0,0,0,0,0,0,0,0],"floor_reached":29,"playtime":1063,"items_purged":["Strike_G"],"score":329,"play_id":"837dc316-5cdc-44d0-a8e6-0d2b070f6846","local_time":"20190421050902","is_ascension_mode":true,"campfire_choices":[{"data":"Neutralize","floor":7,"key":"SMITH"},{"data":"Noxious Fumes","floor":10,"key":"SMITH"},{"floor":15,"key":"REST"},{"floor":23,"key":"REST"}],"neow_cost":"NONE","seed_source_timestamp":37187395591335,"circlet_count":0,"master_deck":["Defend_G","Defend_G","Defend_G","Defend_G","Defend_G","Strike_G","Strike_G","Strike_G","Strike_G","Survivor","Neutralize+1","Backstab","Noxious Fumes+1","Dagger Spray","Deflect","Outmaneuver+1","Slice","Dagger Throw","Corpse Explosion+1","Deadly Poison+1","Backflip+1","Calculated Gamble+1","Caltrops","Writhe","Dodge and Roll+1","Dash"],"relics":["Ring of the Snake","NeowsBlessing","Art of War","Anchor","Toxic Egg 2","Potion Belt","Letter Opener","Ectoplasm","Red Mask","Bag of Marbles","Bottled Lightning"],"potions_floor_usage":[13,16,25,25],"damage_taken":[{"damage":0,"enemies":"Cultist","floor":1,"turns":1},{"damage":0,"enemies":"Small Slimes","floor":3,"turns":1},{"damage":0,"enemies":"Gremlin Nob","floor":6,"turns":1},{"damage":32,"enemies":"Lagavulin","floor":8,"turns":8},{"damage":0,"enemies":"Jaw Worm","floor":12,"turns":3},{"damage":19,"enemies":"Gremlin Nob","floor":13,"turns":4},{"damage":0,"enemies":"Exordium Wildlife","floor":14,"turns":4},{"damage":34,"enemies":"The Guardian","floor":16,"turns":12},{"damage":16,"enemies":"Chosen","floor":18,"turns":5},{"damage":47,"enemies":"Masked Bandits","floor":19,"turns":4},{"damage":0,"enemies":"2 Thieves","floor":21,"turns":2},{"damage":0,"enemies":"Centurion and Healer","floor":24,"turns":4},{"damage":0,"enemies":"Gremlin Leader","floor":25,"turns":4},{"damage":14,"enemies":"Snake Plant","floor":27,"turns":3},{"damage":19,"enemies":"Book of Stabbing","floor":29,"turns":4}],"seed_played":"3026127845448895344","potions_obtained":[{"floor":1,"key":"AttackPotion"},{"floor":3,"key":"Energy Potion"},{"floor":8,"key":"Block Potion"},{"floor":16,"key":"Energy Potion"},{"floor":18,"key":"SmokeBomb"},{"floor":24,"key":"Energy Potion"}],"is_trial":false,"path_per_floor":["M","$","M","$","T","E","R","E","T","R","?","M","E","M","R","B",null,"M","?","$","M","?","R","M","E","T","M","$","E"],"character_chosen":"THE_SILENT","items_purchased":["Noxious Fumes","Deflect","Calculated Gamble+1","Caltrops","Regen Potion"],"campfire_rested":2,"item_purchase_floors":[2,4,20,20,20],"current_hp_per_floor":[70,70,70,70,70,70,70,38,38,38,38,38,19,19,40,6,70,54,7,7,7,7,28,28,28,28,14,14,0],"gold":0,"neow_bonus":"THREE_ENEMY_KILL","is_prod":false,"is_daily":false,"chose_seed":false,"campfire_upgraded":2,"win_rate":0,"timestamp":1555837742,"path_taken":["M","$","M","?","?","E","R","E","T","R","?","M","E","M","R","BOSS","M","?","$","M","?","R","M","E","T","M","?","E"],"build_version":"2019-01-23","purchased_purges":1,"victory":false,"max_hp_per_floor":[70,70,70,70,70,70,70,70,70,70,70,70,70,70,70,70,70,70,70,70,70,70,70,70,70,70,70,70,70],"card_choices":[{"not_picked":["Prepared","Endless Agony"],"picked":"Backstab","floor":1},{"not_picked":["Masterful Stab","Caltrops"],"picked":"Dagger Spray","floor":3},{"not_picked":["Prepared","Venomology","Underhanded Strike"],"picked":"SKIP","floor":6},{"not_picked":["Dagger Spray","Deflect"],"picked":"Outmaneuver","floor":8},{"not_picked":["Dagger Spray","Accuracy"],"picked":"Slice","floor":12},{"not_picked":["Endless Agony","Terror+1"],"picked":"Dagger Throw","floor":13},{"not_picked":["Sucker Punch","Setup+1","Accuracy"],"picked":"SKIP","floor":14},{"not_picked":["After Image","Malaise+1"],"picked":"Corpse Explosion+1","floor":16},{"not_picked":["Caltrops+1","Backstab"],"picked":"Deadly Poison+1","floor":18},{"not_picked":["Dodge and Roll+1","Distraction+1"],"picked":"Backflip+1","floor":19},{"not_picked":["Sucker Punch","Quick Slash","Outmaneuver+1"],"picked":"SKIP","floor":21},{"not_picked":["Sucker Punch","Dagger Spray"],"picked":"Dodge and Roll+1","floor":24},{"not_picked":["PiercingWail+1","Sucker Punch"],"picked":"Dash","floor":27}],"player_experience":94737,"relics_obtained":[{"floor":5,"key":"Art of War"},{"floor":6,"key":"Anchor"},{"floor":8,"key":"Toxic Egg 2"},{"floor":9,"key":"Potion Belt"},{"floor":13,"key":"Letter Opener"},{"floor":19,"key":"Red Mask"},{"floor":26,"key":"Bottled Lightning"}],"event_choices":[{"damage_healed":0,"gold_gain":0,"player_choice":"Left Gold","damage_taken":0,"max_hp_gain":0,"max_hp_loss":0,"event_name":"World of Goop","floor":11,"gold_loss":39},{"damage_healed":0,"gold_gain":0,"player_choice":"Fought Bandits","damage_taken":0,"max_hp_gain":0,"max_hp_loss":0,"event_name":"Masked Bandits","floor":19,"gold_loss":0},{"damage_healed":0,"gold_gain":0,"player_choice":"Opened","damage_taken":0,"relics_obtained":["Bag of Marbles"],"max_hp_gain":0,"max_hp_loss":0,"event_name":"The Mausoleum","floor":22,"gold_loss":0,"cards_obtained":["Writhe"]}],"is_beta":false,"boss_relics":[{"not_picked":["White Beast Statue","Busted Crown"],"picked":"Ectoplasm"}],"items_purged_floors":[20],"is_endless":false,"potions_floor_spawned":[1,3,8,16,18,24],"killed_by":"Book of Stabbing","ascension_level":3}