{"gold_per_floor":[118,118,135,135,85,85,102,116,184,184,196,196,226,243,243,348,348,368,293,278,278,51,80,98,23,23,39,50,50,69,69,69,170,170,181,81,101,121,138,138,153,153,203,203,153,153,173,173,173,173],"floor_reached":51,"playtime":2883,"items_purged":["Strike_R","Defend_R","Defend_R"],"score":661,"play_id":"c4a69d40-b2f2-4db2-8be3-802708095ac8","local_time":"20190530132458","is_ascension_mode":false,"campfire_choices":[{"data":"Body Slam","floor":6,"key":"SMITH"},{"data":"Rampage","floor":10,"key":"SMITH"},{"data":"Shrug It Off","floor":12,"key":"SMITH"},{"data":"Impervious","floor":15,"key":"SMITH"},{"floor":29,"key":"REST"},{"floor":32,"key":"REST"},{"data":"Barricade","floor":40,"key":"SMITH"},{"data":"Metallicize","floor":42,"key":"SMITH"},{"data":"Madness","floor":49,"key":"SMITH"}],"neow_cost":"NONE","seed_source_timestamp":177776203942401,"circlet_count":0,"master_deck":["Defend_R","Bash","Impervious+1","Shrug It Off+1","Body Slam+1","Rampage+1","Barricade+1","Metallicize","Infernal Blade+1","Metallicize+1","Iron Wave+1","Inflame","Double Tap","Madness","Madness+1"],"relics":["Burning Blood","Question Card","Black Star","Anchor","Omamori","Centennial Puzzle","Matryoshka","Busted Crown","Strawberry","Smiling Mask"],"potions_floor_usage":[16,16,16,18,20,48,50],"damage_taken":[{"damage":0,"enemies":"Small Slimes","floor":1,"turns":3},{"damage":0,"enemies":"2 Louse","floor":3,"turns":3},{"damage":2,"enemies":"Cultist","floor":7,"turns":4},{"damage":0,"enemies":"Gremlin Gang","floor":8,"turns":8},{"damage":2,"enemies":"Looter","floor":11,"turns":4},{"damage":1,"enemies":"2 Fungi Beasts","floor":14,"turns":4},{"damage":39,"enemies":"Slime Boss","floor":16,"turns":11},{"damage":0,"enemies":"Shell Parasite","floor":18,"turns":6},{"damage":10,"enemies":"2 Thieves","floor":20,"turns":4},{"damage":65,"enemies":"Gremlin Leader","floor":23,"turns":15},{"damage":5,"enemies":"Snecko","floor":24,"turns":5},{"damage":1,"enemies":"Snake Plant","floor":27,"turns":5},{"damage":19,"enemies":"Sentry and Sphere","floor":28,"turns":9},{"damage":7,"enemies":"Snecko","floor":30,"turns":7},{"damage":45,"enemies":"Collector","floor":33,"turns":13},{"damage":2,"enemies":"Orb Walker","floor":35,"turns":3},{"damage":9,"enemies":"3 Shapes","floor":37,"turns":4},{"damage":23,"enemies":"Writhing Mass","floor":38,"turns":8},{"damage":0,"enemies":"Maw","floor":39,"turns":8},{"damage":15,"enemies":"Spire Growth","floor":41,"turns":6},{"damage":8,"enemies":"Writhing Mass","floor":47,"turns":4},{"damage":0,"enemies":"2 Orb Walkers","floor":48,"turns":2},{"damage":37,"enemies":"Donu and Deca","floor":50,"turns":11}],"seed_played":"6398352416589326594","potions_obtained":[{"floor":7,"key":"AttackPotion"},{"floor":8,"key":"Swift Potion"},{"floor":11,"key":"Energy Potion"},{"floor":16,"key":"Block Potion"},{"floor":18,"key":"Strength Potion"},{"floor":23,"key":"Swift Potion"},{"floor":37,"key":"Swift Potion"},{"floor":38,"key":"Strength Potion"},{"floor":47,"key":"SmokeBomb"}],"is_trial":false,"path_per_floor":["M","$","M","?","?","R","M","M","T","R","M","R","?","M","R","B",null,"M","?","M","?","$","E","M","$","T","M","M","R","M","$","R","B",null,"M","$","M","M","M","R","M","R","T","?","$","?","M","?","R","B",null],"character_chosen":"IRONCLAD","items_purchased":["Metallicize","Anchor"],"campfire_rested":2,"item_purchase_floors":[22,22],"current_hp_per_floor":[80,80,80,80,80,80,80,80,80,80,80,80,80,80,80,47,80,80,80,76,76,76,17,18,18,18,23,10,34,33,33,57,18,80,80,80,77,60,66,66,57,57,64,64,64,53,51,57,57,26],"gold":173,"neow_bonus":"ONE_RANDOM_RARE_CARD","is_prod":false,"is_daily":false,"chose_seed":false,"campfire_upgraded":7,"win_rate":0.0,"timestamp":1559240698,"path_taken":["M","$","M","?","?","R","M","M","T","R","M","R","?","M","R","BOSS","M","?","M","?","$","E","?","$","T","?","M","R","M","$","R","BOSS","M","$","M","M","M","R","M","R","T","?","$","?","M","?","R","BOSS"],"build_version":"2019-01-23","purchased_purges":3,"victory":true,"max_hp_per_floor":[80,80,80,80,80,80,80,80,80,80,80,80,80,80,80,80,80,80,80,80,80,80,80,80,80,80,80,80,80,80,80,80,80,80,80,80,80,80,80,80,80,80,87,87,87,87,87,87,87,87],"card_choices":[{"not_picked":["Heavy Blade","Clothesline"],"picked":"Shrug It Off","floor":1},{"not_picked":["Burning Pact","Perfected Strike"],"picked":"Body Slam","floor":3},{"not_picked":["Carnage","Dual Wield","Shrug It Off"],"picked":"SKIP","floor":7},{"not_picked":["Body Slam","Evolve","Shockwave"],"picked":"SKIP","floor":8},{"not_picked":["Sever Soul","Cleave","Warcry","Dark Embrace"],"picked":"SKIP","floor":11},{"not_picked":["Searing Blow","Warcry","Twin Strike","Clothesline"],"picked":"SKIP","floor":14},{"not_picked":["Double Tap","Bludgeon","Fiend Fire"],"picked":"Barricade","floor":16},{"not_picked":["Body Slam+1","Battle Trance","Perfected Strike","Blood for Blood"],"picked":"SKIP","floor":18},{"not_picked":["Shrug It Off+1","Sword Boomerang","Wild Strike","Intimidate"],"picked":"SKIP","floor":20},{"not_picked":["Twin Strike","Hemokinesis+1","Flex"],"picked":"Infernal Blade+1","floor":23},{"not_picked":["Shrug It Off","Rampage","Second Wind"],"picked":"Metallicize","floor":24},{"not_picked":["Cleave","Feed","Pommel Strike+1","Shrug It Off"],"picked":"SKIP","floor":27},{"not_picked":["Warcry","Flex","Anger+1"],"picked":"Iron Wave+1","floor":28},{"not_picked":["Flex","Combust","Second Wind"],"picked":"Inflame","floor":30},{"not_picked":["Brutality","Demon Form","Fiend Fire"],"picked":"Double Tap","floor":33},{"not_picked":["Uppercut","True Grit"],"picked":"SKIP","floor":35},{"not_picked":["Corruption+1","Pummel+1"],"picked":"SKIP","floor":37},{"not_picked":["Second Wind+1","Headbutt+1"],"picked":"SKIP","floor":38},{"not_picked":["Thunderclap+1","Fiend Fire"],"picked":"SKIP","floor":39},{"not_picked":["Thunderclap+1","Fiend Fire"],"picked":"SKIP","floor":39},{"not_picked":["Thunderclap","Whirlwind+1"],"picked":"SKIP","floor":41},{"not_picked":["Thunderclap","Heavy Blade+1"],"picked":"SKIP","floor":47}],"player_experience":26925,"relics_obtained":[{"floor":9,"key":"Question Card"},{"floor":23,"key":"Omamori"},{"floor":23,"key":"Centennial Puzzle"},{"floor":26,"key":"Matryoshka"},{"floor":43,"key":"Strawberry"},{"floor":43,"key":"Smiling Mask"}],"event_choices":[{"damage_healed":0,"gold_gain":0,"cards_transformed":["Strike_R"],"player_choice":"Change","damage_taken":0,"max_hp_gain":0,"max_hp_loss":0,"event_name":"Living Wall","floor":4,"gold_loss":0,"cards_obtained":["Rampage"]},{"cards_removed":["Strike_R"],"damage_healed":0,"gold_gain":0,"player_choice":"Card Removal","damage_taken":0,"max_hp_gain":0,"max_hp_loss":0,"event_name":"The Cleric","floor":5,"gold_loss":50},{"damage_healed":0,"gold_gain":30,"player_choice":"Searched \u00272\u0027 times","damage_taken":0,"max_hp_gain":0,"max_hp_loss":0,"event_name":"Dead Adventurer","floor":13,"gold_loss":0},{"cards_removed":["Strike_R"],"damage_healed":0,"gold_gain":0,"player_choice":"Gave Gold","damage_taken":0,"max_hp_gain":0,"max_hp_loss":0,"event_name":"Beggar","floor":19,"gold_loss":75},{"cards_removed":["Strike_R"],"damage_healed":0,"gold_gain":0,"player_choice":"Purged","damage_taken":0,"max_hp_gain":0,"max_hp_loss":0,"event_name":"Purifier","floor":21,"gold_loss":0},{"cards_removed":["Defend_R"],"damage_healed":0,"gold_gain":0,"player_choice":"Removed Skill","damage_taken":0,"max_hp_gain":0,"max_hp_loss":0,"event_name":"Falling","floor":44,"gold_loss":0},{"damage_healed":0,"gold_gain":0,"player_choice":"Embrace Madness","damage_taken":11,"max_hp_gain":0,"max_hp_loss":0,"event_name":"Winding Halls","floor":46,"gold_loss":0,"cards_obtained":["Madness","Madness"]},{"damage_healed":0,"gold_gain":0,"player_choice":"Fight","damage_taken":0,"max_hp_gain":0,"max_hp_loss":0,"event_name":"Mysterious Sphere","floor":48,"gold_loss":0}],"is_beta":false,"boss_relics":[{"not_picked":["Cursed Key","Philosopher\u0027s Stone"],"picked":"Black Star"},{"not_picked":["Velvet Choker","Orrery"],"picked":"Busted Crown"}],"items_purged_floors":[25,36,45],"is_endless":false,"potions_floor_spawned":[7,8,11,16,18,23,37,38,47,48],"ascension_level":0}