{"gold_per_floor":[113,113,127,77,1,36,36,52,52,66,66,91,91,109,109,238,238,257,257,241,241,290,290,290,290],"floor_reached":25,"playtime":727,"items_purged":[],"score":237,"play_id":"9fc25f3c-74e3-494c-acc4-3cd671960fa1","local_time":"20190606170548","is_ascension_mode":true,"campfire_choices":[{"data":"Inflame","floor":7,"key":"SMITH"},{"data":"Twin Strike","floor":13,"key":"SMITH"},{"data":"Bash","floor":15,"key":"SMITH"},{"data":"Shrug It Off","floor":23,"key":"SMITH"}],"neow_cost":"NONE","seed_source_timestamp":135856776960,"circlet_count":0,"master_deck":["Strike_R","Strike_R","Strike_R+1","Strike_R","Defend_R","Defend_R+1","Defend_R","Defend_R","Bash+1","Twin Strike+1","Inflame+1","Flex","Dual Wield","Shrug It Off+1","Shrug It Off","J.A.X."],"relics":["Black Blood","NeowsBlessing","Self Forming Clay","Boot","Bloody Idol","Nilry\u0027s Codex","PreservedInsect"],"potions_floor_usage":[12,14,18,25],"damage_taken":[{"damage":0,"enemies":"Cultist","floor":1,"turns":1},{"damage":0,"enemies":"Jaw Worm","floor":3,"turns":1},{"damage":0,"enemies":"Lagavulin","floor":6,"turns":1},{"damage":0,"enemies":"Small Slimes","floor":8,"turns":3},{"damage":2,"enemies":"Looter","floor":10,"turns":2},{"damage":2,"enemies":"Blue Slaver","floor":12,"turns":4},{"damage":9,"enemies":"2 Fungi Beasts","floor":14,"turns":2},{"damage":16,"enemies":"Slime Boss","floor":16,"turns":8},{"damage":16,"enemies":"Chosen","floor":18,"turns":5},{"damage":11,"enemies":"2 Thieves","floor":20,"turns":4},{"damage":79,"enemies":"Gremlin Leader","floor":25,"turns":5}],"seed_played":"5071577242708761835","potions_obtained":[{"floor":1,"key":"Ancient Potion"},{"floor":8,"key":"Block Potion"},{"floor":12,"key":"Ancient Potion"},{"floor":14,"key":"Fruit Juice"},{"floor":16,"key":"SteroidPotion"}],"is_trial":false,"path_per_floor":["M","?","M","?","$","E","R","M","T","M","?","M","R","M","R","B",null,"M","?","M","?","T","R","?","E"],"character_chosen":"IRONCLAD","items_purchased":["Inflame"],"campfire_rested":0,"item_purchase_floors":[5],"current_hp_per_floor":[80,64,70,70,70,76,76,80,80,80,60,64,64,66,66,56,85,79,63,62,62,67,67,67,0],"gold":290,"neow_bonus":"THREE_ENEMY_KILL","is_prod":false,"is_daily":false,"chose_seed":false,"campfire_upgraded":4,"win_rate":0,"timestamp":1559858748,"path_taken":["M","?","M","?","$","E","R","M","T","M","?","M","R","M","R","BOSS","M","?","M","?","?","R","?","E"],"build_version":"2019-01-23","purchased_purges":0,"victory":false,"max_hp_per_floor":[80,80,80,80,80,80,80,80,80,80,80,80,80,85,85,85,85,85,85,85,85,85,85,85,85],"card_choices":[{"not_picked":["Uppercut","Cleave","Hemokinesis"],"picked":"SKIP","floor":1},{"not_picked":["Iron Wave","Sword Boomerang"],"picked":"Twin Strike","floor":3},{"not_picked":["Pommel Strike","Hemokinesis"],"picked":"Flex","floor":6},{"not_picked":["Iron Wave","Anger","Headbutt"],"picked":"SKIP","floor":8},{"not_picked":["Reckless Charge","Clash"],"picked":"Dual Wield","floor":10},{"not_picked":["Armaments","Headbutt","Battle Trance"],"picked":"SKIP","floor":12},{"not_picked":["Dual Wield","Exhume","Headbutt"],"picked":"SKIP","floor":14},{"not_picked":["True Grit","Wild Strike"],"picked":"Shrug It Off","floor":18},{"not_picked":["Pommel Strike+1","Warcry"],"picked":"Shrug It Off","floor":20}],"player_experience":114943,"relics_obtained":[{"floor":6,"key":"Self Forming Clay"},{"floor":9,"key":"Boot"},{"floor":19,"key":"Nilry\u0027s Codex"},{"floor":22,"key":"PreservedInsect"}],"event_choices":[{"damage_healed":0,"gold_gain":0,"player_choice":"Entered Light","damage_taken":16,"max_hp_gain":0,"max_hp_loss":0,"event_name":"Shining Light","floor":2,"gold_loss":0,"cards_upgraded":["Defend_R","Strike_R"]},{"cards_removed":["Strike_R"],"damage_healed":0,"gold_gain":0,"player_choice":"Card Removal","damage_taken":0,"max_hp_gain":0,"max_hp_loss":0,"event_name":"The Cleric","floor":4,"gold_loss":50},{"damage_healed":0,"gold_gain":0,"player_choice":"Take Damage","damage_taken":20,"relics_obtained":["Golden Idol"],"max_hp_gain":0,"max_hp_loss":0,"event_name":"Golden Idol","floor":11,"gold_loss":0},{"damage_healed":0,"gold_gain":0,"player_choice":"Obtained Book","damage_taken":16,"max_hp_gain":0,"max_hp_loss":0,"event_name":"Cursed Tome","floor":19,"gold_loss":0},{"damage_healed":0,"gold_gain":0,"player_choice":"Gave Idol","damage_taken":0,"relics_obtained":["Bloody Idol"],"max_hp_gain":0,"max_hp_loss":0,"event_name":"Forgotten Altar","floor":21,"relics_lost":["Golden Idol"],"gold_loss":0},{"damage_healed":0,"gold_gain":0,"player_choice":"Obtain J.A.X.","damage_taken":0,"max_hp_gain":0,"max_hp_loss":0,"event_name":"Drug Dealer","floor":24,"gold_loss":0,"cards_obtained":["J.A.X."]}],"is_beta":false,"boss_relics":[{"not_picked":["White Beast Statue","Busted Crown"],"picked":"Black Blood"}],"items_purged_floors":[],"is_endless":false,"potions_floor_spawned":[1,8,12,14,16],"killed_by":"Gremlin Leader","ascension_level":1}