{"gold_per_floor":[112,112,112,35,35,74,98,98,98,0,31,31,31,70,70,191,191,205,205,219,244,258,297,297,29,54,77,118,134,134,153,153,153],"floor_reached":33,"playtime":1511,"items_purged":["Strike_R"],"score":405,"play_id":"0b6ec6a5-dcaa-4c22-b886-889f57e10930","local_time":"20190421054214","is_ascension_mode":true,"campfire_choices":[{"data":"Armaments","floor":8,"key":"SMITH"},{"data":"Discovery","floor":13,"key":"SMITH"},{"data":"Uppercut","floor":15,"key":"SMITH"},{"data":"Bash","floor":24,"key":"SMITH"},{"floor":32,"key":"REST"}],"neow_cost":"NONE","seed_source_timestamp":38730940741545,"circlet_count":0,"master_deck":["Strike_R","Strike_R","Strike_R","Defend_R","Defend_R","Defend_R","Defend_R","Bash+1","Pommel Strike+1","Shrug It Off","Cleave","Armaments+1","Discovery+1","Uppercut+1","Feed","Intimidate+1","Shrug It Off+1","Feed","Shockwave","Corruption+1"],"relics":["Burning Blood","NeowsBlessing","Golden Idol","Question Card","Red Skull","Singing Bowl","Potion Belt","Mark of Pain","Frozen Egg 2","Anchor","Bronze Scales","Magic Flower","MutagenicStrength"],"potions_floor_usage":[16,28,28,28,33],"damage_taken":[{"damage":0,"enemies":"Cultist","floor":1,"turns":1},{"damage":0,"enemies":"Small Slimes","floor":3,"turns":1},{"damage":0,"enemies":"Lagavulin","floor":6,"turns":1},{"damage":8,"enemies":"2 Louse","floor":7,"turns":2},{"damage":19,"enemies":"3 Sentries","floor":11,"turns":4},{"damage":22,"enemies":"Lagavulin","floor":14,"turns":7},{"damage":33,"enemies":"The Guardian","floor":16,"turns":14},{"damage":37,"enemies":"3 Byrds","floor":18,"turns":6},{"damage":0,"enemies":"Chosen","floor":20,"turns":3},{"damage":29,"enemies":"Shelled Parasite and Fungi","floor":21,"turns":6},{"damage":15,"enemies":"Snake Plant","floor":22,"turns":3},{"damage":20,"enemies":"Book of Stabbing","floor":23,"turns":5},{"damage":3,"enemies":"3 Cultists","floor":27,"turns":5},{"damage":12,"enemies":"Gremlin Leader","floor":28,"turns":5},{"damage":4,"enemies":"Chosen and Byrds","floor":29,"turns":6},{"damage":3,"enemies":"Snake Plant","floor":31,"turns":3},{"damage":79,"enemies":"Collector","floor":33,"turns":9}],"seed_played":"-326145186564519717","potions_obtained":[{"floor":6,"key":"LiquidBronze"},{"floor":11,"key":"SpeedPotion"},{"floor":14,"key":"EssenceOfSteel"},{"floor":16,"key":"Swift Potion"},{"floor":22,"key":"Poison Potion"},{"floor":23,"key":"SteroidPotion"},{"floor":27,"key":"Dexterity Potion"},{"floor":28,"key":"FearPotion"}],"is_trial":false,"path_per_floor":["M","?","M","$","?","E","M","R","T","$","E","$","R","E","R","B",null,"M","?","M","M","M","E","R","$","T","M","E","M","?","M","R","B"],"character_chosen":"IRONCLAD","items_purchased":["Shrug It Off","Cleave","Discovery","Corruption+1","Anchor"],"campfire_rested":1,"item_purchase_floors":[4,4,10,25,25],"current_hp_per_floor":[80,80,80,80,60,66,64,64,64,64,53,53,53,37,37,10,82,56,56,65,42,36,22,22,22,22,30,26,38,38,46,78,0],"gold":153,"neow_bonus":"THREE_ENEMY_KILL","is_prod":false,"is_daily":false,"chose_seed":false,"campfire_upgraded":4,"win_rate":0,"timestamp":1555839734,"path_taken":["M","?","M","$","?","E","M","R","T","$","E","$","R","E","R","BOSS","M","?","M","M","M","E","R","$","T","?","E","M","?","M","R","BOSS"],"build_version":"2019-01-23","purchased_purges":1,"victory":false,"max_hp_per_floor":[80,80,80,80,80,80,80,80,80,80,82,82,82,82,82,82,82,87,87,90,90,93,93,93,93,93,98,100,105,105,107,107,107],"card_choices":[{"not_picked":["True Grit","Bloodletting"],"picked":"Pommel Strike","floor":1},{"not_picked":["Body Slam","Iron Wave","Whirlwind"],"picked":"SKIP","floor":3},{"not_picked":["Thunderclap","Rage"],"picked":"Armaments","floor":6},{"not_picked":["Entrench","Clash","Reckless Charge","Twin Strike"],"picked":"SKIP","floor":7},{"not_picked":["Pommel Strike","Thunderclap","Body Slam","Warcry"],"picked":"Singing Bowl","floor":11},{"not_picked":["Pommel Strike","Carnage","Armaments"],"picked":"Uppercut","floor":14},{"not_picked":["Juggernaut","Bludgeon","Exhume"],"picked":"Feed","floor":16},{"not_picked":["Warcry","Feel No Pain","Thunderclap","Wild Strike"],"picked":"Singing Bowl","floor":18},{"not_picked":["Anger","Thunderclap+1","Entrench"],"picked":"Intimidate+1","floor":20},{"not_picked":["Battle Trance","Heavy Blade","Intimidate"],"picked":"Shrug It Off+1","floor":21},{"not_picked":["Wild Strike","Warcry","Pommel Strike+1"],"picked":"Feed","floor":22},{"not_picked":["Warcry","Intimidate","Entrench"],"picked":"Shockwave","floor":23},{"not_picked":["Pommel Strike","Headbutt","Sword Boomerang","Heavy Blade"],"picked":"Singing Bowl","floor":27},{"not_picked":["Double Tap","Shockwave+1","Pummel+1","Bludgeon"],"picked":"Singing Bowl","floor":28},{"not_picked":["Combust+1","Evolve+1","Cleave+1","Pommel Strike+1"],"picked":"Singing Bowl","floor":29},{"not_picked":["Rampage","Rupture+1","Havoc","Anger"],"picked":"Singing Bowl","floor":31}],"player_experience":96263,"relics_obtained":[{"floor":6,"key":"Question Card"},{"floor":9,"key":"Red Skull"},{"floor":11,"key":"Singing Bowl"},{"floor":14,"key":"Potion Belt"},{"floor":23,"key":"Frozen Egg 2"},{"floor":26,"key":"Bronze Scales"},{"floor":28,"key":"Magic Flower"}],"event_choices":[{"damage_healed":0,"gold_gain":0,"player_choice":"Grow","damage_taken":0,"max_hp_gain":0,"max_hp_loss":0,"event_name":"Living Wall","floor":2,"gold_loss":0,"cards_upgraded":["Pommel Strike"]},{"damage_healed":0,"gold_gain":0,"player_choice":"Take Damage","damage_taken":20,"relics_obtained":["Golden Idol"],"max_hp_gain":0,"max_hp_loss":0,"event_name":"Golden Idol","floor":5,"gold_loss":0},{"cards_removed":["Strike_R"],"damage_healed":0,"gold_gain":0,"player_choice":"Offered Basic","damage_taken":0,"max_hp_gain":0,"max_hp_loss":0,"event_name":"Bonfire Elementals","floor":19,"gold_loss":0},{"damage_healed":0,"gold_gain":0,"player_choice":"Inject Mutagens","damage_taken":0,"relics_obtained":["MutagenicStrength"],"max_hp_gain":0,"max_hp_loss":0,"event_name":"Drug Dealer","floor":30,"gold_loss":0}],"is_beta":false,"boss_relics":[{"not_picked":["Black Blood","Runic Dome"],"picked":"Mark of Pain"}],"items_purged_floors":[25],"is_endless":false,"potions_floor_spawned":[6,11,14,16,22,23,27,28],"killed_by":"Collector","ascension_level":3}