{"gold_per_floor":[110,110,120,45,61,91,91,91,91,105,120,79,96,20,20,120,170,180,180,279,279,22,22],"floor_reached":23,"playtime":1401,"items_purged":["Strike_G","Strike_G"],"score":246,"play_id":"c5ea8be5-61e1-48d7-8691-2f9e21027690","local_time":"20190616155047","is_ascension_mode":true,"campfire_choices":[{"floor":8,"key":"REST"},{"floor":15,"key":"REST"}],"neow_cost":"NONE","seed_source_timestamp":315410046717091,"circlet_count":0,"master_deck":["Defend_G","Defend_G","Defend_G","Defend_G+1","Defend_G","Strike_G","Strike_G","Survivor","Neutralize","Deflect","Backflip","Poisoned Stab","Dagger Throw","Cloak And Dagger","Well Laid Plans","Footwork","Envenom","Deadly Poison","Well Laid Plans","Storm of Steel","Well Laid Plans","Backflip","Corpse Explosion","Caltrops","Blur"],"relics":["Ring of the Snake","Omamori","Prayer Wheel","The Courier","Darkstone Periapt","Tiny House","Bag of Preparation"],"potions_floor_usage":[13,13,23,23],"damage_taken":[{"damage":1,"enemies":"2 Louse","floor":1,"turns":3},{"damage":0,"enemies":"Cultist","floor":3,"turns":4},{"damage":0,"enemies":"Jaw Worm","floor":5,"turns":5},{"damage":51,"enemies":"Lagavulin","floor":6,"turns":11},{"damage":0,"enemies":"2 Fungi Beasts","floor":10,"turns":4},{"damage":11,"enemies":"Exordium Thugs","floor":11,"turns":6},{"damage":14,"enemies":"Exordium Wildlife","floor":13,"turns":6},{"damage":6,"enemies":"The Guardian","floor":16,"turns":12},{"damage":16,"enemies":"3 Byrds","floor":18,"turns":7},{"damage":50,"enemies":"Gremlin Leader","floor":23,"turns":9}],"seed_played":"-6058213686130121658","potions_obtained":[{"floor":6,"key":"FearPotion"},{"floor":11,"key":"EssenceOfSteel"},{"floor":13,"key":"Weak Potion"},{"floor":17,"key":"AttackPotion"}],"is_trial":false,"path_per_floor":["M","?","M","$","M","E","?","R","T","M","M","?","M","$","R","B",null,"M","?","?","?","$","E"],"character_chosen":"THE_SILENT","items_purchased":["Deadly Poison","Well Laid Plans","Bag of Preparation","Blur"],"campfire_rested":2,"item_purchase_floors":[14,14,22,22],"current_hp_per_floor":[62,62,62,62,62,11,8,29,29,29,18,18,4,4,25,19,62,46,46,46,46,46,0],"gold":22,"neow_bonus":"RANDOM_COMMON_RELIC","is_prod":false,"is_daily":false,"chose_seed":false,"campfire_upgraded":0,"win_rate":0,"timestamp":1560714647,"path_taken":["M","?","M","?","?","E","?","R","T","M","M","?","M","$","R","BOSS","M","?","?","?","$","E"],"build_version":"2019-01-23","purchased_purges":2,"victory":false,"max_hp_per_floor":[70,70,70,70,70,70,70,70,70,70,70,70,70,70,70,70,75,75,75,75,75,75,75],"card_choices":[{"not_picked":["Blade Dance","Acrobatics"],"picked":"Deflect","floor":1},{"not_picked":["Finisher","Deflect"],"picked":"Backflip","floor":3},{"not_picked":["Backflip","Underhanded Strike"],"picked":"Poisoned Stab","floor":5},{"not_picked":["Prepared","Acrobatics"],"picked":"Dagger Throw","floor":6},{"not_picked":["Poisoned Stab","Storm of Steel"],"picked":"Cloak And Dagger","floor":10},{"not_picked":["Backflip","Bane"],"picked":"Well Laid Plans","floor":10},{"not_picked":["Heel Hook","Acrobatics","Concentrate"],"picked":"SKIP","floor":11},{"not_picked":["Flying Knee","Concentrate","Endless Agony"],"picked":"SKIP","floor":11},{"not_picked":["Backflip","Prepared"],"picked":"Footwork","floor":13},{"not_picked":["Reflex","Skewer"],"picked":"Envenom","floor":13},{"not_picked":["Unload","Grand Finale"],"picked":"Storm of Steel","floor":16},{"not_picked":["Accuracy","Prepared"],"picked":"Well Laid Plans","floor":17},{"not_picked":["Bane","Acrobatics"],"picked":"Backflip","floor":18},{"not_picked":["Flying Knee","Acrobatics","Tactician+1"],"picked":"SKIP","floor":18}],"player_experience":128807,"relics_obtained":[{"floor":6,"key":"Prayer Wheel"},{"floor":9,"key":"Darkstone Periapt"}],"event_choices":[{"damage_healed":0,"gold_gain":0,"player_choice":"1 cards matched","damage_taken":0,"max_hp_gain":0,"max_hp_loss":0,"event_name":"Match and Keep!","floor":2,"gold_loss":0,"cards_obtained":["Heel Hook"]},{"damage_healed":0,"gold_gain":0,"player_choice":"Success","damage_taken":3,"relics_obtained":["The Courier"],"max_hp_gain":0,"max_hp_loss":0,"event_name":"Scrap Ooze","floor":7,"gold_loss":0},{"damage_healed":0,"gold_gain":0,"player_choice":"Left Gold","damage_taken":0,"max_hp_gain":0,"max_hp_loss":0,"event_name":"World of Goop","floor":12,"gold_loss":41},{"damage_healed":0,"gold_gain":0,"cards_transformed":["Heel Hook","Strike_G"],"player_choice":"Became Test Subject","damage_taken":0,"max_hp_gain":0,"max_hp_loss":0,"event_name":"Drug Dealer","floor":19,"gold_loss":0,"cards_obtained":["Corpse Explosion","Caltrops"]},{"damage_healed":0,"gold_gain":99,"player_choice":"Stole From Cult","damage_taken":0,"max_hp_gain":0,"max_hp_loss":0,"event_name":"Nest","floor":20,"gold_loss":0},{"damage_healed":0,"gold_gain":0,"player_choice":"Bought 0 Potions","damage_taken":0,"max_hp_gain":0,"max_hp_loss":0,"event_name":"The Woman in Blue","floor":21,"gold_loss":0}],"is_beta":false,"boss_relics":[{"not_picked":["Busted Crown","Lizard Tail"],"picked":"Tiny House"}],"items_purged_floors":[4,22],"is_endless":false,"potions_floor_spawned":[6,11,13],"killed_by":"Gremlin Leader","ascension_level":6}