{"gold_per_floor":[111,128,141,160,176,211,211,242,268,316,328,364,401,433,445,577,589,616,643,698,710,269,300,300,343,343,343,343,357,357,30,30,159,159,184,199,217,232,247,247,290,127,127,161,15,36,36,52,52,52,52,52,2,40,40],"floor_reached":55,"playtime":3422,"items_purged":["Strike_R","Strike_R","Defend_R"],"score":1273,"play_id":"bed306b1-5001-4562-bfa9-dbe3c53acf2b","local_time":"20190620211620","is_ascension_mode":true,"campfire_choices":[{"floor":15.0,"key":"REST"},{"data":"True Grit","floor":24.0,"key":"SMITH"},{"data":"Armaments","floor":27.0,"key":"SMITH"},{"floor":30.0,"key":"REST"},{"floor":32.0,"key":"REST"},{"floor":40.0,"key":"RECALL"},{"floor":47.0,"key":"REST"},{"floor":49.0,"key":"REST"},{"floor":52.0,"key":"REST"}],"neow_cost":"NONE","seed_source_timestamp":0,"circlet_count":0,"master_deck":["AscendersBane","Strike_R","Strike_R","Defend_R","Defend_R","Defend_R","Bash","Wild Strike","Perfected Strike","Battle Trance","Shockwave","Headbutt","Seeing Red","Inflame","Pummel","Burning Pact","True Grit+1","Whirlwind","Sever Soul","Impervious","Thunderclap+1","Armaments+1","RitualDagger","Inflame","Metallicize","Heavy Blade","Power Through","Exhume","Perfected Strike","Second Wind","Body Slam+1","Ghostly Armor","Shrug It Off","Demon Form","Reckless Charge+1"],"special_seed":0,"relics":["Burning Blood","Pocketwatch","Golden Idol","Potion Belt","MawBank","Bag of Preparation","Dream Catcher","Bag of Marbles","Busted Crown","Red Mask","Pen Nib","Ancient Tea Set","Red Skull","Regal Pillow","Ornamental Fan","PreservedInsect","Fusion Hammer","Singing Bowl","Sundial","Happy Flower","Strawberry","Vajra"],"potions_floor_usage":[55],"damage_taken":[{"damage":2.0,"enemies":"2 Louse","floor":1.0,"turns":3.0},{"damage":12.0,"enemies":"Jaw Worm","floor":2.0,"turns":3.0},{"damage":1.0,"enemies":"Cultist","floor":3.0,"turns":3.0},{"damage":4.0,"enemies":"2 Fungi Beasts","floor":4.0,"turns":2.0},{"damage":13.0,"enemies":"Blue Slaver","floor":5.0,"turns":2.0},{"damage":20.0,"enemies":"3 Sentries","floor":6.0,"turns":6.0},{"damage":20.0,"enemies":"Lagavulin","floor":8.0,"turns":5.0},{"damage":17.0,"enemies":"Gremlin Nob","floor":10.0,"turns":4.0},{"damage":0.0,"enemies":"Large Slime","floor":12.0,"turns":4.0},{"damage":6.0,"enemies":"Looter","floor":14.0,"turns":2.0},{"damage":39.0,"enemies":"Hexaghost","floor":16.0,"turns":9.0},{"damage":0.0,"enemies":"3 Byrds","floor":18.0,"turns":3.0},{"damage":17.0,"enemies":"2 Thieves","floor":19.0,"turns":3.0},{"damage":13.0,"enemies":"Masked Bandits","floor":20.0,"turns":4.0},{"damage":25.0,"enemies":"Gremlin Leader","floor":23.0,"turns":4.0},{"damage":15.0,"enemies":"Book of Stabbing","floor":25.0,"turns":4.0},{"damage":10.0,"enemies":"Snake Plant","floor":29.0,"turns":2.0},{"damage":58.0,"enemies":"Collector","floor":33.0,"turns":9.0},{"damage":7.0,"enemies":"Orb Walker","floor":35.0,"turns":3.0},{"damage":0.0,"enemies":"3 Shapes","floor":36.0,"turns":3.0},{"damage":18.0,"enemies":"Jaw Worm Horde","floor":37.0,"turns":4.0},{"damage":1.0,"enemies":"Sphere and 2 Shapes","floor":38.0,"turns":3.0},{"damage":16.0,"enemies":"Transient","floor":39.0,"turns":5.0},{"damage":0.0,"enemies":"Nemesis","floor":41.0,"turns":1.0},{"damage":23.0,"enemies":"Reptomancer","floor":44.0,"turns":7.0},{"damage":11.0,"enemies":"3 Darklings","floor":46.0,"turns":3.0},{"damage":5.0,"enemies":"Spire Growth","floor":48.0,"turns":4.0},{"damage":42.0,"enemies":"Time Eater","floor":50.0,"turns":8.0},{"damage":52.0,"enemies":"Shield and Spear","floor":54.0,"turns":4.0},{"damage":63,"enemies":"The Heart","floor":55,"turns":3}],"seed_played":"4608302702361577785","potions_obtained":[{"floor":2.0,"key":"SkillPotion"},{"floor":4.0,"key":"Dexterity Potion"},{"floor":5.0,"key":"Swift Potion"},{"floor":6.0,"key":"Swift Potion"},{"floor":12.0,"key":"Weak Potion"},{"floor":14.0,"key":"Regen Potion"},{"floor":18.0,"key":"LiquidBronze"},{"floor":19.0,"key":"EssenceOfSteel"},{"floor":23.0,"key":"Explosive Potion"},{"floor":33.0,"key":"SkillPotion"},{"floor":38.0,"key":"EssenceOfSteel"},{"floor":44.0,"key":"PowerPotion"},{"floor":46.0,"key":"AttackPotion"}],"is_trial":false,"path_per_floor":["M","M","M","M","M","E","?","E","T","E","?","M","T","M","R","B",null,"M","M","?","?","$","E","R","E","T","R","T","M","R","$","R","B",null,"M","M","M","M","M","R","E","$","T","E","$","M","R","M","R","B",null,"R","$","E","B"],"character_chosen":"IRONCLAD","items_purchased":["Inflame","Pen Nib","Ancient Tea Set","PreservedInsect","Power Through","Ghostly Armor","Strawberry","PowerPotion"],"campfire_rested":6,"item_purchase_floors":[22,22,22,31,31,42,45,53],"current_hp_per_floor":[76,70,75,77,70,56,56,42,42,31,13,19,19,19,41,23,61,67,56,49,43,43,24,24,15,15,15,15,11,48,48,74,22,61,60,66,54,59,49,49,57,57,57,42,49,44,86,89,89,53,80,91,91,45,0],"gold":40,"neow_bonus":"TRANSFORM_CARD","is_prod":false,"is_daily":false,"chose_seed":false,"campfire_upgraded":2,"win_rate":0,"timestamp":1561079780,"path_taken":["M","M","M","M","M","E","?","E","T","E","?","M","?","M","R","BOSS","M","M","?","?","$","E","R","E","T","R","?","M","R","$","R","BOSS","M","M","M","M","M","R","E","$","T","E","$","M","R","M","R","BOSS","R","$","E","BOSS"],"build_version":"2019-01-23","purchased_purges":3,"victory":false,"max_hp_per_floor":[80,80,80,80,80,80,74,74,74,74,74,74,74,74,74,74,74,74,74,74,74,74,74,74,74,74,74,74,74,74,74,74,74,74,74,74,74,74,74,74,76,76,76,78,85,85,87,89,89,89,89,91,91,91,91],"card_choices":[{"not_picked":["Headbutt","Iron Wave"],"picked":"Perfected Strike","floor":1.0},{"not_picked":["Rage","Body Slam"],"picked":"Battle Trance","floor":2.0},{"not_picked":["Heavy Blade","Battle Trance"],"picked":"Shockwave","floor":3.0},{"not_picked":["Fire Breathing","Clash"],"picked":"Headbutt","floor":4.0},{"not_picked":["Metallicize","Reckless Charge"],"picked":"Seeing Red","floor":5.0},{"not_picked":["Warcry","Combust"],"picked":"Inflame","floor":6.0},{"not_picked":["Rage","Blood for Blood"],"picked":"Pummel","floor":8.0},{"not_picked":["Twin Strike","Searing Blow"],"picked":"Burning Pact","floor":10.0},{"not_picked":["Clash","Wild Strike"],"picked":"True Grit","floor":12.0},{"not_picked":["Clash","Iron Wave"],"picked":"Whirlwind","floor":14.0},{"not_picked":["Rupture","Brutality"],"picked":"Sever Soul","floor":15.0},{"not_picked":["Dark Embrace","Reaper"],"picked":"Impervious","floor":16.0},{"not_picked":[],"picked":"Thunderclap+1","floor":18.0},{"not_picked":[],"picked":"Armaments","floor":19.0},{"not_picked":[],"picked":"Metallicize","floor":23.0},{"not_picked":["Thunderclap"],"picked":"SKIP","floor":25.0},{"not_picked":[],"picked":"Heavy Blade","floor":29.0},{"not_picked":[],"picked":"Exhume","floor":33.0},{"not_picked":[],"picked":"Perfected Strike","floor":35.0},{"not_picked":[],"picked":"Second Wind","floor":36.0},{"not_picked":[],"picked":"Body Slam+1","floor":37.0},{"not_picked":["Armaments"],"picked":"SKIP","floor":38.0},{"not_picked":["Thunderclap+1"],"picked":"SKIP","floor":39.0},{"not_picked":["Cleave"],"picked":"Singing Bowl","floor":41.0},{"not_picked":["Clash+1"],"picked":"Singing Bowl","floor":44.0},{"not_picked":[],"picked":"Shrug It Off","floor":46.0},{"not_picked":["Havoc"],"picked":"Singing Bowl","floor":47.0},{"not_picked":["Warcry"],"picked":"Singing Bowl","floor":48.0},{"not_picked":[],"picked":"Demon Form","floor":49.0},{"not_picked":["Heavy Blade"],"picked":"Singing Bowl","floor":52.0},{"not_picked":[],"picked":"Reckless Charge+1","floor":54.0}],"player_experience":289521,"relics_obtained":[{"floor":6.0,"key":"Pocketwatch"},{"floor":8.0,"key":"Potion Belt"},{"floor":9.0,"key":"MawBank"},{"floor":10.0,"key":"Bag of Preparation"},{"floor":13.0,"key":"Bag of Marbles"},{"floor":20.0,"key":"Red Mask"},{"floor":23.0,"key":"Red Skull"},{"floor":25.0,"key":"Regal Pillow"},{"floor":28.0,"key":"Ornamental Fan"},{"floor":41.0,"key":"Singing Bowl"},{"floor":43.0,"key":"Sundial"},{"floor":44.0,"key":"Happy Flower"},{"floor":54.0,"key":"Vajra"}],"event_choices":[{"damage_healed":0.0,"max_hp_gain":0.0,"max_hp_loss":6.0,"gold_gain":0.0,"event_name":"Golden Idol","player_choice":"Lose Max HP","floor":7.0,"gold_loss":0.0,"damage_taken":0.0,"relics_obtained":["Golden Idol"]},{"damage_healed":0.0,"max_hp_gain":0.0,"max_hp_loss":0.0,"gold_gain":0.0,"event_name":"Scrap Ooze","player_choice":"Success","floor":11.0,"gold_loss":0.0,"damage_taken":18.0,"relics_obtained":["Dream Catcher"]},{"damage_healed":0.0,"max_hp_gain":0.0,"max_hp_loss":0.0,"gold_gain":0.0,"event_name":"Masked Bandits","player_choice":"Fought Bandits","floor":20.0,"gold_loss":0.0,"damage_taken":0.0},{"damage_healed":0.0,"max_hp_gain":0.0,"max_hp_loss":0.0,"gold_gain":0.0,"event_name":"Nest","player_choice":"Joined the Cult","floor":21.0,"gold_loss":0.0,"damage_taken":6.0,"cards_obtained":["RitualDagger"]}],"is_beta":false,"boss_relics":[{"not_picked":["Runic Pyramid","Runic Dome"],"picked":"Busted Crown"},{"not_picked":["Tiny House","Mark of Pain"],"picked":"Fusion Hammer"}],"items_purged_floors":[22,31,42],"is_endless":false,"potions_floor_spawned":[2,4,5,6,12,14,18,19,23,33,38,44,46],"killed_by":"The Heart","ascension_level":11}