{"gold_per_floor":[118,118,137,151,168,198,214,239,239,254,254,50,61,91,91,162,162,176,164,164],"floor_reached":20,"playtime":1116,"items_purged":[],"score":327,"play_id":"ff12054b-f0df-4ab3-b02c-be20eda6bf76","local_time":"20190624133458","is_ascension_mode":true,"campfire_choices":[{"floor":11,"key":"REST"},{"floor":15,"key":"REST"}],"neow_cost":"NONE","seed_source_timestamp":266668244144800,"circlet_count":0,"master_deck":["AscendersBane","Defend_G","Defend_G","Defend_G","Defend_G","Defend_G","Strike_G","Strike_G","Strike_G","Strike_G","Strike_G","Survivor","Neutralize","Deadly Poison","Endless Agony","Dash","Bane","Prepared","Escape Plan","Bouncing Flask","Backflip","Adrenaline","Parasite","Normality","Injury","Blur","Endless Agony+1"],"relics":["Ring of the Snake","NeowsBlessing","Regal Pillow","Singing Bowl","Lantern","Toy Ornithopter","Smiling Mask","Calling Bell","Juzu Bracelet","Kunai","Tough Bandages"],"potions_floor_usage":[6,7,8,10,16],"damage_taken":[{"damage":0,"enemies":"2 Louse","floor":1,"turns":1},{"damage":0,"enemies":"Cultist","floor":3,"turns":1},{"damage":0,"enemies":"Small Slimes","floor":4,"turns":1},{"damage":8,"enemies":"Exordium Wildlife","floor":5,"turns":5},{"damage":21,"enemies":"3 Sentries","floor":6,"turns":10},{"damage":11,"enemies":"Gremlin Gang","floor":7,"turns":7},{"damage":27,"enemies":"Lagavulin","floor":8,"turns":10},{"damage":2,"enemies":"Lots of Slimes","floor":10,"turns":4},{"damage":6,"enemies":"Exordium Wildlife","floor":13,"turns":4},{"damage":16,"enemies":"Gremlin Nob","floor":14,"turns":3},{"damage":33,"enemies":"Hexaghost","floor":16,"turns":9},{"damage":17,"enemies":"Shell Parasite","floor":18,"turns":7},{"damage":29,"enemies":"2 Thieves","floor":19,"turns":5},{"damage":17,"enemies":"Centurion and Healer","floor":20,"turns":10}],"seed_played":"602513394805814756","potions_obtained":[{"floor":4,"key":"PowerPotion"},{"floor":5,"key":"SpeedPotion"},{"floor":6,"key":"Dexterity Potion"},{"floor":8,"key":"Block Potion"},{"floor":14,"key":"SkillPotion"}],"is_trial":false,"path_per_floor":["M","?","M","M","M","E","M","E","T","M","R","$","M","E","R","B",null,"M","M","M"],"character_chosen":"THE_SILENT","items_purchased":["Toy Ornithopter"],"campfire_rested":2,"item_purchase_floors":[12],"current_hp_per_floor":[63,70,70,70,62,41,30,3,3,3,39,39,33,17,53,25,60,43,14,0],"gold":164,"neow_bonus":"THREE_ENEMY_KILL","is_prod":false,"is_daily":false,"chose_seed":false,"campfire_upgraded":0,"win_rate":0,"timestamp":1561397698,"path_taken":["M","?","M","M","?","E","M","E","T","M","R","$","M","E","R","BOSS","M","M","M"],"build_version":"2019-01-23","purchased_purges":0,"victory":false,"max_hp_per_floor":[70,70,70,70,70,70,70,70,70,72,72,72,72,72,72,72,72,72,72,72],"card_choices":[{"not_picked":["Deadly Poison","Backflip"],"picked":"Blur","floor":1},{"not_picked":["Sucker Punch","Slice"],"picked":"Deadly Poison","floor":3},{"not_picked":["Deflect","Acrobatics"],"picked":"Endless Agony","floor":4},{"not_picked":["Acrobatics","Dagger Spray"],"picked":"Dash","floor":5},{"not_picked":["Deflect","Glass Knife"],"picked":"Bane","floor":6},{"not_picked":["Underhanded Strike","Phantasmal Killer"],"picked":"Prepared","floor":7},{"not_picked":["Heel Hook","Quick Slash"],"picked":"Escape Plan","floor":8},{"not_picked":["Setup","Dodge and Roll","Outmaneuver"],"picked":"Singing Bowl","floor":10},{"not_picked":["Blade Dance","PiercingWail"],"picked":"Bouncing Flask","floor":13},{"not_picked":["Expertise","Bane"],"picked":"Backflip","floor":14},{"not_picked":["Venomology","Die Die Die"],"picked":"Adrenaline","floor":16},{"not_picked":["Deadly Poison","Blade Dance+1"],"picked":"Blur","floor":18},{"not_picked":["Expertise+1","Sucker Punch"],"picked":"Endless Agony+1","floor":19}],"player_experience":1341016,"relics_obtained":[{"floor":6,"key":"Regal Pillow"},{"floor":8,"key":"Singing Bowl"},{"floor":9,"key":"Lantern"},{"floor":14,"key":"Smiling Mask"},{"floor":17,"key":"Juzu Bracelet"},{"floor":17,"key":"Kunai"},{"floor":17,"key":"Tough Bandages"}],"event_choices":[{"cards_removed":["Blur"],"damage_healed":7,"gold_gain":0,"player_choice":"Offered Uncommon","damage_taken":0,"max_hp_gain":0,"max_hp_loss":0,"event_name":"Bonfire Elementals","floor":2,"gold_loss":0}],"is_beta":false,"boss_relics":[{"not_picked":["Ectoplasm","WristBlade"],"picked":"Calling Bell"}],"items_purged_floors":[],"is_endless":false,"potions_floor_spawned":[4,5,6,8,14],"killed_by":"Centurion and Healer","ascension_level":13}