{"gold_per_floor":[130,142,217,228,228,228,262,275,275,275,275,275,304,304],"floor_reached":14,"playtime":597,"items_purged":[],"score":196,"play_id":"3c386a36-f117-47d0-a6e9-d365f5cb2c33","local_time":"20190624093511","is_ascension_mode":true,"campfire_choices":[{"floor":6,"key":"REST"},{"floor":10,"key":"REST"},{"data":"Armaments","floor":12,"key":"SMITH"}],"neow_cost":"PERCENT_DAMAGE","seed_source_timestamp":54516452971278,"circlet_count":0,"master_deck":["AscendersBane","Strike_R","Strike_R","Strike_R","Strike_R","Strike_R","Defend_R","Defend_R","Defend_R","Defend_R","Bash","Bandage Up","Magnetism","Armaments+1","Hemokinesis","Iron Wave","Pain","Anger","Spot Weakness"],"relics":["Burning Blood","WarpedTongs","Shuriken","Toxic Egg 2","FaceOfCleric","Pear"],"potions_floor_usage":[],"damage_taken":[{"damage":13,"enemies":"Small Slimes","floor":1,"turns":4},{"damage":4,"enemies":"2 Louse","floor":2,"turns":3},{"damage":10,"enemies":"Cultist","floor":4,"turns":4},{"damage":15,"enemies":"Lagavulin","floor":7,"turns":6},{"damage":26,"enemies":"Blue Slaver","floor":8,"turns":6},{"damage":52,"enemies":"3 Sentries","floor":13,"turns":8},{"damage":43,"enemies":"Gremlin Gang","floor":14,"turns":3}],"seed_played":"-5329955211782213650","potions_obtained":[{"floor":2,"key":"Ancient Potion"},{"floor":8,"key":"Weak Potion"}],"is_trial":false,"path_per_floor":["M","M","?","M","?","R","E","M","T","R","?","R","E","M"],"character_chosen":"IRONCLAD","items_purchased":[],"campfire_rested":2,"item_purchase_floors":[],"current_hp_per_floor":[47,53,42,42,42,64,59,43,43,65,65,65,36,0],"gold":304,"neow_bonus":"RANDOM_COLORLESS_2","is_prod":false,"is_daily":false,"chose_seed":false,"campfire_upgraded":1,"win_rate":0,"timestamp":1561379711,"path_taken":["M","M","?","M","?","R","E","?","T","R","?","R","E","M"],"build_version":"2019-01-23","purchased_purges":0,"victory":false,"max_hp_per_floor":[75,75,75,75,75,75,75,75,75,75,75,75,86,86],"card_choices":[{"not_picked":["Flex","Shrug It Off"],"picked":"Armaments","floor":1},{"not_picked":["Clash","Thunderclap"],"picked":"Hemokinesis","floor":2},{"not_picked":["Rage","Twin Strike"],"picked":"Iron Wave","floor":4},{"not_picked":["Heavy Blade","Perfected Strike"],"picked":"Anger","floor":7},{"not_picked":["Entrench","Sentinel"],"picked":"Spot Weakness","floor":8},{"not_picked":["Berserk","Flex+1","Twin Strike"],"picked":"SKIP","floor":13}],"player_experience":1167255,"relics_obtained":[{"floor":7,"key":"Shuriken"},{"floor":9,"key":"Toxic Egg 2"},{"floor":13,"key":"Pear"}],"event_choices":[{"damage_healed":0,"gold_gain":75,"player_choice":"Gather Gold","damage_taken":11,"max_hp_gain":0,"max_hp_loss":0,"event_name":"World of Goop","floor":3,"gold_loss":0},{"damage_healed":0,"gold_gain":0,"player_choice":"Rummage","damage_taken":0,"relics_obtained":["WarpedTongs"],"max_hp_gain":0,"max_hp_loss":0,"event_name":"Accursed Blacksmith","floor":5,"gold_loss":0,"cards_obtained":["Pain"]},{"damage_healed":0,"gold_gain":0,"player_choice":"Trade","damage_taken":0,"relics_obtained":["FaceOfCleric"],"max_hp_gain":0,"max_hp_loss":0,"event_name":"FaceTrader","floor":11,"gold_loss":0}],"is_beta":false,"boss_relics":[],"items_purged_floors":[],"is_endless":false,"potions_floor_spawned":[2,8],"killed_by":"Gremlin Gang","ascension_level":20}