{"gold_per_floor":[113,125,141,61,71,71,101,101,125,139,139,171,171,187,187,260,260,271,291,304,316,316,316,316],"floor_reached":24,"playtime":1170,"items_purged":[],"score":347,"play_id":"5216807a-6faf-4154-9111-f563e93a4f03","local_time":"20190626134221","is_ascension_mode":true,"campfire_choices":[{"floor":6,"key":"REST"},{"floor":8,"key":"REST"},{"data":"Beam Cell","floor":11,"key":"SMITH"},{"floor":15,"key":"REST"},{"floor":23,"key":"REST"}],"neow_cost":"NONE","seed_source_timestamp":241572689373989,"circlet_count":0,"master_deck":["AscendersBane","Strike_B","Strike_B","Strike_B","Defend_B","Defend_B","Defend_B","Defend_B","Zap+1","Dualcast","Beam Cell+1","Cold Snap","Rebound","Defragment","Capacitor","Barrage","Conserve Battery","Static Discharge","Storm","All For One","Biased Cognition","Gash","Steam","Compile Driver","Force Field","Zap+1"],"relics":["Cracked Core","Regal Pillow","Art of War","Smiling Mask","Nuclear Battery"],"potions_floor_usage":[7,16,16],"damage_taken":[{"damage":0,"enemies":"Cultist","floor":1,"turns":3},{"damage":7,"enemies":"2 Louse","floor":2,"turns":2},{"damage":3,"enemies":"Small Slimes","floor":3,"turns":3},{"damage":16,"enemies":"Exordium Thugs","floor":5,"turns":3},{"damage":24,"enemies":"Lagavulin","floor":7,"turns":6},{"damage":11,"enemies":"Exordium Wildlife","floor":10,"turns":3},{"damage":29,"enemies":"3 Sentries","floor":12,"turns":7},{"damage":16,"enemies":"Large Slime","floor":14,"turns":5},{"damage":39,"enemies":"Hexaghost","floor":16,"turns":8},{"damage":19,"enemies":"Spheric Guardian","floor":18,"turns":4},{"damage":9,"enemies":"3 Byrds","floor":19,"turns":5},{"damage":17,"enemies":"Snecko","floor":20,"turns":4},{"damage":14,"enemies":"Snake Plant","floor":21,"turns":4},{"damage":47,"enemies":"Gremlin Leader","floor":24,"turns":4}],"seed_played":"-6648122318897316468","potions_obtained":[{"floor":1,"key":"PowerPotion"},{"floor":2,"key":"Dexterity Potion"},{"floor":12,"key":"EssenceOfSteel"},{"floor":16,"key":"Poison Potion"},{"floor":20,"key":"Poison Potion"}],"is_trial":false,"path_per_floor":["M","M","M","$","M","R","E","R","T","M","R","E","?","M","R","B",null,"M","M","M","M","?","R","E"],"character_chosen":"DEFECT","items_purchased":["Defragment"],"campfire_rested":4,"item_purchase_floors":[4],"current_hp_per_floor":[68,61,58,58,42,64,40,75,75,64,64,35,35,19,56,17,61,42,33,16,2,2,39,0],"gold":316,"neow_bonus":"UPGRADE_CARD","is_prod":false,"is_daily":false,"chose_seed":false,"campfire_upgraded":1,"win_rate":0,"timestamp":1561567341,"path_taken":["M","M","M","$","?","R","E","R","T","M","R","E","?","M","R","BOSS","M","?","M","?","?","R","E"],"build_version":"2019-01-23","purchased_purges":0,"victory":false,"max_hp_per_floor":[75,75,75,75,75,75,75,75,75,75,75,75,75,75,75,75,75,75,75,75,75,75,75,75],"card_choices":[{"not_picked":["Hologram","Chaos"],"picked":"Beam Cell","floor":1},{"not_picked":["Turbo","Ball Lightning"],"picked":"Cold Snap","floor":2},{"not_picked":["Redo","Turbo"],"picked":"Rebound","floor":3},{"not_picked":["Streamline","Go for the Eyes"],"picked":"Capacitor","floor":5},{"not_picked":["Compile Driver","Leap"],"picked":"Barrage","floor":7},{"not_picked":["Streamline","Rebound"],"picked":"Conserve Battery","floor":10},{"not_picked":["FTL","Turbo"],"picked":"Static Discharge","floor":12},{"not_picked":["Leap","Storm"],"picked":"All For One","floor":14},{"not_picked":["Meteor Strike","Hyperbeam"],"picked":"Biased Cognition","floor":16},{"not_picked":["Rebound","Darkness"],"picked":"Gash","floor":18},{"not_picked":["Rip and Tear","Hologram","Steam"],"picked":"SKIP","floor":19},{"not_picked":["Rip and Tear","Hologram"],"picked":"Steam","floor":19},{"not_picked":["Streamline","Capacitor"],"picked":"Compile Driver","floor":20},{"not_picked":["Auto Shields","Storm"],"picked":"Force Field","floor":21}],"player_experience":1192377,"relics_obtained":[{"floor":7,"key":"Regal Pillow"},{"floor":9,"key":"Art of War"},{"floor":12,"key":"Smiling Mask"}],"event_choices":[{"damage_healed":0,"gold_gain":0,"cards_transformed":["Strike_B"],"player_choice":"Transformed","damage_taken":0,"max_hp_gain":0,"max_hp_loss":0,"event_name":"Transmorgrifier","floor":13,"gold_loss":0,"cards_obtained":["Storm"]},{"damage_healed":0,"gold_gain":0,"player_choice":"Copied","damage_taken":0,"max_hp_gain":0,"max_hp_loss":0,"event_name":"Duplicator","floor":22,"gold_loss":0,"cards_obtained":["Zap"]}],"is_beta":false,"boss_relics":[{"not_picked":["White Beast Statue","Runic Dome"],"picked":"Nuclear Battery"}],"items_purged_floors":[],"is_endless":false,"potions_floor_spawned":[1,2,12,14,16,20],"killed_by":"Gremlin Leader","ascension_level":13}