{"gold_per_floor":[115,115,127,139,314,341,341,354,354,354,31,45,45,59,59,163,163,175,175,175,194,194,194,94,94,120,139,139,139],"floor_reached":29,"playtime":3712,"items_purged":["Doubt","Strike_R"],"score":245,"play_id":"8db62671-d823-4145-8d67-c08699e5a3bf","local_time":"20190609130413","is_ascension_mode":true,"campfire_choices":[{"data":"Body Slam","floor":7.0,"key":"SMITH"},{"floor":10.0,"key":"REST"},{"data":"Disarm","floor":13.0,"key":"SMITH"},{"data":"Dark Embrace","floor":15.0,"key":"SMITH"},{"floor":23.0,"key":"REST"},{"data":"True Grit","floor":25.0,"key":"SMITH"},{"data":"Metallicize","floor":28.0,"key":"SMITH"}],"neow_cost":"NONE","seed_source_timestamp":0,"circlet_count":0,"master_deck":["Strike_R","Strike_R","Strike_R","Defend_R","Defend_R","Defend_R","Defend_R","Bash","Disarm+1","Ghostly Armor","Body Slam+1","Shrug It Off","Corruption","Dark Embrace+1","Impervious","Battle Trance+1","True Grit+1","Metallicize+1"],"special_seed":0,"relics":["Burning Blood","NeowsBlessing","WingedGreaves","Ice Cream","Lantern","Runic Pyramid","Enchiridion","Potion Belt"],"potions_floor_usage":[29],"damage_taken":[{"damage":0.0,"enemies":"2 Louse","floor":1.0,"turns":1.0},{"damage":0.0,"enemies":"Cultist","floor":3.0,"turns":1.0},{"damage":0.0,"enemies":"Small Slimes","floor":4.0,"turns":1.0},{"damage":49.0,"enemies":"3 Sentries","floor":6.0,"turns":16.0},{"damage":6.0,"enemies":"Red Slaver","floor":8.0,"turns":7.0},{"damage":12.0,"enemies":"Exordium Thugs","floor":12.0,"turns":6.0},{"damage":3.0,"enemies":"Exordium Wildlife","floor":14.0,"turns":5.0},{"damage":37.0,"enemies":"The Guardian","floor":16.0,"turns":16.0},{"damage":4.0,"enemies":"Shell Parasite","floor":18.0,"turns":12.0},{"damage":38.0,"enemies":"Spheric Guardian","floor":21.0,"turns":13.0},{"damage":10.0,"enemies":"Shelled Parasite and Fungi","floor":27.0,"turns":8.0},{"damage":66,"enemies":"Gremlin Leader","floor":29,"turns":12}],"seed_played":"3016568544705853533","potions_obtained":[{"floor":1.0,"key":"GamblersBrew"},{"floor":3.0,"key":"Regen Potion"},{"floor":4.0,"key":"Energy Potion"},{"floor":6.0,"key":"BloodPotion"},{"floor":18.0,"key":"PowerPotion"}],"is_trial":false,"path_per_floor":["M","?","M","M","?","E","R","M","T","R","$","M","R","M","R","B",null,"M","?","$","M","?","R","$","R","T","M","R","E"],"character_chosen":"IRONCLAD","items_purchased":["Lantern","Shrug It Off","Corruption"],"campfire_rested":2,"item_purchase_floors":[11,11,11],"current_hp_per_floor":[80,80,80,80,80,52,52,52,52,76,76,70,70,73,73,42,80,80,80,80,48,32,56,56,56,56,52,52,0],"gold":139,"neow_bonus":"THREE_ENEMY_KILL","is_prod":false,"is_daily":false,"chose_seed":false,"campfire_upgraded":5,"win_rate":0,"timestamp":1560103453,"path_taken":["M","?","M","?","?","E","R","M","T","R","$","M","R","M","R","BOSS","M","?","$","?","?","R","$","R","T","M","R","E"],"build_version":"2019-01-23","purchased_purges":2,"victory":false,"max_hp_per_floor":[80,80,80,80,80,80,80,80,80,80,80,80,80,80,80,80,80,80,80,80,80,80,80,80,80,80,80,80,80],"card_choices":[{"not_picked":["Headbutt","Cleave"],"picked":"Disarm","floor":1.0},{"not_picked":["Uppercut","Hemokinesis","Cleave"],"picked":"SKIP","floor":3.0},{"not_picked":["Pommel Strike","Twin Strike"],"picked":"Ghostly Armor","floor":4.0},{"not_picked":["Seeing Red","Havoc"],"picked":"Body Slam","floor":6.0},{"not_picked":["Pummel","Armaments","Cleave"],"picked":"SKIP","floor":8.0},{"not_picked":["Fire Breathing","Iron Wave","Clash"],"picked":"SKIP","floor":12.0},{"not_picked":["Pommel Strike","Burning Pact"],"picked":"Dark Embrace","floor":14.0},{"not_picked":["Limit Break","Bludgeon"],"picked":"Impervious","floor":16.0},{"not_picked":["Entrench","Rage"],"picked":"Battle Trance+1","floor":18.0},{"not_picked":["Rage","Infernal Blade"],"picked":"True Grit","floor":21.0},{"not_picked":["Perfected Strike","Warcry"],"picked":"Metallicize","floor":27.0}],"player_experience":139091,"relics_obtained":[{"floor":6.0,"key":"WingedGreaves"},{"floor":9.0,"key":"Ice Cream"},{"floor":22.0,"key":"Enchiridion"},{"floor":26.0,"key":"Potion Belt"}],"event_choices":[{"damage_healed":0.0,"max_hp_gain":0.0,"max_hp_loss":0.0,"gold_gain":0.0,"event_name":"The Woman in Blue","player_choice":"Bought 0 Potions","floor":2.0,"gold_loss":0.0,"damage_taken":0.0},{"damage_healed":0.0,"max_hp_gain":0.0,"max_hp_loss":0.0,"gold_gain":175.0,"event_name":"Liars Game","player_choice":"AGREE","floor":5.0,"gold_loss":0.0,"damage_taken":0.0,"cards_obtained":["Doubt"]},{"cards_removed":["Strike_R"],"damage_healed":0.0,"max_hp_gain":0.0,"max_hp_loss":0.0,"gold_gain":0.0,"event_name":"Bonfire Elementals","player_choice":"Offered Basic","floor":19.0,"gold_loss":0.0,"damage_taken":0.0},{"damage_healed":0.0,"max_hp_gain":0.0,"max_hp_loss":0.0,"gold_gain":0.0,"event_name":"Cursed Tome","player_choice":"Obtained Book","floor":22.0,"gold_loss":0.0,"damage_taken":16.0}],"is_beta":false,"boss_relics":[{"not_picked":["White Beast Statue","Runic Cube"],"picked":"Runic Pyramid"}],"items_purged_floors":[11,24],"is_endless":false,"potions_floor_spawned":[1,3,4,6,18],"killed_by":"Gremlin Leader","ascension_level":2}