{"gold_per_floor":[118,118,135,135,148,148,161,14,14,14,14,14,14,29,29,102,102,119,119,119,41,52,52,52],"floor_reached":24,"playtime":691,"items_purged":[],"score":304,"play_id":"8e46a92b-161d-45ae-89de-23e8004ffb30","local_time":"20190624121012","is_ascension_mode":true,"campfire_choices":[{"data":"Neutralize","floor":6,"key":"SMITH"},{"data":"Noxious Fumes","floor":10,"key":"SMITH"},{"data":"Defend_G","floor":13,"key":"SMITH"},{"data":"Deadly Poison","floor":15,"key":"SMITH"},{"floor":23,"key":"REST"}],"neow_cost":"NONE","seed_source_timestamp":262007372177600,"circlet_count":0,"master_deck":["AscendersBane","Defend_G","Defend_G+1","Defend_G","Defend_G","Defend_G+1","Strike_G","Strike_G+1","Strike_G","Strike_G","Strike_G","Survivor","Neutralize+1","Cloak And Dagger","Deadly Poison+1","Heel Hook","Noxious Fumes+1","Dagger Spray","Burst","Deadly Poison+1","Crippling Poison","Caltrops"],"relics":["Eternal Feather","Strawberry","Dodecahedron","Omamori","Question Card","Runic Pyramid"],"potions_floor_usage":[16,18,24],"damage_taken":[{"damage":12,"enemies":"Small Slimes","floor":1,"turns":6},{"damage":0,"enemies":"2 Louse","floor":3,"turns":3},{"damage":14,"enemies":"Jaw Worm","floor":5,"turns":5},{"damage":12,"enemies":"2 Fungi Beasts","floor":7,"turns":5},{"damage":3,"enemies":"Looter","floor":14,"turns":4},{"damage":16,"enemies":"Hexaghost","floor":16,"turns":9},{"damage":36,"enemies":"Spheric Guardian","floor":18,"turns":8},{"damage":22,"enemies":"2 Thieves","floor":22,"turns":4},{"damage":51,"enemies":"Slavers","floor":24,"turns":3}],"seed_played":"-7822702631248919577","potions_obtained":[{"floor":7,"key":"Ancient Potion"},{"floor":14,"key":"SteroidPotion"},{"floor":16,"key":"Dexterity Potion"}],"is_trial":false,"path_per_floor":["M","?","M","?","M","R","M","$","T","R","?","$","R","M","R","B",null,"M","?","?","$","M","R","E"],"character_chosen":"THE_SILENT","items_purchased":["Omamori","Crippling Poison"],"campfire_rested":1,"item_purchase_floors":[8,21],"current_hp_per_floor":[51,58,58,51,37,46,34,34,34,43,28,28,37,34,43,27,65,29,29,29,29,7,42,0],"gold":52,"neow_bonus":"BOSS_RELIC","is_prod":false,"is_daily":false,"chose_seed":false,"campfire_upgraded":4,"win_rate":0,"timestamp":1561392612,"path_taken":["M","?","M","?","M","R","M","?","T","R","?","$","R","M","R","BOSS","M","?","?","$","?","R","E"],"build_version":"2019-01-23","purchased_purges":0,"victory":false,"max_hp_per_floor":[70,77,77,77,77,77,77,77,77,77,77,77,77,77,77,77,77,77,77,77,77,77,77,77],"card_choices":[{"not_picked":["Blade Dance","Bane"],"picked":"Cloak And Dagger","floor":1},{"not_picked":["Eviscerate","Slice"],"picked":"Deadly Poison","floor":3},{"not_picked":["Eviscerate","Terror"],"picked":"Heel Hook","floor":5},{"not_picked":["PiercingWail","Phantasmal Killer"],"picked":"Noxious Fumes","floor":7},{"not_picked":["Blade Dance","Slice","Acrobatics"],"picked":"Dagger Spray","floor":14},{"not_picked":["Storm of Steel","Venomology","Phantasmal Killer"],"picked":"Burst","floor":16},{"not_picked":["Blur","Outmaneuver","Bane"],"picked":"Deadly Poison+1","floor":18},{"not_picked":["Dodge and Roll","Eviscerate","Endless Agony"],"picked":"Caltrops","floor":22}],"player_experience":1336391,"relics_obtained":[{"floor":9,"key":"Question Card"}],"event_choices":[{"damage_healed":0,"gold_gain":0,"player_choice":"Box","damage_taken":0,"relics_obtained":["Strawberry"],"max_hp_gain":0,"max_hp_loss":0,"event_name":"Big Fish","floor":2,"gold_loss":0,"cards_obtained":["Regret"]},{"damage_healed":0,"gold_gain":0,"player_choice":"Success","damage_taken":7,"relics_obtained":["Dodecahedron"],"max_hp_gain":0,"max_hp_loss":0,"event_name":"Scrap Ooze","floor":4,"gold_loss":0},{"damage_healed":0,"gold_gain":0,"player_choice":"Entered Light","damage_taken":15,"max_hp_gain":0,"max_hp_loss":0,"event_name":"Shining Light","floor":11,"gold_loss":0,"cards_upgraded":["Defend_G","Strike_G"]},{"damage_healed":0,"gold_gain":0,"player_choice":"Ignored","damage_taken":0,"max_hp_gain":0,"max_hp_loss":0,"event_name":"Vampires","floor":19,"gold_loss":0},{"cards_removed":["Regret"],"damage_healed":0,"gold_gain":0,"player_choice":"Purged","damage_taken":0,"max_hp_gain":0,"max_hp_loss":0,"event_name":"Purifier","floor":20,"gold_loss":0}],"is_beta":false,"boss_relics":[{"not_picked":["Velvet Choker","Runic Dome"],"picked":"Runic Pyramid"}],"items_purged_floors":[],"is_endless":false,"potions_floor_spawned":[7,14,16],"killed_by":"Slavers","ascension_level":13}