{"gold_per_floor":[116,116,134,134,155,155,155,106,130,148,188,188,232,245,245,371,371,384,309,309,209,209,209,209],"floor_reached":24,"playtime":1092,"items_purged":["Injury","Shame"],"score":212,"play_id":"645e844a-02cd-49e2-8027-62bee5326b16","local_time":"20190605172507","is_ascension_mode":true,"campfire_choices":[{"data":"Warcry","floor":7,"key":"SMITH"},{"data":"Searing Blow","floor":12,"key":"SMITH"},{"floor":15,"key":"REST"},{"data":"Disarm","floor":23,"key":"SMITH"}],"neow_cost":"NONE","seed_source_timestamp":406643878541643,"circlet_count":0,"master_deck":["Strike_R","Strike_R","Strike_R","Strike_R","Defend_R","Defend_R","Defend_R","Defend_R","Bash+1","Warcry+1","Havoc","Searing Blow+1","Corruption","Disarm+1"],"relics":["Burning Blood","NeowsBlessing","Golden Idol","Vajra","Ginger","Centennial Puzzle","Velvet Choker","Molten Egg 2"],"potions_floor_usage":[11,16,24,24],"damage_taken":[{"damage":0,"enemies":"Small Slimes","floor":1,"turns":1},{"damage":0,"enemies":"2 Louse","floor":3,"turns":1},{"damage":0,"enemies":"Cultist","floor":5,"turns":1},{"damage":6,"enemies":"Blue Slaver","floor":10,"turns":4},{"damage":34,"enemies":"Gremlin Nob","floor":11,"turns":5},{"damage":31,"enemies":"Lagavulin","floor":13,"turns":5},{"damage":22,"enemies":"Exordium Thugs","floor":14,"turns":5},{"damage":16,"enemies":"Hexaghost","floor":16,"turns":9},{"damage":17,"enemies":"Spheric Guardian","floor":18,"turns":4},{"damage":72,"enemies":"Slavers","floor":24,"turns":8}],"seed_played":"2154076900051932884","potions_obtained":[{"floor":5,"key":"PowerPotion"},{"floor":13,"key":"PowerPotion"},{"floor":16,"key":"Block Potion"},{"floor":18,"key":"GamblersBrew"}],"is_trial":false,"path_per_floor":["M","?","M","?","M","?","R","$","T","M","E","R","E","M","R","B",null,"M","$","?","$","?","R","E"],"character_chosen":"IRONCLAD","items_purchased":["Havoc"],"campfire_rested":1,"item_purchase_floors":[8],"current_hp_per_floor":[80,80,80,80,80,80,80,80,80,80,52,52,27,11,35,25,80,69,69,69,69,69,69,0],"gold":209,"neow_bonus":"THREE_ENEMY_KILL","is_prod":false,"is_daily":false,"chose_seed":false,"campfire_upgraded":3,"win_rate":0,"timestamp":1559773507,"path_taken":["M","?","M","?","?","?","R","?","T","M","E","R","E","M","R","BOSS","M","$","?","$","?","R","E"],"build_version":"2019-01-23","purchased_purges":2,"victory":false,"max_hp_per_floor":[80,80,80,80,80,80,80,80,80,80,80,80,80,80,80,80,80,80,80,80,80,80,80,80],"card_choices":[{"not_picked":["Clothesline","Ghostly Armor","Twin Strike"],"picked":"SKIP","floor":1},{"not_picked":["Headbutt","Anger","Pommel Strike"],"picked":"SKIP","floor":3},{"not_picked":["Inflame","Clash"],"picked":"Warcry","floor":5},{"not_picked":["Twin Strike","Whirlwind"],"picked":"Searing Blow","floor":10},{"not_picked":["Inflame","Sever Soul"],"picked":"Corruption","floor":11},{"not_picked":["Anger","Heavy Blade","Wild Strike"],"picked":"SKIP","floor":13},{"not_picked":["Anger","Uppercut"],"picked":"Disarm","floor":14},{"not_picked":["Clash","Warcry","Heavy Blade"],"picked":"SKIP","floor":18}],"player_experience":96095,"relics_obtained":[{"floor":9,"key":"Vajra"},{"floor":11,"key":"Ginger"},{"floor":13,"key":"Centennial Puzzle"}],"event_choices":[{"damage_healed":0,"gold_gain":0,"player_choice":"Take Wound","damage_taken":0,"relics_obtained":["Golden Idol"],"max_hp_gain":0,"max_hp_loss":0,"event_name":"Golden Idol","floor":2,"gold_loss":0,"cards_obtained":["Injury"]},{"damage_healed":0,"gold_gain":0,"player_choice":"Forge","damage_taken":0,"max_hp_gain":0,"max_hp_loss":0,"event_name":"Accursed Blacksmith","floor":4,"gold_loss":0,"cards_upgraded":["Bash"]},{"cards_removed":["Strike_R"],"damage_healed":0,"gold_gain":0,"player_choice":"Purged","damage_taken":0,"max_hp_gain":0,"max_hp_loss":0,"event_name":"Purifier","floor":6,"gold_loss":0},{"damage_healed":0,"gold_gain":0,"player_choice":"Stole Relic","damage_taken":0,"relics_obtained":["Molten Egg 2"],"max_hp_gain":0,"max_hp_loss":0,"event_name":"Addict","floor":20,"gold_loss":0,"cards_obtained":["Shame"]},{"damage_healed":0,"gold_gain":0,"player_choice":"Ignored","damage_taken":0,"max_hp_gain":0,"max_hp_loss":0,"event_name":"Ghosts","floor":22,"gold_loss":0}],"is_beta":false,"boss_relics":[{"not_picked":["Lizard Tail","White Beast Statue"],"picked":"Velvet Choker"}],"items_purged_floors":[19,21],"is_endless":false,"potions_floor_spawned":[5,13,16,18],"killed_by":"Slavers","ascension_level":1}