{"gold_per_floor":[114,114,127,127,127,127,158,7,76,76,91,117,135,16,16,93,93,93,93,93,93,93,93,93],"floor_reached":24,"playtime":603,"items_purged":["Strike_G"],"score":431,"play_id":"26343bd9-87eb-4d6f-877a-237e37ff5ce3","local_time":"20190625155645","is_ascension_mode":true,"campfire_choices":[{"data":"Bouncing Flask","floor":6,"key":"SMITH"},{"floor":10,"key":"REST"},{"data":"Neutralize","floor":15,"key":"SMITH"},{"data":"Poisoned Stab","floor":23,"key":"SMITH"}],"neow_cost":"NONE","seed_source_timestamp":23177817539500,"circlet_count":0,"master_deck":["AscendersBane","Defend_G","Defend_G","Defend_G","Defend_G","Defend_G","Strike_G","Strike_G","Strike_G","Survivor+1","Neutralize+1","Bouncing Flask+1","Dagger Spray+1","Blur","Dagger Spray","Poisoned Stab+1","PiercingWail","Well Laid Plans","Burst","Escape Plan"],"relics":["Ring of the Snake","NeowsBlessing","MawBank","Regal Pillow","Shuriken","Mummified Hand","Ectoplasm"],"potions_floor_usage":[12,18],"damage_taken":[{"damage":0,"enemies":"Small Slimes","floor":1,"turns":1},{"damage":0,"enemies":"Cultist","floor":3,"turns":1},{"damage":0,"enemies":"Lagavulin","floor":7,"turns":1},{"damage":5,"enemies":"2 Louse","floor":11,"turns":2},{"damage":6,"enemies":"3 Sentries","floor":12,"turns":6},{"damage":11,"enemies":"Large Slime","floor":13,"turns":5},{"damage":7,"enemies":"Hexaghost","floor":16,"turns":9},{"damage":0,"enemies":"2 Thieves","floor":18,"turns":1},{"damage":0,"enemies":"Spheric Guardian","floor":19,"turns":3},{"damage":71,"enemies":"Slavers","floor":24,"turns":4}],"seed_played":"-6909200381753806402","potions_obtained":[{"floor":1,"key":"SmokeBomb"},{"floor":7,"key":"Dexterity Potion"}],"is_trial":false,"path_per_floor":["M","?","M","?","?","R","E","$","T","R","M","E","M","$","R","B",null,"M","M","?","?","$","R","E"],"character_chosen":"THE_SILENT","items_purchased":["Regal Pillow","Well Laid Plans"],"campfire_rested":1,"item_purchase_floors":[8,14],"current_hp_per_floor":[59,59,59,64,43,43,43,43,43,71,66,60,49,49,49,42,64,64,64,64,64,64,64,0],"gold":93,"neow_bonus":"THREE_ENEMY_KILL","is_prod":false,"is_daily":false,"chose_seed":false,"campfire_upgraded":3,"win_rate":0,"timestamp":1561492605,"path_taken":["M","?","?","?","?","R","E","?","T","R","M","E","M","$","R","BOSS","M","?","?","?","$","R","E"],"build_version":"2019-01-23","purchased_purges":1,"victory":false,"max_hp_per_floor":[66,66,66,71,71,71,71,71,71,71,71,71,71,71,71,71,71,71,71,71,71,71,71,71],"card_choices":[{"not_picked":["Concentrate","Catalyst"],"picked":"Bouncing Flask","floor":1},{"not_picked":["Poisoned Stab","Dagger Throw"],"picked":"Dagger Spray","floor":3},{"not_picked":["Bane","Prepared"],"picked":"Blur","floor":7},{"not_picked":["Bane","Acrobatics"],"picked":"Dagger Spray","floor":11},{"not_picked":["Dodge and Roll","Reflex"],"picked":"Poisoned Stab","floor":12},{"not_picked":["Deflect","Expertise"],"picked":"PiercingWail","floor":13},{"not_picked":["Unload","Malaise"],"picked":"Burst","floor":16},{"not_picked":["Predator","Sucker Punch"],"picked":"Escape Plan","floor":19}],"player_experience":1413620,"relics_obtained":[{"floor":7,"key":"MawBank"},{"floor":9,"key":"Shuriken"},{"floor":12,"key":"Mummified Hand"}],"event_choices":[{"cards_removed":["Strike_G"],"damage_healed":0,"gold_gain":0,"player_choice":"Purged","damage_taken":0,"max_hp_gain":0,"max_hp_loss":0,"event_name":"Purifier","floor":2,"gold_loss":0},{"damage_healed":0,"gold_gain":0,"player_choice":"Donut","damage_taken":0,"max_hp_gain":5,"max_hp_loss":0,"event_name":"Big Fish","floor":4,"gold_loss":0},{"damage_healed":0,"gold_gain":0,"player_choice":"Entered Light","damage_taken":21,"max_hp_gain":0,"max_hp_loss":0,"event_name":"Shining Light","floor":5,"gold_loss":0,"cards_upgraded":["Survivor","Dagger Spray"]},{"damage_healed":0,"gold_gain":0,"player_choice":"Ignored","damage_taken":0,"max_hp_gain":0,"max_hp_loss":0,"event_name":"Ghosts","floor":20,"gold_loss":0},{"damage_healed":0,"gold_gain":50,"player_choice":"Stole From Cult","damage_taken":0,"max_hp_gain":0,"max_hp_loss":0,"event_name":"Nest","floor":21,"gold_loss":0}],"is_beta":false,"boss_relics":[{"not_picked":["Orrery","HoveringKite"],"picked":"Ectoplasm"}],"items_purged_floors":[14],"is_endless":false,"potions_floor_spawned":[1,7],"killed_by":"Slavers","ascension_level":18}