{"gold_per_floor":[18,18,18,36,36,66,66,97,171,171,198,214,22,34,34,133,133,145,145,65,85,85,85,96,96],"floor_reached":25,"playtime":642,"items_purged":[],"score":309,"play_id":"a2b9c644-7da3-43f6-90ae-54687e5820c4","local_time":"20190430010010","is_ascension_mode":true,"campfire_choices":[{"data":"Defragment","floor":7,"key":"SMITH"},{"floor":10,"key":"REST"},{"floor":15,"key":"REST"},{"data":"Defragment","floor":23,"key":"SMITH"}],"neow_cost":"NO_GOLD","seed_source_timestamp":800301304264728,"circlet_count":0,"master_deck":["Strike_B","Strike_B","Strike_B","Strike_B","Defend_B","Defend_B","Defend_B","Defend_B+1","Zap+1","Dualcast+1","Seek","Cold Snap","Defragment+1","Hyperbeam","Leap","Creative AI","Defragment+1","Sunder"],"relics":["Cracked Core","War Paint","DataDisk","Letter Opener","Symbiotic Virus","Anchor","Snecko Eye","GremlinMask"],"potions_floor_usage":[25],"damage_taken":[{"damage":7,"enemies":"Jaw Worm","floor":1,"turns":2},{"damage":10,"enemies":"2 Louse","floor":4,"turns":3},{"damage":26,"enemies":"3 Sentries","floor":6,"turns":7},{"damage":28,"enemies":"Gremlin Nob","floor":8,"turns":4},{"damage":17,"enemies":"Lagavulin","floor":11,"turns":6},{"damage":1,"enemies":"Cultist","floor":12,"turns":3},{"damage":0,"enemies":"Gremlin Gang","floor":14,"turns":1},{"damage":0,"enemies":"Slime Boss","floor":16,"turns":8},{"damage":7,"enemies":"3 Byrds","floor":18,"turns":3},{"damage":25,"enemies":"2 Thieves","floor":21,"turns":4},{"damage":8,"enemies":"Shelled Parasite and Fungi","floor":24,"turns":5},{"damage":39,"enemies":"Book of Stabbing","floor":25,"turns":3}],"seed_played":"7003584251660671775","potions_obtained":[{"floor":4,"key":"AttackPotion"},{"floor":8,"key":"GamblersBrew"},{"floor":11,"key":"FocusPotion"},{"floor":18,"key":"Fire Potion"}],"is_trial":false,"path_per_floor":["M","?","?","M","$","E","R","E","T","R","E","M","$","M","R","B",null,"M","?","$","M","$","R","M","E"],"character_chosen":"DEFECT","items_purchased":["Anchor","Leap","Defragment"],"campfire_rested":2,"item_purchase_floors":[13,13,20],"current_hp_per_floor":[68,68,68,58,58,32,32,4,4,26,9,8,8,8,30,30,75,68,68,68,43,43,43,35,0],"gold":96,"neow_bonus":"THREE_RARE_CARDS","is_prod":false,"is_daily":false,"chose_seed":false,"campfire_upgraded":2,"win_rate":0,"timestamp":1556600410,"path_taken":["M","?","?","M","$","E","R","E","T","R","E","M","$","M","R","BOSS","M","?","$","M","$","R","M","E"],"build_version":"2019-01-23","purchased_purges":0,"victory":false,"max_hp_per_floor":[75,75,75,75,75,75,75,75,75,75,75,75,75,75,75,75,75,75,75,75,75,75,75,75,75],"card_choices":[{"not_picked":["Buffer","Thunder Strike"],"picked":"Seek","floor":0},{"not_picked":["Hologram","Gash"],"picked":"Cold Snap","floor":1},{"not_picked":["Streamline","Fusion"],"picked":"Defragment","floor":4},{"not_picked":["Scrape","Stack"],"picked":"Hyperbeam","floor":6},{"not_picked":["Steam","Skim","Loop"],"picked":"SKIP","floor":8},{"not_picked":["Compile Driver","FTL","Go for the Eyes"],"picked":"SKIP","floor":11},{"not_picked":["Sweeping Beam","Skim","Go for the Eyes"],"picked":"SKIP","floor":12},{"not_picked":["Heatsinks","Redo","White Noise"],"picked":"SKIP","floor":14},{"not_picked":["Rainbow","Buffer"],"picked":"Creative AI","floor":16},{"not_picked":["Aggregate","Conserve Battery","Hello World"],"picked":"SKIP","floor":18},{"not_picked":["Doom and Gloom","Static Discharge"],"picked":"Sunder","floor":21},{"not_picked":["Gash","Conserve Battery","Leap+1"],"picked":"SKIP","floor":24}],"player_experience":114372,"relics_obtained":[{"floor":6,"key":"War Paint"},{"floor":8,"key":"DataDisk"},{"floor":9,"key":"Letter Opener"},{"floor":11,"key":"Symbiotic Virus"}],"event_choices":[{"damage_healed":0,"gold_gain":0,"player_choice":"Ignored","damage_taken":0,"max_hp_gain":0,"max_hp_loss":0,"event_name":"Liars Game","floor":2,"gold_loss":0},{"damage_healed":0,"gold_gain":0,"player_choice":"Forge","damage_taken":0,"max_hp_gain":0,"max_hp_loss":0,"event_name":"Accursed Blacksmith","floor":3,"gold_loss":0,"cards_upgraded":["Zap"]},{"damage_healed":0,"gold_gain":0,"player_choice":"Trade","damage_taken":0,"relics_obtained":["GremlinMask"],"max_hp_gain":0,"max_hp_loss":0,"event_name":"FaceTrader","floor":19,"gold_loss":0}],"is_beta":false,"boss_relics":[{"not_picked":["Inserter","Sozu"],"picked":"Snecko Eye"}],"items_purged_floors":[],"is_endless":false,"potions_floor_spawned":[4,8,11,18],"killed_by":"Book of Stabbing","ascension_level":3}