{"gold_per_floor":[209,384,309,309,10,38,50,50,50,85,85,95,95,109,109,212,212,228,35,135,150,161,86,86,99,99,116,126,140,140,160,160,258,258,273,115,128,175,193,193,218,218,242,242,271,371,94,112,112,112],"floor_reached":51,"playtime":1802,"items_purged":["Doubt","Strike_B","Defend_B","Defend_B"],"score":905,"play_id":"d9403725-c820-4664-8f84-366ab5bfba10","local_time":"20190612073018","is_ascension_mode":true,"campfire_choices":[{"data":"Glacier","floor":8,"key":"SMITH"},{"data":"Zap","floor":13,"key":"SMITH"},{"floor":15,"key":"REST"},{"data":"Redo","floor":24,"key":"SMITH"},{"floor":30,"key":"REST"},{"data":"Dualcast","floor":32,"key":"SMITH"},{"floor":40,"key":"REST"},{"floor":42,"key":"REST"},{"data":"Thunder Strike","floor":44,"key":"SMITH"},{"floor":49,"key":"REST"}],"neow_cost":"NONE","seed_source_timestamp":48395023640776,"circlet_count":0,"master_deck":["Strike_B+1","Defend_B","Defend_B","Zap+1","Dualcast+1","Rebound","Hello World","Glacier+1","Defragment+1","Static Discharge+1","Electrodynamics+1","Static Discharge+1","Storm+1","Loop+1","Redo+1","FTL+1","Conserve Battery","Echo Form+1","Amplify","Heatsinks+1","Thunder Strike+1","Mayhem+1","Turbo+1"],"relics":["Cracked Core","Mummified Hand","Frozen Egg 2","The Courier","Art of War","Matryoshka","Black Star","Girya","Cables","Blood Vial","Dream Catcher","Nuclear Battery","Nunchaku","Vajra","Ancient Tea Set","Shuriken","Strawberry","Whetstone","Meat on the Bone","Calipers"],"potions_floor_usage":[20,20,20,22,33,50],"damage_taken":[{"damage":4,"enemies":"Jaw Worm","floor":1,"turns":4},{"damage":30,"enemies":"Gremlin Nob","floor":6,"turns":4},{"damage":0,"enemies":"Small Slimes","floor":7,"turns":2},{"damage":4,"enemies":"Lagavulin","floor":10,"turns":5},{"damage":0,"enemies":"2 Louse","floor":12,"turns":2},{"damage":6,"enemies":"Looter","floor":14,"turns":2},{"damage":1,"enemies":"Slime Boss","floor":16,"turns":7},{"damage":4,"enemies":"Shell Parasite","floor":18,"turns":3},{"damage":0,"enemies":"Colosseum Slavers","floor":20,"turns":1},{"damage":8,"enemies":"Colosseum Nobs","floor":20,"turns":3},{"damage":7,"enemies":"Chosen","floor":21,"turns":2},{"damage":14,"enemies":"Centurion and Healer","floor":22,"turns":2},{"damage":4,"enemies":"Snecko","floor":25,"turns":3},{"damage":3,"enemies":"Chosen and Byrds","floor":27,"turns":3},{"damage":15,"enemies":"Snake Plant","floor":28,"turns":3},{"damage":9,"enemies":"Centurion and Healer","floor":29,"turns":2},{"damage":0,"enemies":"3 Cultists","floor":31,"turns":2},{"damage":28,"enemies":"Collector","floor":33,"turns":5},{"damage":10,"enemies":"Orb Walker","floor":35,"turns":3},{"damage":15,"enemies":"3 Shapes","floor":37,"turns":3},{"damage":8,"enemies":"2 Orb Walkers","floor":38,"turns":2},{"damage":12,"enemies":"Maw","floor":39,"turns":4},{"damage":17,"enemies":"Nemesis","floor":41,"turns":7},{"damage":0,"enemies":"Reptomancer","floor":45,"turns":2},{"damage":5,"enemies":"Mind Bloom Boss Battle","floor":46,"turns":3},{"damage":16,"enemies":"Writhing Mass","floor":48,"turns":3},{"damage":50,"enemies":"Time Eater","floor":50,"turns":4}],"seed_played":"1469258827250736583","potions_obtained":[{"floor":6,"key":"AttackPotion"},{"floor":10,"key":"EntropicBrew"},{"floor":12,"key":"SkillPotion"},{"floor":14,"key":"Fire Potion"},{"floor":20,"key":"Regen Potion"},{"floor":25,"key":"FearPotion"},{"floor":27,"key":"FearPotion"},{"floor":28,"key":"FocusPotion"},{"floor":39,"key":"SteroidPotion"},{"floor":48,"key":"SkillPotion"}],"is_trial":false,"path_per_floor":["M","?","$","?","$","E","M","R","T","E","?","M","R","M","R","B",null,"M","$","?","M","M","?","R","M","T","M","M","M","R","M","R","B",null,"M","$","M","?","M","R","E","R","T","R","E","?","$","M","R","B",null],"character_chosen":"DEFECT","items_purchased":["Mummified Hand","Hello World","Storm+1","Loop+1","Heatsinks+1","Mayhem+1"],"campfire_rested":5,"item_purchase_floors":[5,5,19,19,36,47],"current_hp_per_floor":[71,71,71,71,71,41,41,41,41,37,34,34,34,28,50,49,75,71,71,63,56,47,47,47,43,43,42,29,22,44,46,46,20,75,65,65,52,46,36,58,43,65,72,72,74,71,71,57,81,44],"gold":112,"neow_bonus":"HUNDRED_GOLD","is_prod":false,"is_daily":false,"chose_seed":false,"campfire_upgraded":5,"win_rate":0,"timestamp":1560342618,"path_taken":["M","?","$","?","$","E","M","R","T","E","?","M","R","M","R","BOSS","M","$","?","M","M","?","R","M","T","?","M","M","R","M","R","BOSS","M","$","M","?","M","R","E","R","T","R","E","?","$","M","R","BOSS"],"build_version":"2019-01-23","purchased_purges":4,"victory":true,"max_hp_per_floor":[75,75,75,75,75,75,75,75,75,75,75,75,75,75,75,75,75,75,75,75,75,75,75,75,75,75,75,75,75,75,75,75,75,75,75,75,75,75,75,75,75,75,82,82,82,82,82,82,82,82],"card_choices":[{"not_picked":["Streamline","Rebound","Go for the Eyes"],"picked":"SKIP","floor":1},{"not_picked":["Self Repair","Hello World"],"picked":"Glacier","floor":6},{"not_picked":["Recycle","Cold Snap"],"picked":"Defragment+1","floor":7},{"not_picked":["Gash","Heatsinks+1","Force Field"],"picked":"SKIP","floor":10},{"not_picked":["Fusion","Gash","Streamline"],"picked":"SKIP","floor":12},{"not_picked":["Rebound","Hologram"],"picked":"Static Discharge+1","floor":14},{"not_picked":["Fission","Hyperbeam"],"picked":"Electrodynamics+1","floor":16},{"not_picked":["Streamline","Barrage+1"],"picked":"Static Discharge+1","floor":18},{"not_picked":["Ball Lightning+1","Double Energy+1"],"picked":"Redo","floor":20},{"not_picked":["Undo","Skim"],"picked":"FTL","floor":21},{"not_picked":["Scrape+1","Hello World+1","Turbo"],"picked":"SKIP","floor":22},{"not_picked":["Barrage+1","Beam Cell"],"picked":"Conserve Battery","floor":25},{"not_picked":["Stack","Barrage","Turbo"],"picked":"SKIP","floor":27},{"not_picked":["Redo+1","Go for the Eyes","Double Energy"],"picked":"SKIP","floor":28},{"not_picked":["Cold Snap+1","Coolheaded"],"picked":"Echo Form+1","floor":29},{"not_picked":["Ball Lightning+1","Stack","Cold Snap+1"],"picked":"SKIP","floor":31},{"not_picked":["Multi-Cast","All For One"],"picked":"Amplify","floor":33},{"not_picked":["Stack+1","Hello World+1","Self Repair+1"],"picked":"SKIP","floor":35},{"not_picked":["Redo","Conserve Battery+1","Steam"],"picked":"SKIP","floor":37},{"not_picked":["BootSequence+1","Go for the Eyes","Conserve Battery+1"],"picked":"SKIP","floor":39},{"not_picked":["Force Field","Heatsinks+1"],"picked":"Thunder Strike","floor":41},{"not_picked":["Streamline+1","Auto Shields+1","Turbo"],"picked":"SKIP","floor":45},{"not_picked":["Static Discharge+1","Melter"],"picked":"Turbo+1","floor":48}],"player_experience":238032,"relics_obtained":[{"floor":6,"key":"Frozen Egg 2"},{"floor":9,"key":"The Courier"},{"floor":10,"key":"Art of War"},{"floor":20,"key":"Girya"},{"floor":20,"key":"Cables"},{"floor":26,"key":"Blood Vial"},{"floor":26,"key":"Dream Catcher"},{"floor":38,"key":"Nunchaku"},{"floor":41,"key":"Vajra"},{"floor":41,"key":"Ancient Tea Set"},{"floor":43,"key":"Shuriken"},{"floor":43,"key":"Strawberry"},{"floor":45,"key":"Whetstone"},{"floor":45,"key":"Meat on the Bone"},{"floor":46,"key":"Calipers"}],"event_choices":[{"damage_healed":0,"gold_gain":175,"player_choice":"AGREE","damage_taken":0,"max_hp_gain":0,"max_hp_loss":0,"event_name":"Liars Game","floor":2,"gold_loss":0,"cards_obtained":["Doubt"]},{"damage_healed":0,"gold_gain":0,"cards_transformed":["Strike_B"],"player_choice":"Change","damage_taken":0,"max_hp_gain":0,"max_hp_loss":0,"event_name":"Living Wall","floor":4,"gold_loss":0,"cards_obtained":["Rebound"]},{"damage_healed":0,"gold_gain":0,"player_choice":"Success","damage_taken":3,"relics_obtained":["Matryoshka"],"max_hp_gain":0,"max_hp_loss":0,"event_name":"Scrap Ooze","floor":11,"gold_loss":0},{"damage_healed":0,"gold_gain":0,"player_choice":"Fight","damage_taken":0,"max_hp_gain":0,"max_hp_loss":0,"event_name":"Colosseum","floor":20,"gold_loss":0},{"damage_healed":0,"gold_gain":0,"player_choice":"Fought Nobs","damage_taken":0,"max_hp_gain":0,"max_hp_loss":0,"event_name":"Colosseum","floor":20,"gold_loss":0},{"cards_removed":["Strike_B"],"damage_healed":0,"gold_gain":0,"player_choice":"Gave Gold","damage_taken":0,"max_hp_gain":0,"max_hp_loss":0,"event_name":"Beggar","floor":23,"gold_loss":75},{"damage_healed":0,"gold_gain":0,"player_choice":"Fight","damage_taken":0,"max_hp_gain":0,"max_hp_loss":0,"event_name":"Mysterious Sphere","floor":38,"gold_loss":0},{"damage_healed":0,"gold_gain":0,"player_choice":"Fight","damage_taken":0,"max_hp_gain":0,"max_hp_loss":0,"event_name":"MindBloom","floor":46,"gold_loss":0}],"is_beta":false,"boss_relics":[{"not_picked":["Empty Cage","Runic Pyramid"],"picked":"Black Star"},{"not_picked":["Velvet Choker","Snecko Eye"],"picked":"Nuclear Battery"}],"items_purged_floors":[3,19,36,47],"is_endless":false,"potions_floor_spawned":[6,10,12,14,18,20,25,27,28,39,45,46,48],"ascension_level":4}