{"gold_per_floor":[11,11,23,23,42,42,73,83,109,109,109,122,122,46,46,142,142,159,9,26,44,44,44,79,91,126,138,169,381,406,447,459,571,583,605,633,645],"floor_reached":37,"playtime":2851,"items_purged":[],"score":434,"play_id":"71561c5c-8203-4f3d-ae50-82333817a660","local_time":"20190323043918","is_ascension_mode":false,"campfire_choices":[{"floor":6,"key":"REST"},{"floor":10,"key":"REST"},{"data":"Dualcast","floor":13,"key":"SMITH"},{"data":"Hologram","floor":15,"key":"SMITH"},{"data":"Buffer","floor":23,"key":"SMITH"},{"data":"Hologram","floor":25,"key":"SMITH"},{"floor":32,"key":"REST"}],"neow_cost":"NO_GOLD","seed_source_timestamp":469773227030866,"circlet_count":0,"master_deck":["Strike_B","Strike_B","Defend_B","Defend_B","Defend_B","Defend_B+1","Zap+1","Dualcast+1","Compile Driver","Cold Snap","Streamline","Ball Lightning","Go for the Eyes","Conserve Battery","Coolheaded","Leap","Hologram+1","Buffer+1","White Noise","Undo","Hologram+1","Rebound","Undo+1","Auto Shields+1","Reinforced Body","Biased Cognition","Doom and Gloom","Echo Form","Loop+1","Steam","Sweeping Beam+1","Compile Driver","BootSequence"],"relics":["Cracked Core","Bird Faced Urn","Dream Catcher","DataDisk","Ancient Tea Set","Black Star","PreservedInsect","Bronze Scales","MawBank","Potion Belt","War Paint","Orichalcum","Orrery"],"potions_floor_usage":[31,33,36,37,37],"damage_taken":[{"damage":8,"enemies":"Small Slimes","floor":1,"turns":3},{"damage":8,"enemies":"2 Louse","floor":3,"turns":3},{"damage":1,"enemies":"Jaw Worm","floor":5,"turns":3},{"damage":22,"enemies":"3 Sentries","floor":7,"turns":6},{"damage":3,"enemies":"Gremlin Gang","floor":8,"turns":3},{"damage":0,"enemies":"Large Slime","floor":12,"turns":5},{"damage":4,"enemies":"The Guardian","floor":16,"turns":11},{"damage":0,"enemies":"Chosen","floor":18,"turns":4},{"damage":2,"enemies":"3 Byrds","floor":20,"turns":5},{"damage":19,"enemies":"Cultist and Chosen","floor":21,"turns":7},{"damage":13,"enemies":"Slavers","floor":24,"turns":5},{"damage":2,"enemies":"Centurion and Healer","floor":28,"turns":11},{"damage":4,"enemies":"Snake Plant","floor":30,"turns":5},{"damage":13,"enemies":"Gremlin Leader","floor":31,"turns":8},{"damage":2,"enemies":"Collector","floor":33,"turns":12},{"damage":31,"enemies":"3 Darklings","floor":35,"turns":7},{"damage":18,"enemies":"3 Shapes","floor":36,"turns":14},{"damage":73,"enemies":"2 Orb Walkers","floor":37,"turns":5}],"seed_played":"7684020459357827610","potions_obtained":[{"floor":5,"key":"Weak Potion"},{"floor":7,"key":"PowerPotion"},{"floor":8,"key":"SteroidPotion"},{"floor":30,"key":"LiquidBronze"},{"floor":33,"key":"SteroidPotion"}],"is_trial":false,"path_per_floor":["M","?","M","?","M","R","E","M","T","R","?","M","R","$","R","B",null,"M","$","M","M","$","R","E","R","T","?","M","?","M","E","R","B",null,"M","M","?"],"character_chosen":"DEFECT","items_purchased":["Leap","Hologram","PreservedInsect"],"campfire_rested":3,"item_purchase_floors":[14,14,19],"current_hp_per_floor":[67,49,41,26,25,47,25,22,22,44,69,69,69,69,69,65,75,75,75,75,58,58,58,47,47,47,47,49,49,49,38,60,68,75,46,54,0],"gold":645,"neow_bonus":"ONE_RARE_RELIC","is_prod":false,"is_daily":false,"chose_seed":false,"campfire_upgraded":4,"win_rate":0,"timestamp":1553330358,"path_taken":["M","?","M","?","M","R","E","M","T","R","?","M","R","$","R","BOSS","M","$","M","M","$","R","E","R","T","?","M","?","M","E","R","BOSS","M","?","?"],"build_version":"2019-01-23","purchased_purges":0,"victory":false,"max_hp_per_floor":[75,75,75,75,75,75,75,75,75,75,75,75,75,75,75,75,75,75,75,75,75,75,75,75,75,75,75,75,75,75,75,75,75,75,75,75,75],"card_choices":[{"not_picked":["Fusion","Gash"],"picked":"Compile Driver","floor":1},{"not_picked":["Gash","Steam"],"picked":"Cold Snap","floor":3},{"not_picked":["Stack","Turbo"],"picked":"Streamline","floor":5},{"not_picked":["Tempest","Steam"],"picked":"Ball Lightning","floor":6},{"not_picked":["Reprogram","Rebound"],"picked":"Go for the Eyes","floor":7},{"not_picked":["Go for the Eyes","Reprogram"],"picked":"Conserve Battery","floor":8},{"not_picked":["Stack","Rainbow"],"picked":"Coolheaded","floor":10},{"not_picked":["Rebound","Compile Driver","Streamline"],"picked":"SKIP","floor":12},{"not_picked":["Rebound","Compile Driver","Streamline"],"picked":"SKIP","floor":12},{"not_picked":["Amplify","Core Surge"],"picked":"Buffer","floor":16},{"not_picked":["Auto Shields","Scrape+1"],"picked":"White Noise","floor":18},{"not_picked":["Rip and Tear","Barrage","Double Energy"],"picked":"SKIP","floor":20},{"not_picked":["Ball Lightning","Streamline+1"],"picked":"Undo","floor":21},{"not_picked":["Tempest","Compile Driver"],"picked":"Hologram","floor":24},{"not_picked":["Lockon","Tempest+1"],"picked":"Auto Shields","floor":28},{"not_picked":["Ball Lightning","Turbo"],"picked":"Reinforced Body","floor":30},{"not_picked":["Steam","Beam Cell"],"picked":"Biased Cognition","floor":31},{"not_picked":["Ball Lightning+1","Hello World"],"picked":"Doom and Gloom","floor":32},{"not_picked":["All For One","Fission"],"picked":"Echo Form","floor":33},{"not_picked":["Rebound+1","Stack"],"picked":"Loop+1","floor":34},{"not_picked":["Compile Driver","Melter"],"picked":"Steam","floor":34},{"not_picked":["Stack","Rainbow"],"picked":"Sweeping Beam+1","floor":34},{"not_picked":["Conserve Battery+1","Chaos"],"picked":"Compile Driver","floor":35},{"not_picked":["Darkness","Conserve Battery+1"],"picked":"BootSequence","floor":36}],"player_experience":51961,"relics_obtained":[{"floor":7,"key":"DataDisk"},{"floor":9,"key":"Ancient Tea Set"},{"floor":24,"key":"Bronze Scales"},{"floor":24,"key":"MawBank"},{"floor":26,"key":"Potion Belt"},{"floor":31,"key":"War Paint"},{"floor":31,"key":"Orichalcum"}],"event_choices":[{"damage_healed":0,"gold_gain":0,"player_choice":"Success","damage_taken":18,"relics_obtained":["Dream Catcher"],"max_hp_gain":0,"max_hp_loss":0,"event_name":"Scrap Ooze","floor":2,"gold_loss":0},{"damage_healed":0,"gold_gain":0,"player_choice":"Entered Light","damage_taken":15,"max_hp_gain":0,"max_hp_loss":0,"event_name":"Shining Light","floor":4,"gold_loss":0,"cards_upgraded":["Zap","Defend_B"]},{"damage_healed":25,"gold_gain":0,"player_choice":"Banana","damage_taken":0,"max_hp_gain":0,"max_hp_loss":0,"event_name":"Big Fish","floor":11,"gold_loss":0},{"damage_healed":0,"gold_gain":0,"cards_transformed":["Strike_B","Strike_B"],"player_choice":"Became Test Subject","damage_taken":0,"max_hp_gain":0,"max_hp_loss":0,"event_name":"Drug Dealer","floor":27,"gold_loss":0,"cards_obtained":["Rebound","Undo"]},{"damage_healed":0,"gold_gain":250,"player_choice":"Bet on Owner","damage_taken":0,"max_hp_gain":0,"max_hp_loss":0,"event_name":"The Joust","floor":29,"gold_loss":50},{"damage_healed":0,"gold_gain":0,"player_choice":"Fight","damage_taken":0,"max_hp_gain":0,"max_hp_loss":0,"event_name":"Mysterious Sphere","floor":37,"gold_loss":0}],"is_beta":false,"boss_relics":[{"not_picked":["Velvet Choker","Busted Crown"],"picked":"Black Star"},{"not_picked":["Snecko Eye","Lizard Tail"],"picked":"Orrery"}],"items_purged_floors":[],"is_endless":false,"potions_floor_spawned":[5,7,8,20,30,33],"killed_by":"2 Orb Walkers","ascension_level":0}