{"gold_per_floor":[110,130,150,150,167,167,194,194,194,2,19,19,94,108,108,205,205,221,231,86,86,52,52,52,52,131,142,158,258,258],"floor_reached":30,"playtime":1547,"items_purged":["Strike_B"],"score":265,"play_id":"acb1a2b6-7c3a-441f-ba45-632b4ed18dd7","local_time":"20190603213111","is_ascension_mode":true,"campfire_choices":[{"data":"Zap","floor":6,"key":"SMITH"},{"data":"Dualcast","floor":8,"key":"SMITH"},{"floor":15,"key":"REST"},{"data":"Redo","floor":23,"key":"SMITH"},{"data":"Defragment","floor":25,"key":"SMITH"}],"neow_cost":"NONE","seed_source_timestamp":248148083703866,"circlet_count":0,"master_deck":["Strike_B","Strike_B","Defend_B","Defend_B","Defend_B","Defend_B","Zap+1","Dualcast+1","Capacitor","Cold Snap","Steam","All For One","Static Discharge","FTL","Adrenaline","Flash of Steel","Sadistic Nature","Defragment+1","Redo+1","White Noise","Bandage Up"],"relics":["Cracked Core","Ancient Tea Set","Bronze Scales","PrismaticShard","Busted Crown","Meat on the Bone"],"potions_floor_usage":[27],"damage_taken":[{"damage":0,"enemies":"Cultist","floor":1,"turns":4},{"damage":8,"enemies":"Jaw Worm","floor":2,"turns":4},{"damage":0,"enemies":"2 Louse","floor":3,"turns":1},{"damage":5,"enemies":"Red Slaver","floor":5,"turns":3},{"damage":27,"enemies":"3 Sentries","floor":7,"turns":7},{"damage":0,"enemies":"3 Louse","floor":11,"turns":1},{"damage":10,"enemies":"Lots of Slimes","floor":14,"turns":2},{"damage":18,"enemies":"Hexaghost","floor":16,"turns":6},{"damage":25,"enemies":"2 Thieves","floor":18,"turns":4},{"damage":11,"enemies":"Spheric Guardian","floor":19,"turns":4},{"damage":2,"enemies":"Chosen and Byrds","floor":27,"turns":6},{"damage":14,"enemies":"3 Cultists","floor":28,"turns":5},{"damage":49,"enemies":"Book of Stabbing","floor":30,"turns":4}],"seed_played":"-287635888157948125","potions_obtained":[{"floor":1,"key":"Swift Potion"},{"floor":3,"key":"FearPotion"},{"floor":5,"key":"SteroidPotion"},{"floor":16,"key":"PowerPotion"},{"floor":28,"key":"FearPotion"}],"is_trial":false,"path_per_floor":["M","M","M","?","M","R","E","R","T","$","M","$","?","M","R","B",null,"M","M","$","?","$","R","$","R","T","M","M","?","E"],"character_chosen":"DEFECT","items_purchased":["PrismaticShard","Defragment","White Noise"],"campfire_rested":1,"item_purchase_floors":[10,20,22],"current_hp_per_floor":[82,74,74,74,69,69,42,42,42,42,42,42,31,21,45,27,82,57,46,46,46,46,46,46,46,46,44,42,42,0],"gold":258,"neow_bonus":"TEN_PERCENT_HP_BONUS","is_prod":false,"is_daily":false,"chose_seed":false,"campfire_upgraded":4,"win_rate":0,"timestamp":1559615471,"path_taken":["M","?","M","?","M","R","E","R","T","?","M","$","?","M","R","BOSS","M","M","$","?","$","R","$","R","T","M","M","?","E"],"build_version":"2019-01-23","purchased_purges":1,"victory":false,"max_hp_per_floor":[82,82,82,82,82,82,82,82,82,82,82,82,82,82,82,82,82,82,82,82,82,82,82,82,82,82,82,82,82,82],"card_choices":[{"not_picked":["Chaos","Doom and Gloom"],"picked":"Capacitor","floor":1},{"not_picked":["Steam","Beam Cell"],"picked":"Cold Snap","floor":2},{"not_picked":["BootSequence","Go for the Eyes"],"picked":"Steam","floor":3},{"not_picked":["Rebound","Gash"],"picked":"Static Discharge","floor":5},{"not_picked":["Gash","Turbo"],"picked":"FTL","floor":7},{"not_picked":["Iron Wave","Redo"],"picked":"Adrenaline","floor":11},{"not_picked":["Clothesline","Steam"],"picked":"Flash of Steel","floor":14},{"not_picked":["Buffer","Envenom"],"picked":"Sadistic Nature","floor":16},{"not_picked":["Streamline"],"picked":"SKIP","floor":18},{"not_picked":["Predator+1"],"picked":"SKIP","floor":19},{"not_picked":["Dagger Throw"],"picked":"SKIP","floor":27},{"not_picked":[],"picked":"Bandage Up","floor":28}],"player_experience":72642,"relics_obtained":[{"floor":7,"key":"Ancient Tea Set"},{"floor":9,"key":"Bronze Scales"},{"floor":26,"key":"Meat on the Bone"}],"event_choices":[{"damage_healed":0,"gold_gain":0,"cards_transformed":["Strike_B"],"player_choice":"Change","damage_taken":0,"max_hp_gain":0,"max_hp_loss":0,"event_name":"Living Wall","floor":4,"gold_loss":0,"cards_obtained":["All For One"]},{"damage_healed":0,"gold_gain":75,"player_choice":"Gather Gold","damage_taken":11,"max_hp_gain":0,"max_hp_loss":0,"event_name":"World of Goop","floor":13,"gold_loss":0},{"damage_healed":0,"gold_gain":0,"player_choice":"Read","damage_taken":0,"max_hp_gain":0,"max_hp_loss":0,"event_name":"The Library","floor":21,"gold_loss":0,"cards_obtained":["Redo"]},{"damage_healed":0,"gold_gain":100,"player_choice":"Pray","damage_taken":0,"max_hp_gain":0,"max_hp_loss":0,"event_name":"Golden Shrine","floor":29,"gold_loss":0}],"is_beta":false,"boss_relics":[{"not_picked":["Velvet Choker","Orrery"],"picked":"Busted Crown"}],"items_purged_floors":[20],"is_endless":false,"potions_floor_spawned":[1,3,5,11,16,28],"killed_by":"Book of Stabbing","ascension_level":3}