{"gold_per_floor":[217,237,256,270,287,317,317,347,371,371,389,6,22,33,33,135,135,153,153,171,171,0,0,35,35,35,35,35,48,62,87,87,87],"floor_reached":33,"playtime":2053,"items_purged":["Strike_G"],"score":374,"play_id":"9286df0b-73d0-4e1f-affa-939cddad83a3","local_time":"20190614212749","is_ascension_mode":true,"campfire_choices":[{"floor":7.0,"key":"REST"},{"floor":10.0,"key":"REST"},{"floor":15.0,"key":"REST"},{"data":"Wraith Form v2","floor":23.0,"key":"SMITH"},{"data":"Setup","floor":25,"key":"SMITH"},{"data":"Noxious Fumes","floor":27,"key":"SMITH"},{"floor":32,"key":"REST"}],"neow_cost":"NONE","seed_source_timestamp":0,"circlet_count":0,"master_deck":["Defend_G+1","Defend_G+1","Defend_G+1","Defend_G+1","Strike_G+1","Strike_G+1","Survivor","Neutralize","Deflect","Acrobatics","Poisoned Stab","Slice","Wraith Form v2+1","Riddle With Holes","Backflip","Flechettes","Noxious Fumes+1","Doppelganger","Skewer","PiercingWail","Wraith Form v2+1","Poisoned Stab+1","After Image+1","Leg Sweep","Setup+1","Dash","Noxious Fumes","Cloak And Dagger+1"],"special_seed":0,"relics":["Ring of the Snake","Turnip","Happy Flower","PreservedInsect","Snake Skull","Astrolabe","Strawberry","Bag of Marbles","Blood Vial"],"potions_floor_usage":[31],"damage_taken":[{"damage":4.0,"enemies":"2 Louse","floor":1.0,"turns":5.0},{"damage":5.0,"enemies":"Cultist","floor":2.0,"turns":5.0},{"damage":1.0,"enemies":"Small Slimes","floor":3.0,"turns":3.0},{"damage":5.0,"enemies":"Looter","floor":4.0,"turns":4.0},{"damage":9.0,"enemies":"3 Louse","floor":5.0,"turns":4.0},{"damage":39.0,"enemies":"Gremlin Nob","floor":6.0,"turns":7.0},{"damage":10.0,"enemies":"3 Sentries","floor":8.0,"turns":4.0},{"damage":12.0,"enemies":"Gremlin Gang","floor":11.0,"turns":8.0},{"damage":1.0,"enemies":"2 Fungi Beasts","floor":13.0,"turns":2.0},{"damage":6.0,"enemies":"Blue Slaver","floor":14.0,"turns":3.0},{"damage":12.0,"enemies":"Hexaghost","floor":16.0,"turns":9.0},{"damage":20.0,"enemies":"3 Byrds","floor":18.0,"turns":7.0},{"damage":7.0,"enemies":"Shell Parasite","floor":20.0,"turns":7.0},{"damage":8.0,"enemies":"Book of Stabbing","floor":24.0,"turns":8.0},{"damage":1,"enemies":"Snake Plant","floor":29,"turns":4},{"damage":0,"enemies":"Snecko","floor":30,"turns":5},{"damage":25,"enemies":"Gremlin Leader","floor":31,"turns":5},{"damage":33,"enemies":"Automaton","floor":33,"turns":10}],"seed_played":"3661284438712665749","potions_obtained":[{"floor":2.0,"key":"GamblersBrew"},{"floor":3.0,"key":"Explosive Potion"},{"floor":5.0,"key":"Weak Potion"},{"floor":6.0,"key":"Explosive Potion"},{"floor":20.0,"key":"Weak Potion"},{"floor":30,"key":"PowerPotion"},{"floor":31,"key":"SteroidPotion"}],"is_trial":false,"path_per_floor":["M","M","M","M","M","E","R","E","T","R","M","$","M","M","R","B",null,"M","?","M","?","?","R","E","R","T","R","?","M","M","E","R","B"],"character_chosen":"THE_SILENT","items_purchased":["Snake Skull","Noxious Fumes","Doppelganger"],"campfire_rested":4,"item_purchase_floors":[12,12,12],"current_hp_per_floor":[66,61,60,55,46,7,28,18,18,39,27,27,26,20,41,29,60,40,40,33,33,33,33,32,32,32,32,32,31,31,6,29,0],"gold":87,"neow_bonus":"HUNDRED_GOLD","is_prod":false,"is_daily":false,"chose_seed":false,"campfire_upgraded":3,"win_rate":0,"timestamp":1560562069,"path_taken":["M","M","M","M","M","E","R","E","T","R","M","$","M","M","R","BOSS","M","?","?","?","?","R","E","R","T","R","?","M","?","E","R","BOSS"],"build_version":"2019-01-23","purchased_purges":1,"victory":false,"max_hp_per_floor":[70,70,70,70,70,70,70,70,70,70,70,70,70,70,70,70,70,70,70,70,70,70,70,77,77,77,77,77,77,77,77,77,77],"card_choices":[{"not_picked":["Dagger Throw","Flying Knee"],"picked":"Deflect","floor":1.0},{"not_picked":["Heel Hook","Bane"],"picked":"Acrobatics","floor":2.0},{"not_picked":["Bane","Underhanded Strike"],"picked":"Poisoned Stab","floor":3.0},{"not_picked":["Distraction","Bane"],"picked":"Slice","floor":4.0},{"not_picked":["Eviscerate","Acrobatics"],"picked":"Wraith Form v2","floor":5.0},{"not_picked":["Heel Hook","Sucker Punch"],"picked":"Riddle With Holes","floor":6.0},{"not_picked":["Expertise","Cloak And Dagger"],"picked":"Backflip","floor":8.0},{"not_picked":["Heel Hook","Expertise"],"picked":"Flechettes","floor":11.0},{"not_picked":["Heel Hook","Choke"],"picked":"Skewer","floor":13.0},{"not_picked":["Calculated Gamble","Underhanded Strike"],"picked":"PiercingWail","floor":14.0},{"not_picked":["Die Die Die","Storm of Steel"],"picked":"Wraith Form v2","floor":16.0},{"not_picked":["Bane","Slice+1"],"picked":"Leg Sweep","floor":18.0},{"not_picked":["Flying Knee","Riddle With Holes"],"picked":"Setup","floor":20.0},{"not_picked":["Deflect","Poisoned Stab"],"picked":"Dash","floor":24},{"not_picked":["Terror","Dagger Throw+1"],"picked":"Noxious Fumes","floor":29},{"not_picked":["Underhanded Strike","Calculated Gamble","Flying Knee"],"picked":"SKIP","floor":30},{"not_picked":["Acrobatics","Underhanded Strike"],"picked":"Cloak And Dagger+1","floor":31}],"player_experience":246696,"relics_obtained":[{"floor":6.0,"key":"Turnip"},{"floor":8.0,"key":"Happy Flower"},{"floor":9.0,"key":"PreservedInsect"},{"floor":24,"key":"Strawberry"},{"floor":26,"key":"Bag of Marbles"},{"floor":31,"key":"Blood Vial"}],"event_choices":[{"damage_healed":0.0,"max_hp_gain":0.0,"max_hp_loss":0.0,"gold_gain":0.0,"event_name":"Accursed Blacksmith","player_choice":"Forge","floor":19.0,"gold_loss":0.0,"damage_taken":0.0,"cards_upgraded":["Wraith Form v2"]},{"damage_healed":0.0,"max_hp_gain":0.0,"max_hp_loss":0.0,"gold_gain":0.0,"event_name":"Back to Basics","player_choice":"Simplicity","floor":21.0,"gold_loss":0.0,"damage_taken":0.0,"cards_upgraded":["Defend_G","Defend_G","Defend_G","Defend_G","Strike_G","Strike_G"]},{"damage_healed":0.0,"max_hp_gain":0.0,"max_hp_loss":0.0,"gold_gain":0.0,"event_name":"Masked Bandits","player_choice":"Paid Fearfully","floor":22.0,"gold_loss":171.0,"damage_taken":0.0},{"cards_removed":["Accuracy"],"damage_healed":0,"gold_gain":0,"player_choice":"Purged","damage_taken":0,"max_hp_gain":0,"max_hp_loss":0,"event_name":"Purifier","floor":28,"gold_loss":0}],"is_beta":false,"boss_relics":[{"not_picked":["Fusion Hammer","White Beast Statue"],"picked":"Astrolabe"}],"items_purged_floors":[12],"is_endless":false,"potions_floor_spawned":[2,3,5,6,20,30,31],"killed_by":"Automaton","ascension_level":5}