{"gold_per_floor":[117,42,192,202,2,2,34,34,61,90,90,90,90,145,145,217,217,217,217],"floor_reached":19,"playtime":587,"items_purged":["Strike_G"],"score":342,"play_id":"5e83a5f2-e592-4818-a7a1-62b6fc4e0772","local_time":"20190626143617","is_ascension_mode":true,"campfire_choices":[{"floor":6,"key":"REST"},{"floor":8,"key":"REST"},{"floor":11,"key":"REST"},{"floor":13,"key":"REST"},{"floor":15,"key":"REST"}],"neow_cost":"NONE","seed_source_timestamp":104765965943300,"circlet_count":0,"master_deck":["AscendersBane","Defend_G","Defend_G+1","Defend_G","Defend_G","Defend_G","Strike_G","Strike_G","Strike_G+1","Strike_G","Survivor","Neutralize","Backstab","Doubt","Eviscerate","Apotheosis","Skewer","Dagger Spray","Reflex","After Image","Acrobatics"],"relics":["Fusion Hammer","Shuriken","Smiling Mask","Bottled Flame","Sundial","Ectoplasm"],"potions_floor_usage":[7,14,16,19],"damage_taken":[{"damage":0,"enemies":"Small Slimes","floor":1,"turns":5},{"damage":14,"enemies":"Jaw Worm","floor":4,"turns":8},{"damage":40,"enemies":"Gremlin Nob","floor":7,"turns":6},{"damage":15,"enemies":"Lagavulin","floor":10,"turns":7},{"damage":37,"enemies":"Lagavulin Event","floor":14,"turns":7},{"damage":17,"enemies":"The Guardian","floor":16,"turns":10},{"damage":45,"enemies":"Shell Parasite","floor":18,"turns":5},{"damage":22,"enemies":"Chosen","floor":19,"turns":3}],"seed_played":"-3963988483678899308","potions_obtained":[{"floor":4,"key":"Block Potion"},{"floor":10,"key":"Dexterity Potion"},{"floor":14,"key":"Energy Potion"},{"floor":16,"key":"Explosive Potion"}],"is_trial":false,"path_per_floor":["M","$","?","M","$","R","E","R","T","E","R","?","R","?","R","B",null,"M","M"],"character_chosen":"THE_SILENT","items_purchased":["Apotheosis"],"campfire_rested":5,"item_purchase_floors":[5],"current_hp_per_floor":[59,59,59,45,45,64,24,43,43,28,47,27,46,9,28,11,52,7,0],"gold":217,"neow_bonus":"BOSS_RELIC","is_prod":false,"is_daily":false,"chose_seed":false,"campfire_upgraded":0,"win_rate":0,"timestamp":1561574177,"path_taken":["M","$","?","M","$","R","E","R","T","E","R","?","R","?","R","BOSS","M","M"],"build_version":"2019-01-23","purchased_purges":1,"victory":false,"max_hp_per_floor":[66,66,66,66,66,66,66,66,66,66,66,66,66,66,66,66,66,66,66],"card_choices":[{"not_picked":["Prepared","Terror"],"picked":"Backstab","floor":1},{"not_picked":["Crippling Poison","Setup"],"picked":"Eviscerate","floor":4},{"not_picked":["Phantasmal Killer","Choke"],"picked":"Skewer","floor":7},{"not_picked":["All Out Attack","Bane"],"picked":"Dagger Spray","floor":10},{"not_picked":["Deflect","Catalyst"],"picked":"Reflex","floor":14},{"not_picked":["Glass Knife","Corpse Explosion"],"picked":"After Image","floor":16},{"not_picked":["Blade Dance","Backflip"],"picked":"Acrobatics","floor":18}],"player_experience":1432802,"relics_obtained":[{"floor":7,"key":"Shuriken"},{"floor":9,"key":"Smiling Mask"},{"floor":10,"key":"Bottled Flame"},{"floor":14,"key":"Sundial"}],"event_choices":[{"damage_healed":0,"gold_gain":150,"player_choice":"AGREE","damage_taken":0,"max_hp_gain":0,"max_hp_loss":0,"event_name":"Liars Game","floor":3,"gold_loss":0,"cards_obtained":["Doubt"]},{"damage_healed":0,"gold_gain":0,"player_choice":"Entered Light","damage_taken":20,"max_hp_gain":0,"max_hp_loss":0,"event_name":"Shining Light","floor":12,"gold_loss":0,"cards_upgraded":["Strike_G","Defend_G"]},{"damage_healed":0,"gold_gain":0,"player_choice":"Searched \u00271\u0027 times","damage_taken":0,"max_hp_gain":0,"max_hp_loss":0,"event_name":"Dead Adventurer","floor":14,"gold_loss":0}],"is_beta":false,"boss_relics":[{"not_picked":["HoveringKite","Coffee Dripper"],"picked":"Ectoplasm"}],"items_purged_floors":[2],"is_endless":false,"potions_floor_spawned":[4,10,14,16],"killed_by":"Chosen","ascension_level":20}