{"gold_per_floor":[112,123,141,159,170,170,196,196,223,255,274,274,284,309,309,406,406,424,424,437,455,455],"floor_reached":22,"playtime":1649,"items_purged":[],"score":263,"play_id":"9ca4befb-c193-4418-a129-75540795f8a6","local_time":"20190621170039","is_ascension_mode":true,"campfire_choices":[{"data":"Prepared","floor":6.0,"key":"SMITH"},{"data":"Setup","floor":8.0,"key":"SMITH"},{"floor":15,"key":"REST"}],"neow_cost":"TEN_PERCENT_HP_LOSS","seed_source_timestamp":0,"circlet_count":0,"master_deck":["Defend_G","Defend_G","Defend_G","Defend_G","Defend_G","Strike_G","Strike_G","Strike_G","Strike_G","Strike_G","Survivor","Neutralize","Glass Knife","Underhanded Strike","Outmaneuver","Dash","Predator","Prepared+1","Setup+1","Dodge and Roll","Blade Dance","Crippling Poison","Footwork","Burst","Dagger Throw+1","Injury","Unload","Neutralize","Well Laid Plans+1","Caltrops+1"],"special_seed":0,"relics":["Ring of the Snake","Bronze Scales","Oddly Smooth Stone","Regal Pillow","Odd Mushroom","Eternal Feather"],"potions_floor_usage":[12,12],"damage_taken":[{"damage":0.0,"enemies":"Cultist","floor":1.0,"turns":3.0},{"damage":2.0,"enemies":"Small Slimes","floor":2.0,"turns":3.0},{"damage":8.0,"enemies":"Jaw Worm","floor":3.0,"turns":5.0},{"damage":0.0,"enemies":"Red Slaver","floor":4.0,"turns":5.0},{"damage":5.0,"enemies":"Lots of Slimes","floor":5.0,"turns":4.0},{"damage":21.0,"enemies":"Gremlin Nob","floor":7.0,"turns":4.0},{"damage":6.0,"enemies":"3 Sentries","floor":10.0,"turns":9.0},{"damage":6.0,"enemies":"Large Slime","floor":11.0,"turns":4.0},{"damage":0,"enemies":"Lagavulin","floor":12,"turns":5},{"damage":0,"enemies":"3 Louse","floor":13,"turns":3},{"damage":14,"enemies":"The Mushroom Lair","floor":14,"turns":4},{"damage":39,"enemies":"Hexaghost","floor":16,"turns":11},{"damage":12,"enemies":"3 Byrds","floor":18,"turns":3},{"damage":10,"enemies":"Shell Parasite","floor":20,"turns":6},{"damage":16,"enemies":"Snecko","floor":21,"turns":8},{"damage":13,"enemies":"Shelled Parasite and Fungi","floor":22,"turns":3}],"seed_played":"-1030727393491139456","potions_obtained":[{"floor":2.0,"key":"EssenceOfSteel"},{"floor":3.0,"key":"PowerPotion"},{"floor":4.0,"key":"SteroidPotion"},{"floor":5.0,"key":"SmokeBomb"},{"floor":7.0,"key":"FairyPotion"},{"floor":16,"key":"FearPotion"},{"floor":21,"key":"Weak Potion"}],"is_trial":false,"path_per_floor":["M","M","M","M","M","R","E","R","T","E","M","E","M","?","R","B",null,"M","?","M","M","M"],"character_chosen":"THE_SILENT","items_purchased":[],"campfire_rested":1,"item_purchase_floors":[],"current_hp_per_floor":[63,61,53,53,48,48,27,27,27,21,15,15,15,1,34,1,48,36,36,26,10,0],"gold":455,"neow_bonus":"THREE_RARE_CARDS","is_prod":false,"is_daily":false,"chose_seed":false,"campfire_upgraded":2,"win_rate":0,"timestamp":1561150839,"path_taken":["M","M","M","M","M","R","E","R","T","E","M","E","?","?","R","BOSS","M","?","M","M","M"],"build_version":"2019-01-23","purchased_purges":0,"victory":false,"max_hp_per_floor":[63,63,63,63,63,63,63,63,63,63,63,63,63,63,63,63,63,63,63,63,63,63],"card_choices":[{"not_picked":["Night Terror","Envenom"],"picked":"Glass Knife","floor":0.0},{"not_picked":["Dagger Throw","Calculated Gamble"],"picked":"Underhanded Strike","floor":1.0},{"not_picked":["Reflex","Skewer"],"picked":"Outmaneuver","floor":2.0},{"not_picked":["Prepared","Poisoned Stab"],"picked":"Dash","floor":3.0},{"not_picked":["Dash","Bane"],"picked":"Predator","floor":4.0},{"not_picked":["Flying Knee","Underhanded Strike"],"picked":"Prepared","floor":5.0},{"not_picked":["Reflex","Skewer"],"picked":"Setup","floor":7.0},{"not_picked":["Sucker Punch","Concentrate"],"picked":"Dodge and Roll","floor":10.0},{"not_picked":["Outmaneuver","Escape Plan"],"picked":"Blade Dance","floor":11.0},{"not_picked":["Accuracy","Distraction"],"picked":"Crippling Poison","floor":13},{"not_picked":["Outmaneuver","Infinite Blades"],"picked":"Footwork","floor":14},{"not_picked":["A Thousand Cuts","Venomology"],"picked":"Burst","floor":16},{"not_picked":["Skewer","Deadly Poison"],"picked":"Dagger Throw+1","floor":18},{"not_picked":["Backflip+1","Flying Knee"],"picked":"Well Laid Plans+1","floor":20},{"not_picked":["Quick Slash","Poisoned Stab"],"picked":"Caltrops+1","floor":21}],"player_experience":309005,"relics_obtained":[{"floor":7.0,"key":"Bronze Scales"},{"floor":9.0,"key":"Oddly Smooth Stone"},{"floor":10.0,"key":"Regal Pillow"},{"floor":14,"key":"Odd Mushroom"}],"event_choices":[{"damage_healed":0,"gold_gain":0,"player_choice":"Fought Mushrooms","damage_taken":0,"max_hp_gain":0,"max_hp_loss":0,"event_name":"Mushrooms","floor":14,"gold_loss":0},{"damage_healed":0,"gold_gain":0,"player_choice":"3 cards matched","damage_taken":0,"max_hp_gain":0,"max_hp_loss":0,"event_name":"Match and Keep!","floor":19,"gold_loss":0,"cards_obtained":["Injury","Unload","Neutralize"]}],"is_beta":false,"boss_relics":[{"not_picked":["WristBlade","Snecko Eye"],"picked":"Eternal Feather"}],"items_purged_floors":[],"is_endless":false,"potions_floor_spawned":[2,3,4,5,7,12,16,21],"killed_by":"Shelled Parasite and Fungi","ascension_level":5}