{"gold_per_floor":[118,293,293,305,305,333,333,365,390,390,390,390,403,403],"floor_reached":14,"playtime":436,"items_purged":[],"score":110,"play_id":"84bf1230-78e6-4e1c-ae7e-d02ac0510b9c","local_time":"20190421034804","is_ascension_mode":true,"campfire_choices":[{"floor":7,"key":"REST"},{"data":"Armaments","floor":11,"key":"SMITH"}],"neow_cost":"NONE","seed_source_timestamp":32956802890827,"circlet_count":0,"master_deck":["Strike_R","Strike_R","Strike_R","Defend_R","Defend_R","Defend_R","Bash+1","Disarm+1","Reaper+1","Searing Blow+1","Cleave","Doubt","Cleave","Armaments+1","Wild Strike","Disarm"],"relics":["Astrolabe","Ancient Tea Set","Dodecahedron","Blood Vial","Nunchaku"],"potions_floor_usage":[14],"damage_taken":[{"damage":11,"enemies":"Cultist","floor":1,"turns":5},{"damage":12,"enemies":"Jaw Worm","floor":4,"turns":3},{"damage":51,"enemies":"Gremlin Nob","floor":6,"turns":5},{"damage":35,"enemies":"3 Sentries","floor":8,"turns":6},{"damage":4,"enemies":"2 Louse","floor":13,"turns":2},{"damage":5,"enemies":"Blue Slaver","floor":14,"turns":3}],"seed_played":"-9208134352647748198","potions_obtained":[{"floor":4,"key":"SkillPotion"}],"is_trial":false,"path_per_floor":["M","?","?","M","$","E","R","E","T","?","R","T","M","M"],"character_chosen":"IRONCLAD","items_purchased":[],"campfire_rested":1,"item_purchase_floors":[],"current_hp_per_floor":[69,69,69,57,57,13,37,17,17,5,5,5,3,0],"gold":403,"neow_bonus":"BOSS_RELIC","is_prod":false,"is_daily":false,"chose_seed":false,"campfire_upgraded":1,"win_rate":0,"timestamp":1555832884,"path_taken":["M","?","?","M","$","E","R","E","T","?","R","?","M","?"],"build_version":"2019-01-23","purchased_purges":0,"victory":false,"max_hp_per_floor":[80,80,80,80,80,80,80,80,80,80,80,80,80,80],"card_choices":[{"not_picked":["Clash","Pummel"],"picked":"Cleave","floor":1},{"not_picked":["Thunderclap","Anger"],"picked":"Cleave","floor":4},{"not_picked":["Bloodletting","Brutality"],"picked":"Armaments","floor":6},{"not_picked":["Clothesline","True Grit"],"picked":"Wild Strike","floor":8},{"not_picked":["Havoc","Flex"],"picked":"Disarm","floor":13}],"player_experience":90585,"relics_obtained":[{"floor":6,"key":"Ancient Tea Set"},{"floor":8,"key":"Dodecahedron"},{"floor":9,"key":"Blood Vial"},{"floor":12,"key":"Nunchaku"}],"event_choices":[{"damage_healed":0,"gold_gain":175,"player_choice":"AGREE","damage_taken":0,"max_hp_gain":0,"max_hp_loss":0,"event_name":"Liars Game","floor":2,"gold_loss":0,"cards_obtained":["Doubt"]},{"damage_healed":0,"gold_gain":0,"player_choice":"Grow","damage_taken":0,"max_hp_gain":0,"max_hp_loss":0,"event_name":"Living Wall","floor":3,"gold_loss":0,"cards_upgraded":["Bash"]},{"damage_healed":0,"gold_gain":0,"player_choice":"Fled","damage_taken":12,"max_hp_gain":0,"max_hp_loss":0,"event_name":"Scrap Ooze","floor":10,"gold_loss":0}],"is_beta":false,"boss_relics":[],"items_purged_floors":[],"is_endless":false,"potions_floor_spawned":[4],"killed_by":"Blue Slaver","ascension_level":3}