{"gold_per_floor":[118,137,137,149,169,200,200,200,227,259,277,242,261,272,272,367,367,379,304,304,319,319,319,332,332,355,365,377,377,123,139,139,239,239,255,255,255,268,283,283],"floor_reached":40,"playtime":2046,"items_purged":[],"score":447,"play_id":"06e3a797-ecf7-4191-889d-c924bdfc477b","local_time":"20190323153128","is_ascension_mode":true,"campfire_choices":[{"data":"Bash","floor":8,"key":"SMITH"},{"data":"Inflame","floor":15,"key":"SMITH"},{"data":"Barricade","floor":23,"key":"SMITH"},{"data":"Corruption","floor":25,"key":"SMITH"},{"data":"Inflame","floor":32,"key":"SMITH"}],"neow_cost":"NONE","seed_source_timestamp":509708560205324,"circlet_count":0,"master_deck":["Strike_R+1","Strike_R","Strike_R","Strike_R+1","Defend_R","Defend_R","Defend_R","Defend_R","Bash+1","Cleave","Perfected Strike","Ghostly Armor","Shrug It Off","Warcry","Entrench","Inflame+1","Flame Barrier","Twin Strike","Barricade+1","Corruption+1","J.A.X.","Feel No Pain","Entrench","Sentinel","Dropkick+1","Shrug It Off","Inflame+1","True Grit","Double Tap","Body Slam","Infernal Blade+1","Bloodletting+1","Clothesline+1","Armaments","True Grit+1","Armaments+1"],"relics":["Burning Blood","Anchor","Bag of Preparation","Smiling Mask","Oddly Smooth Stone","Velvet Choker","Ancient Tea Set","Whetstone","Orrery"],"potions_floor_usage":[16,33,39,39],"damage_taken":[{"damage":1,"enemies":"Jaw Worm","floor":1,"turns":2},{"damage":1,"enemies":"Cultist","floor":2,"turns":4},{"damage":0,"enemies":"2 Louse","floor":4,"turns":2},{"damage":10,"enemies":"Exordium Wildlife","floor":5,"turns":4},{"damage":54,"enemies":"Lagavulin","floor":6,"turns":9},{"damage":19,"enemies":"3 Sentries","floor":10,"turns":8},{"damage":13,"enemies":"2 Fungi Beasts","floor":11,"turns":3},{"damage":1,"enemies":"3 Louse","floor":13,"turns":3},{"damage":0,"enemies":"Large Slime","floor":14,"turns":5},{"damage":12,"enemies":"Slime Boss","floor":16,"turns":7},{"damage":0,"enemies":"Chosen","floor":18,"turns":4},{"damage":9,"enemies":"Shell Parasite","floor":21,"turns":4},{"damage":3,"enemies":"Snake Plant","floor":24,"turns":5},{"damage":14,"enemies":"Shelled Parasite and Fungi","floor":27,"turns":5},{"damage":3,"enemies":"3 Cultists","floor":28,"turns":6},{"damage":3,"enemies":"Cultist and Chosen","floor":31,"turns":8},{"damage":30,"enemies":"Champ","floor":33,"turns":12},{"damage":29,"enemies":"3 Darklings","floor":35,"turns":7},{"damage":5,"enemies":"3 Shapes","floor":38,"turns":5},{"damage":67,"enemies":"Transient","floor":39,"turns":5},{"damage":18,"enemies":"Reptomancer","floor":40,"turns":2}],"seed_played":"-1962643141430242679","potions_obtained":[{"floor":2,"key":"BloodPotion"},{"floor":4,"key":"BloodPotion"},{"floor":10,"key":"EssenceOfSteel"},{"floor":16,"key":"Block Potion"},{"floor":24,"key":"SpeedPotion"}],"is_trial":false,"path_per_floor":["M","M","?","M","M","E","$","R","T","E","M","?","M","M","R","B",null,"M","?","?","M","?","R","M","R","T","M","M","?","$","M","R","B",null,"M","?","$","M","M","E"],"character_chosen":"IRONCLAD","items_purchased":["Whetstone","Shrug It Off","Inflame"],"campfire_rested":0,"item_purchase_floors":[30,30,30],"current_hp_per_floor":[80,80,80,80,76,28,28,28,28,15,8,28,33,39,39,33,80,80,80,80,77,77,77,80,80,80,72,75,75,75,78,78,54,80,57,62,62,63,18,0],"gold":283,"neow_bonus":"RANDOM_COMMON_RELIC","is_prod":false,"is_daily":false,"chose_seed":false,"campfire_upgraded":5,"win_rate":0,"timestamp":1553369488,"path_taken":["M","M","?","?","?","E","?","R","T","E","M","?","M","M","R","BOSS","M","?","?","M","?","R","M","R","T","M","M","?","$","M","R","BOSS","M","?","$","?","M","E"],"build_version":"2019-01-23","purchased_purges":0,"victory":false,"max_hp_per_floor":[80,80,80,80,80,80,80,80,80,80,80,80,80,80,80,80,80,80,80,80,80,80,80,80,80,80,80,80,80,80,80,80,80,80,80,80,80,80,80,80],"card_choices":[{"not_picked":["Clash","Anger"],"picked":"Cleave","floor":1},{"not_picked":["Sword Boomerang","Rampage"],"picked":"Perfected Strike","floor":2},{"not_picked":["Flex","Metallicize"],"picked":"Shrug It Off","floor":4},{"not_picked":["Iron Wave","Intimidate"],"picked":"Warcry","floor":5},{"not_picked":["Impervious","Thunderclap"],"picked":"Entrench","floor":6},{"not_picked":["Headbutt","Intimidate"],"picked":"Inflame","floor":10},{"not_picked":["Havoc","Evolve"],"picked":"Flame Barrier","floor":11},{"not_picked":["Burning Pact","Flex"],"picked":"Twin Strike","floor":13},{"not_picked":["Thunderclap","Flex"],"picked":"Anger","floor":14},{"not_picked":["Juggernaut","Offering"],"picked":"Barricade","floor":16},{"not_picked":["Disarm","Shrug It Off"],"picked":"Corruption","floor":18},{"not_picked":["Pummel","Spot Weakness+1"],"picked":"Feel No Pain","floor":21},{"not_picked":["Searing Blow","Anger","Warcry"],"picked":"SKIP","floor":24},{"not_picked":["Burning Pact","Fire Breathing+1"],"picked":"Sentinel","floor":27},{"not_picked":["Clothesline","Clash"],"picked":"Dropkick+1","floor":28},{"not_picked":["Clash","Bloodletting"],"picked":"True Grit","floor":31},{"not_picked":["Reaper","Immolate"],"picked":"Double Tap","floor":33},{"not_picked":["Carnage","Wild Strike"],"picked":"Body Slam","floor":34},{"not_picked":["Seeing Red","Clash+1"],"picked":"Infernal Blade+1","floor":34},{"not_picked":["Cleave","Perfected Strike+1"],"picked":"Bloodletting+1","floor":34},{"not_picked":["Corruption+1","Wild Strike"],"picked":"Clothesline+1","floor":34},{"not_picked":["Flame Barrier","True Grit"],"picked":"Armaments","floor":34},{"not_picked":["Thunderclap","Clash+1"],"picked":"True Grit+1","floor":35},{"not_picked":["Wild Strike","Sword Boomerang+1","Dropkick+1"],"picked":"SKIP","floor":38},{"not_picked":["Disarm+1","Clash+1"],"picked":"Armaments+1","floor":39}],"player_experience":62323,"relics_obtained":[{"floor":6,"key":"Bag of Preparation"},{"floor":9,"key":"Smiling Mask"},{"floor":10,"key":"Oddly Smooth Stone"},{"floor":26,"key":"Ancient Tea Set"}],"event_choices":[{"damage_healed":0,"gold_gain":0,"player_choice":"1 cards matched","damage_taken":0,"max_hp_gain":0,"max_hp_loss":0,"event_name":"Match and Keep!","floor":3,"gold_loss":0,"cards_obtained":["Ghostly Armor"]},{"damage_healed":20,"gold_gain":0,"player_choice":"Healed","damage_taken":0,"max_hp_gain":0,"max_hp_loss":0,"event_name":"The Cleric","floor":12,"gold_loss":35},{"cards_removed":["Strike_R"],"damage_healed":0,"gold_gain":0,"player_choice":"Gave Gold","damage_taken":0,"max_hp_gain":0,"max_hp_loss":0,"event_name":"Beggar","floor":19,"gold_loss":75},{"damage_healed":0,"gold_gain":0,"player_choice":"Obtain J.A.X.","damage_taken":0,"max_hp_gain":0,"max_hp_loss":0,"event_name":"Drug Dealer","floor":20,"gold_loss":0,"cards_obtained":["J.A.X."]},{"damage_healed":0,"gold_gain":0,"player_choice":"Read","damage_taken":0,"max_hp_gain":0,"max_hp_loss":0,"event_name":"The Library","floor":22,"gold_loss":0,"cards_obtained":["Entrench"]},{"damage_healed":0,"gold_gain":0,"player_choice":"Ignored","damage_taken":0,"max_hp_gain":0,"max_hp_loss":0,"event_name":"Vampires","floor":29,"gold_loss":0},{"cards_removed":["Anger"],"damage_healed":5,"gold_gain":0,"player_choice":"Offered Common","damage_taken":0,"max_hp_gain":0,"max_hp_loss":0,"event_name":"Bonfire Elementals","floor":36,"gold_loss":0},{"cards_removed":["Anger"],"damage_healed":5,"gold_gain":0,"player_choice":"Offered Special","damage_taken":0,"max_hp_gain":0,"max_hp_loss":0,"event_name":"Bonfire Elementals","floor":36,"gold_loss":0}],"is_beta":false,"boss_relics":[{"not_picked":["Cursed Key","Runic Pyramid"],"picked":"Velvet Choker"},{"not_picked":["Eternal Feather","Pandora\u0027s Box"],"picked":"Orrery"}],"items_purged_floors":[],"is_endless":false,"potions_floor_spawned":[2,4,10,13,16,24,27,31],"killed_by":"Reptomancer","ascension_level":1}