{"gold_per_floor":[18,33,46,46,61,90,90,90],"floor_reached":8,"playtime":392,"items_purged":[],"score":107,"play_id":"c9065438-bfd7-401b-9b72-06aa62459bec","local_time":"20190625142350","is_ascension_mode":true,"campfire_choices":[{"floor":7,"key":"REST"}],"neow_cost":"NO_GOLD","seed_source_timestamp":17814782118100,"circlet_count":0,"master_deck":["AscendersBane","Defend_G","Defend_G","Defend_G","Defend_G","Defend_G","Strike_G","Strike_G","Strike_G","Strike_G","Survivor","Neutralize","Tools of the Trade","Choke","Heel Hook","PiercingWail","Endless Agony","Blade Dance"],"relics":["Ring of the Snake","Orichalcum"],"potions_floor_usage":[6,8],"damage_taken":[{"damage":0,"enemies":"2 Louse","floor":1,"turns":4},{"damage":2,"enemies":"Cultist","floor":2,"turns":4},{"damage":6,"enemies":"Small Slimes","floor":3,"turns":5},{"damage":26,"enemies":"Exordium Thugs","floor":5,"turns":8},{"damage":17,"enemies":"Gremlin Nob","floor":6,"turns":4},{"damage":29,"enemies":"Lagavulin","floor":8,"turns":6}],"seed_played":"769635059458679339","potions_obtained":[{"floor":2,"key":"Strength Potion"},{"floor":5,"key":"Dexterity Potion"}],"is_trial":false,"path_per_floor":["M","M","M","?","M","E","R","E"],"character_chosen":"THE_SILENT","items_purchased":[],"campfire_rested":1,"item_purchase_floors":[],"current_hp_per_floor":[59,57,51,51,25,8,27,0],"gold":90,"neow_bonus":"THREE_RARE_CARDS","is_prod":false,"is_daily":false,"chose_seed":false,"campfire_upgraded":0,"win_rate":0,"timestamp":1561487030,"path_taken":["M","M","M","?","M","E","R","E"],"build_version":"2019-01-23","purchased_purges":0,"victory":false,"max_hp_per_floor":[66,66,66,66,66,66,66,66],"card_choices":[{"not_picked":["Wraith Form v2","A Thousand Cuts"],"picked":"Tools of the Trade","floor":0},{"not_picked":["Acrobatics","Backflip"],"picked":"Choke","floor":1},{"not_picked":["Poisoned Stab","Skewer"],"picked":"Heel Hook","floor":2},{"not_picked":["Flying Knee","Tactician"],"picked":"PiercingWail","floor":3},{"not_picked":["Backflip","Dagger Spray"],"picked":"Endless Agony","floor":5},{"not_picked":["Setup","Cloak And Dagger"],"picked":"Blade Dance","floor":6}],"player_experience":1409137,"relics_obtained":[{"floor":6,"key":"Orichalcum"}],"event_choices":[{"cards_removed":["Strike_G"],"damage_healed":0,"gold_gain":0,"player_choice":"Purged","damage_taken":0,"max_hp_gain":0,"max_hp_loss":0,"event_name":"Purifier","floor":4,"gold_loss":0}],"is_beta":false,"boss_relics":[],"items_purged_floors":[],"is_endless":false,"potions_floor_spawned":[2,5],"killed_by":"Lagavulin","ascension_level":17}