{"gold_per_floor":[111,111,111,126,140,175,186,186,186,206,223,298,298,326,326,429,429,448,296,221,232,232,260,260,278,278,278,298,397,38,38,38,137,137,151,151,201,219,219,254,254,269,269,269,284,318,318,352,352,352,352,352,95,120,120],"floor_reached":56,"playtime":3179,"items_purged":["Strike_G","Doppelganger"],"score":1361,"play_id":"36bf58ad-fac2-43f9-94be-fdc4f652e32a","local_time":"20190323172254","is_ascension_mode":true,"campfire_choices":[{"data":"Noxious Fumes","floor":8,"key":"SMITH"},{"floor":13,"key":"REST"},{"floor":15,"key":"REST"},{"data":"Ghostly","floor":24,"key":"SMITH"},{"floor":27,"key":"REST"},{"floor":32,"key":"REST"},{"data":"Wraith Form v2","floor":41,"key":"SMITH"},{"floor":44,"key":"RECALL"},{"floor":49,"key":"REST"},{"data":"Noxious Fumes","floor":52,"key":"SMITH"}],"neow_cost":"NONE","seed_source_timestamp":515247479293017,"circlet_count":0,"master_deck":["Defend_G","Defend_G","Defend_G","Defend_G","Defend_G","Strike_G","Strike_G","Strike_G","Survivor","Neutralize","Cloak And Dagger","Noxious Fumes+1","Blur","Flying Knee+1","Noxious Fumes+1","PiercingWail","Corpse Explosion","Poisoned Stab","Sucker Punch","Backflip","Footwork","Night Terror","Envenom","Deadly Poison","Ghostly","Ghostly+1","Ghostly","Ghostly","Ghostly","PiercingWail","Caltrops","Bouncing Flask","Acrobatics","Dodge and Roll","Wraith Form v2+1","PiercingWail","Leg Sweep","Wraith Form v2","Poisoned Stab+1","PiercingWail+1","Distraction+1","Panacea","Bouncing Flask","Crippling Poison+1","After Image"],"relics":["Ring of the Snake","Prayer Wheel","Paper Crane","Ornamental Fan","Sundial","Sozu","Bronze Scales","Matryoshka","Bottled Tornado","Runic Pyramid","Calipers","Peace Pipe","Pear","Smiling Mask","Whetstone","TwistedFunnel","Du-Vu Doll"],"potions_floor_usage":[10],"damage_taken":[{"damage":4,"enemies":"2 Louse","floor":1,"turns":4},{"damage":2,"enemies":"Jaw Worm","floor":4,"turns":4},{"damage":1,"enemies":"Cultist","floor":5,"turns":4},{"damage":26,"enemies":"3 Sentries","floor":6,"turns":8},{"damage":20,"enemies":"Exordium Thugs","floor":7,"turns":7},{"damage":14,"enemies":"Large Slime","floor":10,"turns":6},{"damage":2,"enemies":"Exordium Wildlife","floor":11,"turns":3},{"damage":10,"enemies":"Lagavulin","floor":14,"turns":6},{"damage":21,"enemies":"The Guardian","floor":16,"turns":10},{"damage":30,"enemies":"2 Thieves","floor":18,"turns":3},{"damage":0,"enemies":"Shell Parasite","floor":21,"turns":7},{"damage":26,"enemies":"Book of Stabbing","floor":23,"turns":9},{"damage":2,"enemies":"Snecko","floor":25,"turns":6},{"damage":14,"enemies":"3 Cultists","floor":28,"turns":6},{"damage":2,"enemies":"Champ","floor":33,"turns":13},{"damage":1,"enemies":"Orb Walker","floor":35,"turns":4},{"damage":12,"enemies":"2 Orb Walkers","floor":37,"turns":5},{"damage":2,"enemies":"3 Shapes","floor":38,"turns":5},{"damage":1,"enemies":"Giant Head","floor":40,"turns":10},{"damage":1,"enemies":"3 Darklings","floor":42,"turns":5},{"damage":3,"enemies":"Sphere and 2 Shapes","floor":45,"turns":4},{"damage":4,"enemies":"Nemesis","floor":46,"turns":9},{"damage":3,"enemies":"Reptomancer","floor":48,"turns":7},{"damage":9,"enemies":"Awakened One","floor":50,"turns":16},{"damage":13,"enemies":"Shield and Spear","floor":54,"turns":6},{"damage":10,"enemies":"The Heart","floor":55,"turns":12}],"seed_played":"-8442280895765129992","potions_obtained":[{"floor":5,"key":"SteroidPotion"},{"floor":7,"key":"SneckoOil"},{"floor":11,"key":"GhostInAJar"}],"is_trial":false,"path_per_floor":["M","?","?","M","M","E","M","R","T","M","M","T","R","E","R","B",null,"M","$","?","M","?","E","R","M","T","R","M","?","$","?","R","B",null,"M","$","?","M","?","E","R","M","T","R","M","E","?","E","R","B",null,"R","$","E","B",null],"character_chosen":"THE_SILENT","items_purchased":["Envenom","Wraith Form v2","Bottled Tornado","PiercingWail","TwistedFunnel"],"campfire_rested":5,"item_purchase_floors":[19,30,30,30,53],"current_hp_per_floor":[66,66,66,64,63,37,17,17,17,3,1,1,22,12,33,12,70,40,40,40,40,35,9,9,7,7,17,3,3,3,3,13,11,35,34,34,22,20,20,19,19,18,28,28,25,21,21,18,30,21,43,43,43,30,20],"gold":120,"neow_bonus":"ONE_RANDOM_RARE_CARD","is_prod":false,"is_daily":false,"chose_seed":false,"campfire_upgraded":4,"win_rate":0,"timestamp":1553376174,"path_taken":["M","?","?","M","?","E","M","R","T","M","M","?","R","E","R","BOSS","M","$","?","M","?","E","R","M","T","R","M","?","?","?","R","BOSS","M","$","?","M","?","E","R","M","T","R","M","E","?","E","R","BOSS","R","$","E","BOSS"],"build_version":"2019-01-23","purchased_purges":2,"victory":true,"max_hp_per_floor":[70,70,70,70,70,70,70,70,70,70,70,70,70,70,70,70,70,70,70,70,70,35,35,35,35,35,35,35,35,35,35,35,35,35,35,35,35,35,35,35,35,35,45,45,45,45,43,43,43,43,43,43,43,43,43],"card_choices":[{"not_picked":["Bane","Acrobatics"],"picked":"Cloak And Dagger","floor":1},{"not_picked":["Dagger Spray","Underhanded Strike"],"picked":"Noxious Fumes","floor":4},{"not_picked":["Underhanded Strike","Blade Dance"],"picked":"Blur","floor":5},{"not_picked":["Underhanded Strike","All Out Attack"],"picked":"Flying Knee","floor":6},{"not_picked":["Masterful Stab","Terror"],"picked":"Noxious Fumes","floor":7},{"not_picked":["Deflect","Blur"],"picked":"PiercingWail","floor":7},{"not_picked":["Dagger Throw","Backflip"],"picked":"Corpse Explosion","floor":10},{"not_picked":["All Out Attack","Footwork"],"picked":"Poisoned Stab","floor":10},{"not_picked":["Flechettes","Dagger Spray"],"picked":"Sucker Punch","floor":11},{"not_picked":["Dagger Throw","Sucker Punch"],"picked":"Backflip","floor":11},{"not_picked":["Cloak And Dagger","Escape Plan"],"picked":"Footwork","floor":14},{"not_picked":["Storm of Steel","Tools of the Trade"],"picked":"Night Terror","floor":16},{"not_picked":["Bane","Flying Knee+1","Sucker Punch"],"picked":"SKIP","floor":18},{"not_picked":["Infinite Blades","Blade Dance","Riddle With Holes"],"picked":"SKIP","floor":18},{"not_picked":["Outmaneuver","Tactician"],"picked":"Deadly Poison","floor":21},{"not_picked":["Masterful Stab","Outmaneuver","Flying Knee"],"picked":"SKIP","floor":21},{"not_picked":["Malaise","Calculated Gamble"],"picked":"PiercingWail","floor":23},{"not_picked":["Footwork","Underhanded Strike+1"],"picked":"Caltrops","floor":25},{"not_picked":["Reflex","Dagger Throw"],"picked":"Bouncing Flask","floor":25},{"not_picked":["Dodge and Roll","Sucker Punch"],"picked":"Acrobatics","floor":28},{"not_picked":["Finisher","Expertise+1"],"picked":"Dodge and Roll","floor":28},{"not_picked":["A Thousand Cuts","Die Die Die"],"picked":"Wraith Form v2","floor":33},{"not_picked":["Cloak And Dagger","Reflex+1"],"picked":"Poisoned Stab","floor":35},{"not_picked":["Bane+1","Cloak And Dagger+1","Infinite Blades"],"picked":"SKIP","floor":35},{"not_picked":["Dagger Throw","Skewer+1"],"picked":"PiercingWail+1","floor":37},{"not_picked":["Prepared","Poisoned Stab"],"picked":"Distraction+1","floor":38},{"not_picked":["Endless Agony+1","Cloak And Dagger+1","Prepared+1"],"picked":"SKIP","floor":38},{"not_picked":["Enlightenment","Blind"],"picked":"Panacea","floor":39},{"not_picked":["Quick Slash","Backflip+1","Doppelganger"],"picked":"SKIP","floor":40},{"not_picked":["Cloak And Dagger+1","Blade Dance+1"],"picked":"Bouncing Flask","floor":42},{"not_picked":["Deflect+1","Slice","Flechettes+1"],"picked":"SKIP","floor":42},{"not_picked":["Quick Slash+1","Blade Dance"],"picked":"Crippling Poison+1","floor":45},{"not_picked":["Dagger Throw","Blade Dance","Dagger Spray+1"],"picked":"SKIP","floor":45},{"not_picked":["Choke","PiercingWail+1"],"picked":"After Image","floor":46},{"not_picked":["Riddle With Holes+1","Outmaneuver+1","Acrobatics"],"picked":"SKIP","floor":48},{"not_picked":["Finisher","Backstab+1","Backflip+1"],"picked":"SKIP","floor":54}],"player_experience":67772,"relics_obtained":[{"floor":6,"key":"Prayer Wheel"},{"floor":9,"key":"Paper Crane"},{"floor":12,"key":"Ornamental Fan"},{"floor":14,"key":"Sundial"},{"floor":23,"key":"Bronze Scales"},{"floor":26,"key":"Matryoshka"},{"floor":37,"key":"Calipers"},{"floor":40,"key":"Peace Pipe"},{"floor":43,"key":"Pear"},{"floor":46,"key":"Smiling Mask"},{"floor":48,"key":"Whetstone"},{"floor":54,"key":"Du-Vu Doll"}],"event_choices":[{"damage_healed":0,"gold_gain":0,"player_choice":"Leave","damage_taken":0,"max_hp_gain":0,"max_hp_loss":0,"event_name":"The Cleric","floor":2,"gold_loss":0},{"damage_healed":0,"gold_gain":0,"player_choice":"Bought 0 Potions","damage_taken":0,"max_hp_gain":0,"max_hp_loss":0,"event_name":"The Woman in Blue","floor":3,"gold_loss":0},{"cards_removed":["Strike_G"],"damage_healed":0,"gold_gain":0,"player_choice":"Gave Gold","damage_taken":0,"max_hp_gain":0,"max_hp_loss":0,"event_name":"Beggar","floor":20,"gold_loss":75},{"damage_healed":0,"gold_gain":0,"player_choice":"Became a Ghost","damage_taken":0,"max_hp_gain":0,"max_hp_loss":35,"event_name":"Ghosts","floor":22,"gold_loss":0,"cards_obtained":["Ghostly","Ghostly","Ghostly","Ghostly","Ghostly"]},{"damage_healed":0,"gold_gain":99,"player_choice":"Stole From Cult","damage_taken":0,"max_hp_gain":0,"max_hp_loss":0,"event_name":"Nest","floor":29,"gold_loss":0},{"damage_healed":0,"gold_gain":0,"player_choice":"Read","damage_taken":0,"max_hp_gain":0,"max_hp_loss":0,"event_name":"The Library","floor":31,"gold_loss":0,"cards_obtained":["Leg Sweep"]},{"damage_healed":0,"gold_gain":0,"player_choice":"Fight","damage_taken":0,"max_hp_gain":0,"max_hp_loss":0,"event_name":"Mysterious Sphere","floor":37,"gold_loss":0},{"damage_healed":0,"gold_gain":0,"player_choice":"Memory 1","damage_taken":0,"max_hp_gain":0,"max_hp_loss":0,"event_name":"SensoryStone","floor":39,"gold_loss":0},{"damage_healed":0,"gold_gain":0,"player_choice":"Max HP","damage_taken":0,"max_hp_gain":0,"max_hp_loss":2,"event_name":"Winding Halls","floor":47,"gold_loss":0}],"is_beta":false,"boss_relics":[{"not_picked":["Busted Crown","Ectoplasm"],"picked":"Sozu"},{"not_picked":["Tiny House","Philosopher\u0027s Stone"],"picked":"Runic Pyramid"}],"items_purged_floors":[19,53],"is_endless":false,"potions_floor_spawned":[5,7,11,25,28,37,42,45,48],"ascension_level":1}