{"gold_per_floor":[116,116,116,116,128,128,128,128,128,139,139,158,172,104,104,204,204,221,161,171,271,271,271,271,287,312,325,17,27,27,27,27,27],"floor_reached":33,"playtime":1316,"items_purged":[],"score":260,"play_id":"0820a182-6f9f-4c46-a15b-2850b003d788","local_time":"20190529122154","is_ascension_mode":false,"campfire_choices":[{"data":"Dualcast","floor":6,"key":"SMITH"},{"data":"Zap","floor":8,"key":"SMITH"},{"floor":15,"key":"REST"},{"floor":23,"key":"REST"},{"floor":24,"key":"REST"},{"floor":30,"key":"REST"},{"data":"Redo","floor":32,"key":"SMITH"}],"neow_cost":"NONE","seed_source_timestamp":89169926438125,"circlet_count":0,"master_deck":["Strike_B","Defend_B","Defend_B","Defend_B","Defend_B","Zap+1","Dualcast+1","Cold Snap","Turbo","Redo+1","White Noise","Conserve Battery","Defragment","Electrodynamics","Cold Snap+1","Writhe","Decay","Conserve Battery","Rebound","Coolheaded","Hologram"],"relics":["Cracked Core","Mummified Hand","Nunchaku","Darkstone Periapt","WarpedTongs","Sozu","WingedGreaves","Bottled Lightning","Bronze Scales","Ice Cream"],"potions_floor_usage":[16,18],"damage_taken":[{"damage":1,"enemies":"Jaw Worm","floor":1,"turns":3},{"damage":2,"enemies":"2 Louse","floor":5,"turns":2},{"damage":4,"enemies":"Small Slimes","floor":10,"turns":4},{"damage":6,"enemies":"Looter","floor":12,"turns":3},{"damage":18,"enemies":"Lots of Slimes","floor":13,"turns":5},{"damage":24,"enemies":"The Guardian","floor":16,"turns":12},{"damage":30,"enemies":"2 Thieves","floor":18,"turns":4},{"damage":8,"enemies":"Chosen","floor":20,"turns":5},{"damage":24,"enemies":"Colosseum Slavers","floor":21,"turns":4},{"damage":22,"enemies":"Colosseum Nobs","floor":21,"turns":4},{"damage":7,"enemies":"Snake Plant","floor":25,"turns":3},{"damage":22,"enemies":"Shelled Parasite and Fungi","floor":27,"turns":6},{"damage":0,"enemies":"Snecko","floor":29,"turns":5},{"damage":75,"enemies":"Collector","floor":33,"turns":11}],"seed_played":"8072070680783726721","potions_obtained":[{"floor":5,"key":"Poison Potion"},{"floor":12,"key":"Energy Potion"},{"floor":16,"key":"Swift Potion"}],"is_trial":false,"path_per_floor":["M","?","?","?","M","R","$","R","T","M","?","M","M","$","R","B",null,"M","?","M","?","?","R","R","M","T","M","$","M","R","$","R","B"],"character_chosen":"DEFECT","items_purchased":["Defragment","Ice Cream"],"campfire_rested":4,"item_purchase_floors":[14,28],"current_hp_per_floor":[74,67,67,49,47,47,47,47,47,43,49,43,25,25,49,25,81,51,63,55,9,9,36,63,56,56,34,34,34,61,61,61,0],"gold":27,"neow_bonus":"REMOVE_CARD","is_prod":false,"is_daily":false,"chose_seed":false,"campfire_upgraded":3,"win_rate":0.0,"timestamp":1559150514,"path_taken":["M","?","?","?","M","R","$","R","T","M","?","M","?","$","R","BOSS","M","?","?","?","?","R","R","M","T","M","$","?","R","$","R","BOSS"],"build_version":"2019-01-23","purchased_purges":0,"victory":false,"max_hp_per_floor":[75,75,75,75,75,75,75,75,75,75,81,81,81,81,81,81,81,81,93,93,93,93,93,93,93,93,93,93,93,93,93,93,93],"card_choices":[{"not_picked":["Go for the Eyes","Turbo"],"picked":"Cold Snap","floor":1},{"not_picked":["Melter","Skim"],"picked":"Turbo","floor":5},{"not_picked":["Darkness","Chill"],"picked":"Redo","floor":10},{"not_picked":["Ball Lightning","Hologram"],"picked":"White Noise","floor":12},{"not_picked":["Leap","Go for the Eyes"],"picked":"Conserve Battery","floor":13},{"not_picked":["Thunder Strike","Biased Cognition"],"picked":"Electrodynamics","floor":16},{"not_picked":["Auto Shields","Beam Cell"],"picked":"Cold Snap+1","floor":18},{"not_picked":["Barrage","Cold Snap","Stack"],"picked":"SKIP","floor":20},{"not_picked":["Redo","Compile Driver"],"picked":"Conserve Battery","floor":21},{"not_picked":["Reinforced Body","Meteor Strike"],"picked":"Rebound","floor":25},{"not_picked":["Rebound","Conserve Battery"],"picked":"Coolheaded","floor":27},{"not_picked":["Beam Cell","Undo"],"picked":"Hologram","floor":29}],"player_experience":10167,"relics_obtained":[{"floor":9,"key":"Darkstone Periapt"},{"floor":21,"key":"WingedGreaves"},{"floor":21,"key":"Bottled Lightning"},{"floor":26,"key":"Bronze Scales"}],"event_choices":[{"cards_removed":["Strike_B"],"damage_healed":0,"gold_gain":0,"player_choice":"Card Removal","damage_taken":7,"max_hp_gain":0,"max_hp_loss":0,"event_name":"Golden Wing","floor":2,"gold_loss":0},{"damage_healed":0,"gold_gain":0,"player_choice":"Box","damage_taken":0,"relics_obtained":["Mummified Hand"],"max_hp_gain":0,"max_hp_loss":0,"event_name":"Big Fish","floor":3,"gold_loss":0,"cards_obtained":["Regret"]},{"damage_healed":0,"gold_gain":0,"player_choice":"Success","damage_taken":18,"relics_obtained":["Nunchaku"],"max_hp_gain":0,"max_hp_loss":0,"event_name":"Scrap Ooze","floor":4,"gold_loss":0},{"damage_healed":0,"gold_gain":0,"player_choice":"Rummage","damage_taken":0,"relics_obtained":["WarpedTongs"],"max_hp_gain":0,"max_hp_loss":0,"event_name":"Accursed Blacksmith","floor":11,"gold_loss":0,"cards_obtained":["Pain"]},{"damage_healed":0,"gold_gain":0,"cards_transformed":["Pain","Regret"],"player_choice":"Transformed Cards","damage_taken":0,"max_hp_gain":0,"max_hp_loss":0,"event_name":"Designer","floor":19,"gold_loss":60,"cards_obtained":["Writhe","Decay"]},{"damage_healed":0,"gold_gain":0,"player_choice":"Fight","damage_taken":0,"max_hp_gain":0,"max_hp_loss":0,"event_name":"Colosseum","floor":21,"gold_loss":0},{"damage_healed":0,"gold_gain":0,"player_choice":"Fought Nobs","damage_taken":0,"max_hp_gain":0,"max_hp_loss":0,"event_name":"Colosseum","floor":21,"gold_loss":0},{"cards_removed":["Strike_B"],"damage_healed":0,"gold_gain":0,"player_choice":"Purged","damage_taken":0,"max_hp_gain":0,"max_hp_loss":0,"event_name":"Purifier","floor":22,"gold_loss":0}],"is_beta":false,"boss_relics":[{"not_picked":["Nuclear Battery","Black Star"],"picked":"Sozu"}],"items_purged_floors":[],"is_endless":false,"potions_floor_spawned":[5,12,16,18,20,25,27,29],"killed_by":"Collector","ascension_level":0}