{"gold_per_floor":[111,111,33,33,43,68,68,98,125,125,152,152,152,177,177,278,278,298,323,297,307,307,307],"floor_reached":23,"playtime":1185,"items_purged":[],"score":266,"play_id":"cdd5777f-1c2d-4078-8f32-4b869a6df5f1","local_time":"20190612113426","is_ascension_mode":true,"campfire_choices":[{"floor":7,"key":"REST"},{"floor":10,"key":"REST"},{"floor":12,"key":"REST"},{"floor":15,"key":"REST"}],"neow_cost":"NONE","seed_source_timestamp":63668989234159,"circlet_count":0,"master_deck":["Zap","Dualcast","Cold Snap","Loop","Turbo","Capacitor","Amplify","Force Field","Defragment","Force Field","Storm","Beam Cell","Aggregate","Compile Driver","Coolheaded+1","Redo","Capacitor"],"relics":["Cracked Core","DataDisk","Juzu Bracelet","Boot","Strawberry","GremlinMask","Blue Candle","Pandora\u0027s Box","Red Mask"],"potions_floor_usage":[6,18,19,19,23],"damage_taken":[{"damage":7,"enemies":"Small Slimes","floor":1,"turns":3},{"damage":0,"enemies":"Jaw Worm","floor":5,"turns":3},{"damage":27,"enemies":"3 Sentries","floor":6,"turns":10},{"damage":21,"enemies":"Lagavulin","floor":8,"turns":6},{"damage":25,"enemies":"3 Sentries","floor":11,"turns":7},{"damage":19,"enemies":"Gremlin Nob","floor":14,"turns":4},{"damage":22,"enemies":"Hexaghost","floor":16,"turns":13},{"damage":18,"enemies":"Shell Parasite","floor":18,"turns":4},{"damage":27,"enemies":"Masked Bandits","floor":19,"turns":3},{"damage":8,"enemies":"3 Byrds","floor":21,"turns":5},{"damage":22,"enemies":"Gremlin Leader","floor":23,"turns":4}],"seed_played":"2576458089590735154","potions_obtained":[{"floor":5,"key":"Energy Potion"},{"floor":11,"key":"Fire Potion"},{"floor":14,"key":"Poison Potion"},{"floor":16,"key":"Swift Potion"},{"floor":21,"key":"Fire Potion"}],"is_trial":false,"path_per_floor":["M","?","$","?","M","E","R","E","T","R","E","R","?","E","R","B",null,"M","?","$","M","?","E"],"character_chosen":"DEFECT","items_purchased":["Loop","Redo"],"campfire_rested":4,"item_purchase_floors":[3,20],"current_hp_per_floor":[68,61,61,46,46,19,41,20,20,42,24,48,48,29,53,31,69,51,24,24,16,16,0],"gold":307,"neow_bonus":"THREE_CARDS","is_prod":false,"is_daily":false,"chose_seed":false,"campfire_upgraded":0,"win_rate":0,"timestamp":1560357266,"path_taken":["M","?","$","?","M","E","R","E","T","R","E","R","?","E","R","BOSS","M","?","$","M","?","E"],"build_version":"2019-01-23","purchased_purges":0,"victory":false,"max_hp_per_floor":[75,75,75,75,75,75,75,75,75,75,82,82,82,82,82,82,82,82,82,82,82,82,82],"card_choices":[{"not_picked":["Compile Driver","Streamline"],"picked":"Cold Snap","floor":0},{"not_picked":["Cold Snap","Doom and Gloom","Rebound"],"picked":"SKIP","floor":1},{"not_picked":["Rebound","Sweeping Beam","Chill"],"picked":"SKIP","floor":5},{"not_picked":["Barrage","Beam Cell","Self Repair"],"picked":"SKIP","floor":6},{"not_picked":["Lockon","Core Surge","Stack"],"picked":"SKIP","floor":8},{"not_picked":["Cold Snap","Go for the Eyes"],"picked":"Turbo","floor":11},{"not_picked":["Sweeping Beam","Gash"],"picked":"Capacitor","floor":14},{"not_picked":["Thunder Strike","All For One"],"picked":"Amplify","floor":16},{"not_picked":["Leap","Ball Lightning","Steam Power+1"],"picked":"SKIP","floor":18},{"not_picked":["Streamline","FTL"],"picked":"Coolheaded+1","floor":19},{"not_picked":["Redo","Lockon"],"picked":"Capacitor","floor":21}],"player_experience":239834,"relics_obtained":[{"floor":6,"key":"DataDisk"},{"floor":8,"key":"Juzu Bracelet"},{"floor":9,"key":"Boot"},{"floor":11,"key":"Strawberry"},{"floor":14,"key":"Blue Candle"},{"floor":19,"key":"Red Mask"}],"event_choices":[{"cards_removed":["Strike_B"],"damage_healed":0,"gold_gain":0,"player_choice":"Card Removal","damage_taken":7,"max_hp_gain":0,"max_hp_loss":0,"event_name":"Golden Wing","floor":2,"gold_loss":0},{"damage_healed":0,"gold_gain":0,"player_choice":"Entered Light","damage_taken":15,"max_hp_gain":0,"max_hp_loss":0,"event_name":"Shining Light","floor":4,"gold_loss":0,"cards_upgraded":["Strike_B","Defend_B"]},{"damage_healed":0,"gold_gain":0,"player_choice":"Trade","damage_taken":0,"relics_obtained":["GremlinMask"],"max_hp_gain":0,"max_hp_loss":0,"event_name":"FaceTrader","floor":13,"gold_loss":0},{"damage_healed":0,"gold_gain":0,"player_choice":"Fought Bandits","damage_taken":0,"max_hp_gain":0,"max_hp_loss":0,"event_name":"Masked Bandits","floor":19,"gold_loss":0},{"damage_healed":0,"gold_gain":0,"player_choice":"Ignored","damage_taken":0,"max_hp_gain":0,"max_hp_loss":0,"event_name":"Cursed Tome","floor":22,"gold_loss":0}],"is_beta":false,"boss_relics":[{"not_picked":["Astrolabe","Coffee Dripper"],"picked":"Pandora\u0027s Box"}],"items_purged_floors":[],"is_endless":false,"potions_floor_spawned":[5,11,14,16,21],"killed_by":"Gremlin Leader","ascension_level":5}