{"gold_per_floor":[115,131,101,117,132,164,183,213,213,213,213,290,290,6,6,109,109,121,121,121,46,46,80,100,128,174,193,227,30,49,65,65,160,160,171,11,0,15,15,47,47,62,114,133,163,163,182,194,194,194],"floor_reached":51,"playtime":4240,"items_purged":["Pain"],"score":990,"play_id":"9a714e12-c27c-4c6c-9658-26f8b864cf63","local_time":"20190623002813","is_ascension_mode":true,"campfire_choices":[{"floor":15.0,"key":"DIG"},{"floor":32.0,"key":"REST"},{"data":"1","floor":41.0,"key":"LIFT"},{"data":"2","floor":46,"key":"LIFT"},{"floor":49,"key":"REST"}],"neow_cost":"PERCENT_DAMAGE","seed_source_timestamp":0,"circlet_count":0,"master_deck":["Defend_G","Defend_G","Defend_G","Defend_G","Defend_G","Strike_G","Strike_G","Strike_G","Survivor","Neutralize","After Image","Poisoned Stab","Prepared","Glass Knife","All Out Attack","Poisoned Stab","Infinite Blades","Bouncing Flask+1","Cloak And Dagger+1","PiercingWail","Venomology","Deflect","Adrenaline","PiercingWail+1","Dash+1","Calculated Gamble+1","Blade Dance+1","Wraith Form v2","Cloak And Dagger","Adrenaline","Doubt","Injury","Deadly Poison+1","Footwork+1","Catalyst","Dodge and Roll+1","Parasite","Backstab","After Image","Backstab+1","Outmaneuver+1","Crippling Poison+1","Setup+1"],"special_seed":0,"relics":["Ring of the Serpent","Lantern","Bag of Preparation","Shovel","Pear","FossilizedHelix","Prayer Wheel","Shuriken","Letter Opener","Bronze Scales","Regal Pillow","Sling","Calling Bell","Potion Belt","Ninja Scroll","Girya","Red Mask","Strawberry","War Paint","StoneCalendar"],"potions_floor_usage":[45,45,47,47,47,50,50],"damage_taken":[{"damage":0.0,"enemies":"Small Slimes","floor":1.0,"turns":3.0},{"damage":0.0,"enemies":"Cultist","floor":2.0,"turns":4.0},{"damage":0.0,"enemies":"2 Louse","floor":4.0,"turns":2.0},{"damage":8.0,"enemies":"Large Slime","floor":5.0,"turns":8.0},{"damage":22.0,"enemies":"3 Sentries","floor":6.0,"turns":7.0},{"damage":4.0,"enemies":"Exordium Wildlife","floor":7.0,"turns":5.0},{"damage":12.0,"enemies":"Lagavulin","floor":8.0,"turns":3.0},{"damage":16.0,"enemies":"The Guardian","floor":16.0,"turns":9.0},{"damage":7.0,"enemies":"Spheric Guardian","floor":18.0,"turns":6.0},{"damage":40.0,"enemies":"Slavers","floor":23.0,"turns":8.0},{"damage":0.0,"enemies":"Chosen","floor":24.0,"turns":4.0},{"damage":0.0,"enemies":"Gremlin Leader","floor":25.0,"turns":7.0},{"damage":0.0,"enemies":"Snecko","floor":27.0,"turns":4.0},{"damage":17.0,"enemies":"Slavers","floor":28.0,"turns":4.0},{"damage":0.0,"enemies":"Chosen and Byrds","floor":30.0,"turns":5.0},{"damage":0.0,"enemies":"Cultist and Chosen","floor":31.0,"turns":6.0},{"damage":15.0,"enemies":"Champ","floor":33.0,"turns":10.0},{"damage":19.0,"enemies":"3 Darklings","floor":35.0,"turns":5.0},{"damage":0.0,"enemies":"Orb Walker","floor":38.0,"turns":2.0},{"damage":20.0,"enemies":"Nemesis","floor":40.0,"turns":7.0},{"damage":0.0,"enemies":"Writhing Mass","floor":42.0,"turns":5.0},{"damage":15.0,"enemies":"Sphere and 2 Shapes","floor":44.0,"turns":5.0},{"damage":1,"enemies":"Reptomancer","floor":45,"turns":5},{"damage":0,"enemies":"Transient","floor":47,"turns":5},{"damage":0,"enemies":"Jaw Worm Horde","floor":48,"turns":4},{"damage":48,"enemies":"Time Eater","floor":50,"turns":11}],"seed_played":"519878178370652611","potions_obtained":[{"floor":2.0,"key":"GamblersBrew"},{"floor":3.0,"key":"Fruit Juice"},{"floor":3.0,"key":"Weak Potion"},{"floor":6.0,"key":"Energy Potion"},{"floor":7.0,"key":"FearPotion"},{"floor":8.0,"key":"PowerPotion"},{"floor":18.0,"key":"FearPotion"},{"floor":23.0,"key":"Strength Potion"},{"floor":27.0,"key":"Poison Potion"},{"floor":31.0,"key":"Fire Potion"},{"floor":33.0,"key":"FearPotion"},{"floor":35.0,"key":"PowerPotion"},{"floor":40.0,"key":"Weak Potion"},{"floor":48,"key":"GhostInAJar"}],"is_trial":false,"path_per_floor":["M","M","?","M","M","E","M","E","T","?","?","?","T","$","R","B",null,"M","?","?","?","?","E","M","E","T","M","E","$","M","M","R","B",null,"M","$","?","M","?","E","R","M","T","M","E","R","M","M","R","B",null],"character_chosen":"THE_SILENT","items_purchased":["Pear","PiercingWail","Sling","Catalyst","Energy Potion"],"campfire_rested":2,"item_purchase_floors":[14,14,29,36,36],"current_hp_per_floor":[49,49,54,54,46,24,20,8,8,8,8,8,8,18,18,2,64,57,41,41,41,71,31,31,31,31,31,14,14,14,14,56,41,78,59,59,59,59,59,46,46,46,46,31,30,30,30,30,74,26],"gold":194,"neow_bonus":"THREE_RARE_CARDS","is_prod":false,"is_daily":false,"chose_seed":false,"campfire_upgraded":0,"win_rate":0,"timestamp":1561264093,"path_taken":["M","M","?","M","M","E","?","E","T","?","?","?","?","?","R","BOSS","M","?","?","?","?","E","M","E","T","M","E","$","M","M","R","BOSS","M","$","?","M","?","E","R","M","T","M","E","R","?","M","R","BOSS"],"build_version":"2019-01-23","purchased_purges":1,"victory":true,"max_hp_per_floor":[70,70,75,75,75,75,75,75,75,75,75,75,75,85,85,85,85,85,90,90,90,90,90,90,90,90,90,90,90,90,90,90,90,90,90,90,90,90,90,97,97,97,97,97,97,97,97,97,97,97],"card_choices":[{"not_picked":["Tools of the Trade","Venomology"],"picked":"After Image","floor":0.0},{"not_picked":["Cloak And Dagger","Quick Slash"],"picked":"Poisoned Stab","floor":1.0},{"not_picked":["Flying Knee","Cloak And Dagger"],"picked":"Prepared","floor":2.0},{"not_picked":["Reflex","Heel Hook"],"picked":"Glass Knife","floor":4.0},{"not_picked":["Prepared","Poisoned Stab"],"picked":"All Out Attack","floor":5.0},{"not_picked":["Tactician","Slice"],"picked":"Poisoned Stab","floor":6.0},{"not_picked":["Dagger Spray","Blade Dance"],"picked":"Infinite Blades","floor":7.0},{"not_picked":["Dagger Throw","Masterful Stab"],"picked":"Bouncing Flask","floor":8.0},{"not_picked":["Storm of Steel","Grand Finale"],"picked":"Venomology","floor":16.0},{"not_picked":["Blade Dance","Quick Slash"],"picked":"Deflect","floor":18.0},{"not_picked":["Choke","Leg Sweep"],"picked":"Adrenaline","floor":23.0},{"not_picked":["Prepared","Deflect"],"picked":"PiercingWail+1","floor":24.0},{"not_picked":["Deadly Poison","Acrobatics","Flying Knee"],"picked":"SKIP","floor":24.0},{"not_picked":["Dagger Throw","All Out Attack"],"picked":"Dash+1","floor":25.0},{"not_picked":["PiercingWail","Skewer"],"picked":"Calculated Gamble+1","floor":27.0},{"not_picked":["Bouncing Flask","Bane","Prepared"],"picked":"SKIP","floor":27.0},{"not_picked":["Outmaneuver","All Out Attack+1"],"picked":"Blade Dance+1","floor":28.0},{"not_picked":["Quick Slash","Flying Knee"],"picked":"Wraith Form v2","floor":30.0},{"not_picked":["Backflip","Bane","Deadly Poison"],"picked":"SKIP","floor":30.0},{"not_picked":["Prepared","All Out Attack+1"],"picked":"Cloak And Dagger","floor":31.0},{"not_picked":["Calculated Gamble","Predator","All Out Attack+1"],"picked":"SKIP","floor":31.0},{"not_picked":["Corpse Explosion","Doppelganger"],"picked":"Adrenaline","floor":33.0},{"not_picked":["Dagger Throw","Flying Knee+1"],"picked":"Deadly Poison+1","floor":35.0},{"not_picked":["Escape Plan","Outmaneuver+1","Footwork+1"],"picked":"SKIP","floor":35.0},{"not_picked":["Escape Plan","Outmaneuver+1"],"picked":"Footwork+1","floor":35.0},{"not_picked":["Bouncing Flask","Doppelganger"],"picked":"Dodge and Roll+1","floor":38.0},{"not_picked":["Slice","Heel Hook","Riddle With Holes+1"],"picked":"SKIP","floor":38.0},{"not_picked":["Dagger Throw+1","Reflex+1","Skewer"],"picked":"SKIP","floor":40.0},{"not_picked":["Bane+1","PiercingWail"],"picked":"Backstab","floor":42.0},{"not_picked":["Riddle With Holes","PiercingWail","Acrobatics+1"],"picked":"SKIP","floor":42.0},{"not_picked":["Outmaneuver+1","Flechettes+1"],"picked":"After Image","floor":44.0},{"not_picked":["Backflip","Deadly Poison","Bane+1"],"picked":"SKIP","floor":44.0},{"not_picked":["Bane+1","Glass Knife"],"picked":"Backstab+1","floor":45},{"not_picked":["Underhanded Strike","Eviscerate"],"picked":"Outmaneuver+1","floor":47},{"not_picked":["Calculated Gamble","Dagger Throw+1","Catalyst+1"],"picked":"SKIP","floor":47},{"not_picked":["PiercingWail+1","Underhanded Strike+1"],"picked":"Crippling Poison+1","floor":48},{"not_picked":["Cloak And Dagger+1","Noxious Fumes"],"picked":"Setup+1","floor":48}],"player_experience":332565,"relics_obtained":[{"floor":6.0,"key":"Lantern"},{"floor":8.0,"key":"Bag of Preparation"},{"floor":9.0,"key":"Shovel"},{"floor":15.0,"key":"FossilizedHelix"},{"floor":23.0,"key":"Shuriken"},{"floor":25.0,"key":"Letter Opener"},{"floor":26.0,"key":"Bronze Scales"},{"floor":28.0,"key":"Regal Pillow"},{"floor":34.0,"key":"Potion Belt"},{"floor":34.0,"key":"Ninja Scroll"},{"floor":34.0,"key":"Girya"},{"floor":40.0,"key":"Strawberry"},{"floor":43.0,"key":"War Paint"},{"floor":45,"key":"StoneCalendar"}],"event_choices":[{"damage_healed":0.0,"max_hp_gain":0.0,"max_hp_loss":0.0,"gold_gain":0.0,"event_name":"The Woman in Blue","player_choice":"Bought 2 Potions","floor":3.0,"gold_loss":0.0,"damage_taken":0.0},{"damage_healed":0.0,"max_hp_gain":0.0,"max_hp_loss":0.0,"gold_gain":0.0,"cards_transformed":["Strike_G"],"event_name":"Living Wall","player_choice":"Change","floor":10.0,"gold_loss":0.0,"damage_taken":0.0,"cards_obtained":["Cloak And Dagger"]},{"damage_healed":0.0,"max_hp_gain":0.0,"max_hp_loss":0.0,"gold_gain":0.0,"event_name":"Scrap Ooze","player_choice":"Fled","floor":11.0,"gold_loss":0.0,"damage_taken":0.0},{"damage_healed":0.0,"max_hp_gain":0.0,"max_hp_loss":0.0,"gold_gain":77.0,"event_name":"Golden Wing","player_choice":"Gained Gold","floor":12.0,"gold_loss":0.0,"damage_taken":0.0},{"damage_healed":0.0,"max_hp_gain":5.0,"max_hp_loss":0.0,"gold_gain":0.0,"event_name":"Forgotten Altar","player_choice":"Shed Blood","floor":19.0,"gold_loss":0.0,"damage_taken":21.0},{"damage_healed":0.0,"max_hp_gain":0.0,"max_hp_loss":0.0,"gold_gain":0.0,"event_name":"The Mausoleum","player_choice":"Opened","floor":20.0,"gold_loss":0.0,"damage_taken":0.0,"relics_obtained":["Prayer Wheel"]},{"cards_removed":["Strike_G"],"damage_healed":0.0,"max_hp_gain":0.0,"max_hp_loss":0.0,"gold_gain":0.0,"event_name":"Beggar","player_choice":"Gave Gold","floor":21.0,"gold_loss":75.0,"damage_taken":0.0},{"damage_healed":30.0,"max_hp_gain":0.0,"max_hp_loss":0.0,"gold_gain":0.0,"event_name":"The Library","player_choice":"Heal","floor":22.0,"gold_loss":0.0,"damage_taken":0.0},{"damage_healed":0.0,"max_hp_gain":0.0,"max_hp_loss":0.0,"gold_gain":0.0,"event_name":"Tomb of Lord Red Mask","player_choice":"Paid","floor":37.0,"gold_loss":11.0,"damage_taken":0.0,"relics_obtained":["Red Mask"]},{"damage_healed":0.0,"max_hp_gain":0.0,"max_hp_loss":0.0,"gold_gain":0.0,"event_name":"SecretPortal","player_choice":"Ignored","floor":39.0,"gold_loss":0.0,"damage_taken":0.0}],"is_beta":false,"boss_relics":[{"not_picked":["Tiny House","Cursed Key"],"picked":"Ring of the Serpent"},{"not_picked":["Astrolabe","Pandora\u0027s Box"],"picked":"Calling Bell"}],"items_purged_floors":[36],"is_endless":false,"potions_floor_spawned":[2,6,7,8,18,23,27,31,33,35,40,48],"ascension_level":5}