{"gold_per_floor":[114,124,13,188,150,150,225,225,273,273,106,125,80,119,119,248,248,188,211,230,230,36,36,36],"floor_reached":24,"playtime":1148,"items_purged":["Defend_G","Doubt","Regret"],"score":219,"play_id":"0a41e4e7-f5f1-4687-ae70-23ea4410d52a","local_time":"20190619170740","is_ascension_mode":true,"campfire_choices":[{"data":"Footwork","floor":6,"key":"SMITH"},{"data":"Caltrops","floor":8,"key":"SMITH"},{"data":"Caltrops","floor":15,"key":"SMITH"},{"floor":23,"key":"REST"}],"neow_cost":"NONE","seed_source_timestamp":6330350756444,"circlet_count":0,"master_deck":["Defend_G","Defend_G","Defend_G","Defend_G","Strike_G","Strike_G","Strike_G","Strike_G","Strike_G","Survivor","Neutralize","Trip","Acrobatics","Footwork+1","Caltrops+1","Caltrops+1","Injury","Noxious Fumes","Blur","Well Laid Plans","Bullet Time","Injury","Clumsy","Prepared","Leg Sweep+1","PiercingWail"],"relics":["Ring of the Snake","Dream Catcher","Bloody Idol","Blood Vial","Calling Bell","Smiling Mask","Ornamental Fan","Bird Faced Urn","Oddly Smooth Stone"],"potions_floor_usage":[13,20,24],"damage_taken":[{"damage":0,"enemies":"Jaw Worm","floor":1,"turns":3},{"damage":0,"enemies":"Small Slimes","floor":2,"turns":3},{"damage":13,"enemies":"2 Louse","floor":12,"turns":3},{"damage":0,"enemies":"Looter","floor":13,"turns":5},{"damage":7,"enemies":"Lagavulin","floor":14,"turns":7},{"damage":4,"enemies":"Slime Boss","floor":16,"turns":13},{"damage":26,"enemies":"2 Thieves","floor":18,"turns":4},{"damage":21,"enemies":"Chosen","floor":19,"turns":8},{"damage":29,"enemies":"Centurion and Healer","floor":20,"turns":8},{"damage":61,"enemies":"Slavers","floor":24,"turns":6}],"seed_played":"-77986717101216151","potions_obtained":[{"floor":12,"key":"SkillPotion"},{"floor":14,"key":"SneckoOil"},{"floor":19,"key":"PowerPotion"}],"is_trial":false,"path_per_floor":["M","M","$","?","$","R","?","R","T","?","$","M","M","E","R","B",null,"M","M","M","?","$","R","E"],"character_chosen":"THE_SILENT","items_purchased":["Caltrops","Caltrops","Noxious Fumes","Oddly Smooth Stone"],"campfire_rested":1,"item_purchase_floors":[3,5,11,22],"current_hp_per_floor":[70,70,70,70,70,70,59,59,59,59,59,46,46,39,39,37,70,54,45,30,30,30,51,0],"gold":36,"neow_bonus":"RANDOM_COLORLESS","is_prod":false,"is_daily":false,"chose_seed":false,"campfire_upgraded":3,"win_rate":0,"timestamp":1560982060,"path_taken":["M","M","$","?","$","R","?","R","T","?","?","?","M","E","R","BOSS","M","M","M","?","$","R","E"],"build_version":"2019-01-23","purchased_purges":3,"victory":false,"max_hp_per_floor":[70,70,70,70,70,70,70,70,70,70,70,70,70,70,70,70,70,70,70,70,70,70,70,70],"card_choices":[{"not_picked":["Calculated Gamble","Accuracy"],"picked":"Acrobatics","floor":1},{"not_picked":["Setup","Bane"],"picked":"Footwork","floor":2},{"not_picked":["Accuracy","Dagger Spray"],"picked":"Blur","floor":12},{"not_picked":["Catalyst","Underhanded Strike","Blade Dance"],"picked":"SKIP","floor":13},{"not_picked":["Setup","Cloak And Dagger"],"picked":"Well Laid Plans","floor":14},{"not_picked":["Phantasmal Killer","Doppelganger"],"picked":"Bullet Time","floor":16},{"not_picked":["Bane+1","Heel Hook"],"picked":"Prepared","floor":18},{"not_picked":["Sucker Punch","Riddle With Holes+1"],"picked":"Leg Sweep+1","floor":19},{"not_picked":["Expertise+1","Acrobatics","Poisoned Stab"],"picked":"SKIP","floor":20},{"not_picked":["Leg Sweep","Dodge and Roll+1"],"picked":"PiercingWail","floor":23}],"player_experience":271500,"relics_obtained":[{"floor":9,"key":"Dream Catcher"},{"floor":14,"key":"Blood Vial"},{"floor":17,"key":"Smiling Mask"},{"floor":17,"key":"Ornamental Fan"},{"floor":17,"key":"Bird Faced Urn"}],"event_choices":[{"damage_healed":0,"gold_gain":175,"player_choice":"AGREE","damage_taken":0,"max_hp_gain":0,"max_hp_loss":0,"event_name":"Liars Game","floor":4,"gold_loss":0,"cards_obtained":["Doubt"]},{"damage_healed":0,"gold_gain":75,"player_choice":"Gather Gold","damage_taken":11,"max_hp_gain":0,"max_hp_loss":0,"event_name":"World of Goop","floor":7,"gold_loss":0},{"damage_healed":0,"gold_gain":0,"player_choice":"Take Wound","damage_taken":0,"relics_obtained":["Golden Idol"],"max_hp_gain":0,"max_hp_loss":0,"event_name":"Golden Idol","floor":10,"gold_loss":0,"cards_obtained":["Injury"]},{"damage_healed":0,"gold_gain":0,"player_choice":"Gave Idol","damage_taken":0,"relics_obtained":["Bloody Idol"],"max_hp_gain":0,"max_hp_loss":0,"event_name":"Forgotten Altar","floor":21,"relics_lost":["Golden Idol"],"gold_loss":0}],"is_beta":false,"boss_relics":[{"not_picked":["HoveringKite","Lizard Tail"],"picked":"Calling Bell"}],"items_purged_floors":[3,11,22],"is_endless":false,"potions_floor_spawned":[12,14,19],"killed_by":"Slavers","ascension_level":3}