{"gold_per_floor":[110,110,124,134,209,243,270,246,271,271,304,304],"floor_reached":12,"playtime":315,"items_purged":[],"score":86,"play_id":"fdb5ee32-9e00-4c50-a0ba-8e51d6cefb7c","local_time":"20190309030517","is_ascension_mode":false,"campfire_choices":[{"floor":10,"key":"REST"}],"neow_cost":"NONE","seed_source_timestamp":518086238104580,"circlet_count":0,"master_deck":["Strike_B","Strike_B","Strike_B","Strike_B","Defend_B","Defend_B","Defend_B","Defend_B","Zap+1","Dualcast","Gash","Regret","Hologram","Gash","Defragment","Beam Cell","Hologram+1","Creative AI"],"relics":["Cracked Core","NeowsBlessing","Regal Pillow","Sundial","Odd Mushroom","War Paint","Molten Egg 2"],"potions_floor_usage":[],"damage_taken":[{"damage":0,"enemies":"Jaw Worm","floor":1,"turns":1},{"damage":0,"enemies":"2 Louse","floor":3,"turns":1},{"damage":0,"enemies":"Small Slimes","floor":4,"turns":1},{"damage":33,"enemies":"Gremlin Nob","floor":6,"turns":4},{"damage":17,"enemies":"The Mushroom Lair","floor":7,"turns":4},{"damage":18,"enemies":"Lagavulin","floor":11,"turns":5},{"damage":38,"enemies":"Exordium Thugs","floor":12,"turns":3}],"seed_played":"-3546159284359991159","potions_obtained":[{"floor":4,"key":"Regen Potion"},{"floor":6,"key":"Ancient Potion"},{"floor":11,"key":"EssenceOfSteel"}],"is_trial":false,"path_per_floor":["M","?","M","M","?","E","?","$","T","R","E","M"],"character_chosen":"DEFECT","items_purchased":["Hologram"],"campfire_rested":1,"item_purchase_floors":[8],"current_hp_per_floor":[75,75,75,75,64,31,14,14,14,51,33,0],"gold":304,"neow_bonus":"THREE_ENEMY_KILL","is_prod":false,"is_daily":false,"chose_seed":false,"campfire_upgraded":0,"win_rate":0.0,"timestamp":1552118717,"path_taken":["M","?","M","M","?","E","?","$","T","R","E","?"],"build_version":"2019-01-23","purchased_purges":0,"victory":false,"max_hp_per_floor":[75,75,75,75,75,75,75,75,75,75,75,75],"card_choices":[{"not_picked":["Chaos","Redo"],"picked":"Gash","floor":1},{"not_picked":["Redo","Streamline"],"picked":"Hologram","floor":3},{"not_picked":["Self Repair","Capacitor"],"picked":"Gash","floor":4},{"not_picked":["Stack","Conserve Battery"],"picked":"Defragment","floor":6},{"not_picked":["Rebound","Lockon"],"picked":"Beam Cell","floor":7},{"not_picked":["Hologram","Capacitor"],"picked":"Creative AI","floor":11}],"player_experience":26279,"relics_obtained":[{"floor":6,"key":"Sundial"},{"floor":7,"key":"Odd Mushroom"},{"floor":9,"key":"War Paint"},{"floor":11,"key":"Molten Egg 2"}],"event_choices":[{"damage_healed":0,"gold_gain":0,"player_choice":"Box","damage_taken":0,"relics_obtained":["Regal Pillow"],"max_hp_gain":0,"max_hp_loss":0,"event_name":"Big Fish","floor":2,"gold_loss":0,"cards_obtained":["Regret"]},{"damage_healed":0,"gold_gain":75,"player_choice":"Gather Gold","damage_taken":11,"max_hp_gain":0,"max_hp_loss":0,"event_name":"World of Goop","floor":5,"gold_loss":0},{"damage_healed":0,"gold_gain":0,"player_choice":"Fought Mushrooms","damage_taken":0,"max_hp_gain":0,"max_hp_loss":0,"event_name":"Mushrooms","floor":7,"gold_loss":0}],"is_beta":false,"boss_relics":[],"items_purged_floors":[],"is_endless":false,"potions_floor_spawned":[4,6,11],"killed_by":"Exordium Thugs","ascension_level":0}