{"gold_per_floor":[113,38,50,50,70,70,90,123,146,166,166,238,238,250,250,355,355,280,46,46,46,46,46,46,46,46,46,46,46,46,46,46,46,46,46,46,46,46,46],"floor_reached":39,"playtime":1393,"items_purged":[],"score":476,"play_id":"5c2fab65-a8c0-453b-9b14-9b3ed0868819","local_time":"20190612180316","is_ascension_mode":true,"campfire_choices":[{"data":"Consume","floor":6,"key":"SMITH"},{"floor":11,"key":"REST"},{"data":"Defragment","floor":13,"key":"SMITH"},{"floor":15,"key":"REST"},{"floor":23,"key":"REST"},{"floor":25,"key":"REST"},{"data":"Storm","floor":27,"key":"SMITH"},{"floor":32,"key":"REST"}],"neow_cost":"NONE","seed_source_timestamp":86793658404252,"circlet_count":0,"master_deck":["Defend_B","Defend_B","Zap","Dualcast","Lockon","Conserve Battery","Capacitor","Capacitor","Consume+1","Defragment+1","Loop","Barrage","Conserve Battery","Amplify","Coolheaded","White Noise","Reboot","Storm+1","Writhe","Turbo","Hello World+1","FTL+1","Echo Form+1","BootSequence"],"relics":["Cracked Core","Boot","Bag of Preparation","Molten Egg 2","Ectoplasm","PreservedInsect","Tiny Chest","GremlinMask","Ginger","Bottled Lightning","Astrolabe"],"potions_floor_usage":[10,10,14,38],"damage_taken":[{"damage":0,"enemies":"Cultist","floor":1,"turns":2},{"damage":0,"enemies":"2 Louse","floor":3,"turns":2},{"damage":0,"enemies":"Small Slimes","floor":5,"turns":3},{"damage":7,"enemies":"Red Slaver","floor":7,"turns":4},{"damage":50,"enemies":"Gremlin Nob","floor":8,"turns":5},{"damage":27,"enemies":"Exordium Wildlife","floor":10,"turns":5},{"damage":13,"enemies":"Gremlin Gang","floor":14,"turns":5},{"damage":35,"enemies":"Slime Boss","floor":16,"turns":7},{"damage":33,"enemies":"2 Thieves","floor":18,"turns":5},{"damage":9,"enemies":"Shell Parasite","floor":28,"turns":3},{"damage":27,"enemies":"Snake Plant","floor":29,"turns":3},{"damage":16,"enemies":"Centurion and Healer","floor":31,"turns":3},{"damage":72,"enemies":"Automaton","floor":33,"turns":7},{"damage":20,"enemies":"3 Shapes","floor":35,"turns":3},{"damage":6,"enemies":"Orb Walker","floor":37,"turns":2},{"damage":24,"enemies":"Maw","floor":38,"turns":5},{"damage":21,"enemies":"4 Shapes","floor":39,"turns":1}],"seed_played":"-6432762174413946928","potions_obtained":[{"floor":3,"key":"FocusPotion"},{"floor":4,"key":"Strength Potion"},{"floor":4,"key":"Regen Potion"},{"floor":5,"key":"Regen Potion"},{"floor":7,"key":"PowerPotion"},{"floor":16,"key":"FairyPotion"},{"floor":31,"key":"SteroidPotion"},{"floor":33,"key":"FearPotion"},{"floor":35,"key":"SkillPotion"},{"floor":38,"key":"Energy Potion"}],"is_trial":false,"path_per_floor":["M","$","M","?","M","R","M","E","T","M","R","T","R","M","R","B",null,"M","$","?","?","?","R","?","R","T","R","M","M","T","M","R","B",null,"M","$","M","M","M"],"character_chosen":"DEFECT","items_purchased":["Capacitor","PreservedInsect","White Noise"],"campfire_rested":5,"item_purchase_floors":[2,19,19],"current_hp_per_floor":[75,75,75,75,75,75,68,18,18,25,47,47,47,34,56,21,62,29,29,29,15,15,39,39,63,63,63,54,27,27,11,35,8,62,42,42,36,12,0],"gold":46,"neow_bonus":"TRANSFORM_CARD","is_prod":false,"is_daily":false,"chose_seed":false,"campfire_upgraded":3,"win_rate":0,"timestamp":1560380596,"path_taken":["M","$","M","?","M","R","?","E","T","M","R","?","R","M","R","BOSS","M","$","?","?","?","R","?","R","T","R","?","M","?","M","R","BOSS","M","$","M","M","M"],"build_version":"2019-01-23","purchased_purges":0,"victory":false,"max_hp_per_floor":[75,75,75,75,75,75,75,75,75,75,75,75,75,75,75,75,75,75,75,75,80,80,80,80,80,80,80,80,80,80,80,80,80,80,80,80,80,80,80],"card_choices":[{"not_picked":["Gash","Go for the Eyes"],"picked":"Conserve Battery","floor":1},{"not_picked":["Stack","Ball Lightning"],"picked":"Capacitor","floor":3},{"not_picked":["Compile Driver","Genetic Algorithm"],"picked":"Consume","floor":5},{"not_picked":["Cold Snap","Coolheaded"],"picked":"Defragment","floor":7},{"not_picked":["Consume","Blizzard"],"picked":"Loop","floor":8},{"not_picked":["Compile Driver","Thunder Strike"],"picked":"Barrage","floor":10},{"not_picked":["Undo","Rebound+1"],"picked":"Conserve Battery","floor":14},{"not_picked":["Reboot","Core Surge+1"],"picked":"Amplify","floor":16},{"not_picked":["Lockon+1","Chaos+1"],"picked":"Coolheaded","floor":18},{"not_picked":["Conserve Battery","Undo+1","Compile Driver+1"],"picked":"SKIP","floor":28},{"not_picked":["Conserve Battery","Undo+1","Compile Driver+1"],"picked":"SKIP","floor":28},{"not_picked":["Glacier","Gash+1"],"picked":"Turbo","floor":29},{"not_picked":["Conserve Battery+1","Turbo+1","Doom and Gloom+1"],"picked":"SKIP","floor":31},{"not_picked":["Aggregate+1","Beam Cell+1"],"picked":"BootSequence","floor":35},{"not_picked":["Capacitor+1","Leap","Auto Shields+1"],"picked":"SKIP","floor":37},{"not_picked":["Beam Cell+1","Compile Driver+1","Sweeping Beam+1"],"picked":"SKIP","floor":38}],"player_experience":242497,"relics_obtained":[{"floor":8,"key":"Boot"},{"floor":9,"key":"Bag of Preparation"},{"floor":12,"key":"Molten Egg 2"},{"floor":26,"key":"Ginger"},{"floor":30,"key":"Bottled Lightning"}],"event_choices":[{"damage_healed":0,"gold_gain":0,"player_choice":"Got Potions","damage_taken":0,"max_hp_gain":0,"max_hp_loss":0,"event_name":"Lab","floor":4,"gold_loss":0},{"damage_healed":0,"gold_gain":0,"cards_transformed":["Strike_B","Strike_B"],"player_choice":"Became Test Subject","damage_taken":0,"max_hp_gain":0,"max_hp_loss":0,"event_name":"Drug Dealer","floor":20,"gold_loss":0,"cards_obtained":["Reboot","Storm"]},{"damage_healed":0,"gold_gain":0,"player_choice":"Shed Blood","damage_taken":19,"max_hp_gain":5,"max_hp_loss":0,"event_name":"Forgotten Altar","floor":21,"gold_loss":0},{"damage_healed":0,"gold_gain":0,"player_choice":"Opened","damage_taken":0,"relics_obtained":["Tiny Chest"],"max_hp_gain":0,"max_hp_loss":0,"event_name":"The Mausoleum","floor":22,"gold_loss":0,"cards_obtained":["Writhe"]},{"damage_healed":0,"gold_gain":0,"player_choice":"Trade","damage_taken":0,"relics_obtained":["GremlinMask"],"max_hp_gain":0,"max_hp_loss":0,"event_name":"FaceTrader","floor":24,"gold_loss":0}],"is_beta":false,"boss_relics":[{"not_picked":["Philosopher\u0027s Stone","Runic Pyramid"],"picked":"Ectoplasm"},{"not_picked":["Sozu","Snecko Eye"],"picked":"Astrolabe"}],"items_purged_floors":[],"is_endless":false,"potions_floor_spawned":[3,5,7,16,31,33,35,38],"killed_by":"4 Shapes","ascension_level":5}