{"gold_per_floor":[111,111,111,132,155,155,155,155,155,173,214,214,233,233,233,353,353,348,362,382,65,85,85,85],"floor_reached":24,"playtime":1460,"items_purged":["Strike_G+1"],"score":277,"play_id":"b9e8b99d-1a1d-47fb-9471-9f6d029a2832","local_time":"20190623121951","is_ascension_mode":true,"campfire_choices":[{"data":"Noxious Fumes","floor":6.0,"key":"SMITH"},{"data":"Bouncing Flask","floor":8.0,"key":"SMITH"},{"floor":12.0,"key":"REST"},{"floor":15.0,"key":"REST"},{"floor":23.0,"key":"REST"}],"neow_cost":"NONE","seed_source_timestamp":0,"circlet_count":0,"master_deck":["Defend_G","Defend_G","Defend_G","Defend_G+1","Defend_G","Strike_G","Strike_G","Strike_G","Strike_G","Survivor","Neutralize","Noxious Fumes+1","Injury","Bouncing Flask+1","PiercingWail","Backflip","Deadly Poison+1","Backstab","Bullet Time","Quick Slash+1","Prepared+1","Backflip","Well Laid Plans","Adrenaline"],"special_seed":0,"relics":["Ring of the Snake","NeowsBlessing","Golden Idol","Paper Crane","Dodecahedron","Dead Branch","Black Star"],"potions_floor_usage":[],"damage_taken":[{"damage":0.0,"enemies":"Small Slimes","floor":1.0,"turns":1.0},{"damage":0.0,"enemies":"Jaw Worm","floor":4.0,"turns":1.0},{"damage":0.0,"enemies":"Cultist","floor":5.0,"turns":1.0},{"damage":0.0,"enemies":"Large Slime","floor":10.0,"turns":5.0},{"damage":30.0,"enemies":"Gremlin Nob","floor":11.0,"turns":4.0},{"damage":27.0,"enemies":"Exordium Thugs","floor":13.0,"turns":6.0},{"damage":6.0,"enemies":"The Guardian","floor":16.0,"turns":8.0},{"damage":5.0,"enemies":"2 Thieves","floor":18.0,"turns":4.0},{"damage":7.0,"enemies":"3 Byrds","floor":19.0,"turns":5.0},{"damage":33.0,"enemies":"Snecko","floor":20.0,"turns":5.0},{"damage":11.0,"enemies":"Snake Plant","floor":22.0,"turns":4.0},{"damage":29,"enemies":"3 Cultists","floor":24,"turns":4}],"seed_played":"4050126561655848349","potions_obtained":[{"floor":1.0,"key":"Poison Potion"},{"floor":16.0,"key":"GhostInAJar"},{"floor":18.0,"key":"EssenceOfSteel"},{"floor":20.0,"key":"Ancient Potion"}],"is_trial":false,"path_per_floor":["M","?","?","M","M","R","?","R","T","M","E","R","M","?","R","B",null,"M","M","M","$","M","R","M"],"character_chosen":"THE_SILENT","items_purchased":["Well Laid Plans","Adrenaline"],"campfire_rested":3,"item_purchase_floors":[21,21],"current_hp_per_floor":[63,49,49,49,49,49,42,42,42,42,12,33,6,6,27,21,58,53,46,13,13,2,23,0],"gold":85,"neow_bonus":"THREE_ENEMY_KILL","is_prod":false,"is_daily":false,"chose_seed":false,"campfire_upgraded":2,"win_rate":0,"timestamp":1561306791,"path_taken":["M","?","?","M","?","R","?","R","T","M","E","R","M","?","R","BOSS","M","?","M","$","M","R","M"],"build_version":"2019-01-23","purchased_purges":1,"victory":false,"max_hp_per_floor":[70,70,70,70,70,70,70,70,70,70,70,70,70,70,70,70,70,70,70,70,70,70,70,70],"card_choices":[{"not_picked":["Deflect","Flying Knee"],"picked":"Noxious Fumes","floor":1.0},{"not_picked":["Quick Slash","Backflip"],"picked":"Bouncing Flask","floor":4.0},{"not_picked":["Sucker Punch","Riddle With Holes"],"picked":"PiercingWail","floor":5.0},{"not_picked":["Blade Dance","Expertise"],"picked":"Backflip","floor":10.0},{"not_picked":["Burst","Footwork"],"picked":"Deadly Poison","floor":11.0},{"not_picked":["Outmaneuver","Dagger Spray"],"picked":"Backstab","floor":13.0},{"not_picked":["Die Die Die","Grand Finale"],"picked":"Bullet Time","floor":16.0},{"not_picked":["Slice+1","Dagger Throw"],"picked":"Quick Slash+1","floor":18.0},{"not_picked":["Escape Plan","Dagger Throw+1"],"picked":"Prepared+1","floor":19.0},{"not_picked":["Flechettes+1","Deadly Poison"],"picked":"Backflip","floor":20.0},{"not_picked":["Skewer","Quick Slash+1","Blade Dance"],"picked":"SKIP","floor":22.0}],"player_experience":614695,"relics_obtained":[{"floor":9.0,"key":"Dodecahedron"},{"floor":11.0,"key":"Dead Branch"}],"event_choices":[{"damage_healed":0.0,"max_hp_gain":0.0,"max_hp_loss":0.0,"gold_gain":0.0,"event_name":"Shining Light","player_choice":"Entered Light","floor":2.0,"gold_loss":0.0,"damage_taken":14.0,"cards_upgraded":["Defend_G","Strike_G"]},{"damage_healed":0.0,"max_hp_gain":0.0,"max_hp_loss":0.0,"gold_gain":0.0,"event_name":"Golden Idol","player_choice":"Take Wound","floor":3.0,"gold_loss":0.0,"damage_taken":0.0,"relics_obtained":["Golden Idol"],"cards_obtained":["Injury"]},{"damage_healed":0.0,"max_hp_gain":0.0,"max_hp_loss":0.0,"gold_gain":0.0,"event_name":"Scrap Ooze","player_choice":"Success","floor":7.0,"gold_loss":0.0,"damage_taken":7.0,"relics_obtained":["Paper Crane"]},{"damage_healed":0.0,"max_hp_gain":0.0,"max_hp_loss":0.0,"gold_gain":0.0,"event_name":"Upgrade Shrine","player_choice":"Upgraded","floor":14.0,"gold_loss":0.0,"damage_taken":0.0,"cards_upgraded":["Deadly Poison"]}],"is_beta":false,"boss_relics":[{"not_picked":["HoveringKite","Fusion Hammer"],"picked":"Black Star"}],"items_purged_floors":[21],"is_endless":false,"potions_floor_spawned":[1,16,18,20],"killed_by":"3 Cultists","ascension_level":8}