{"gold_per_floor":[109,123,140,140,157,157,188,188,188,215,215,228,244,271,271,271],"floor_reached":16,"playtime":867,"items_purged":[],"score":201,"play_id":"ce609cd3-73ca-4595-b7d1-912ff3363e69","local_time":"20190625133928","is_ascension_mode":true,"campfire_choices":[{"floor":6,"key":"REST"},{"floor":11,"key":"REST"},{"data":"Loop","floor":15,"key":"SMITH"}],"neow_cost":"NONE","seed_source_timestamp":155304394527038,"circlet_count":0,"master_deck":["AscendersBane","Strike_B","Strike_B","Strike_B","Strike_B","Defend_B","Defend_B","Defend_B","Defend_B","Zap","Dualcast","Conserve Battery","Conserve Battery","Compile Driver","Loop+1","Cold Snap","Rebound","Electrodynamics"],"relics":["Cracked Core","Strawberry","Bottled Tornado","Gremlin Horn","Darkstone Periapt","Boot"],"potions_floor_usage":[7,10,14],"damage_taken":[{"damage":8,"enemies":"2 Louse","floor":1,"turns":3},{"damage":12,"enemies":"Jaw Worm","floor":2,"turns":3},{"damage":0,"enemies":"Cultist","floor":3,"turns":3},{"damage":13,"enemies":"Exordium Thugs","floor":5,"turns":6},{"damage":23,"enemies":"Lagavulin","floor":7,"turns":7},{"damage":26,"enemies":"Gremlin Nob","floor":10,"turns":4},{"damage":2,"enemies":"2 Fungi Beasts","floor":12,"turns":4},{"damage":2,"enemies":"Red Slaver","floor":13,"turns":3},{"damage":7,"enemies":"3 Sentries","floor":14,"turns":7},{"damage":53,"enemies":"The Guardian","floor":16,"turns":13}],"seed_played":"-4283696826794596015","potions_obtained":[{"floor":5,"key":"Poison Potion"},{"floor":7,"key":"SteroidPotion"},{"floor":12,"key":"EssenceOfSteel"},{"floor":14,"key":"FearPotion"}],"is_trial":false,"path_per_floor":["M","M","M","?","M","R","E","?","T","E","R","M","M","E","R","B"],"character_chosen":"DEFECT","items_purchased":[],"campfire_rested":2,"item_purchase_floors":[],"current_hp_per_floor":[67,55,55,60,47,73,50,50,50,24,50,48,46,39,39,0],"gold":271,"neow_bonus":"RANDOM_COMMON_RELIC","is_prod":false,"is_daily":false,"chose_seed":false,"campfire_upgraded":1,"win_rate":0,"timestamp":1561480768,"path_taken":["M","M","M","?","M","R","E","?","T","E","R","M","M","E","R","BOSS"],"build_version":"2019-01-23","purchased_purges":0,"victory":false,"max_hp_per_floor":[82,82,82,87,87,87,87,87,87,87,87,87,87,87,87,87],"card_choices":[{"not_picked":["Barrage","Redo"],"picked":"Conserve Battery","floor":1},{"not_picked":["Consume","Beam Cell"],"picked":"Conserve Battery","floor":2},{"not_picked":["Lockon","Recycle"],"picked":"Compile Driver","floor":3},{"not_picked":["Storm","Auto Shields"],"picked":"Loop","floor":5},{"not_picked":["Compile Driver","Conserve Battery"],"picked":"Cold Snap","floor":7},{"not_picked":["Aggregate","Amplify","Go for the Eyes"],"picked":"SKIP","floor":10},{"not_picked":["Conserve Battery","Beam Cell","Barrage"],"picked":"SKIP","floor":12},{"not_picked":["Sunder","Barrage"],"picked":"Rebound","floor":13},{"not_picked":["Stack","Reprogram"],"picked":"Electrodynamics","floor":14}],"player_experience":1179831,"relics_obtained":[{"floor":7,"key":"Bottled Tornado"},{"floor":9,"key":"Gremlin Horn"},{"floor":10,"key":"Darkstone Periapt"},{"floor":14,"key":"Boot"}],"event_choices":[{"damage_healed":0,"gold_gain":0,"player_choice":"Donut","damage_taken":0,"max_hp_gain":5,"max_hp_loss":0,"event_name":"Big Fish","floor":4,"gold_loss":0},{"damage_healed":0,"gold_gain":0,"player_choice":"Ignored","damage_taken":0,"max_hp_gain":0,"max_hp_loss":0,"event_name":"Liars Game","floor":8,"gold_loss":0}],"is_beta":false,"boss_relics":[],"items_purged_floors":[],"is_endless":false,"potions_floor_spawned":[5,7,12,14],"killed_by":"The Guardian","ascension_level":13}