{"gold_per_floor":[115,126,51,65,85,85,97,107,130,142,42,42,42,59,59,158,158,168,87,87,107,122,122,134,149,203,203,203,203,128,141,141,141],"floor_reached":33,"playtime":1833,"items_purged":["Normality","Strike_R"],"score":295,"play_id":"bb6d913c-736f-4424-9f19-ebbda6bec7a9","local_time":"20190609135030","is_ascension_mode":true,"campfire_choices":[{"data":"Demon Form","floor":6,"key":"SMITH"},{"floor":15,"key":"REST"},{"data":"Whirlwind","floor":23,"key":"SMITH"},{"floor":28,"key":"REST"},{"data":"Heavy Blade","floor":32,"key":"SMITH"}],"neow_cost":"CURSE","seed_source_timestamp":246517363273721,"circlet_count":0,"master_deck":["Defend_R+1","Defend_R","Defend_R","Bash","Demon Form+1","Warcry","Twin Strike","Cleave","Flex+1","Heavy Blade+1","Double Tap","Shrug It Off","Whirlwind+1","Intimidate","Bite","Bite","Bite","Bite","Bite"],"relics":["Burning Blood","Dream Catcher","Philosopher\u0027s Stone","Vajra"],"potions_floor_usage":[5,8,14,16,21,21,22,24,29,31],"damage_taken":[{"damage":1,"enemies":"Cultist","floor":1,"turns":4},{"damage":15,"enemies":"Jaw Worm","floor":2,"turns":6},{"damage":3,"enemies":"2 Louse","floor":4,"turns":2},{"damage":0,"enemies":"Large Slime","floor":5,"turns":5},{"damage":16,"enemies":"Red Slaver","floor":7,"turns":4},{"damage":15,"enemies":"Blue Slaver","floor":8,"turns":5},{"damage":10,"enemies":"Lots of Slimes","floor":10,"turns":3},{"damage":17,"enemies":"Large Slime","floor":14,"turns":7},{"damage":22,"enemies":"The Guardian","floor":16,"turns":7},{"damage":19,"enemies":"2 Thieves","floor":18,"turns":3},{"damage":4,"enemies":"3 Byrds","floor":21,"turns":4},{"damage":31,"enemies":"Snecko","floor":22,"turns":4},{"damage":15,"enemies":"Snake Plant","floor":24,"turns":4},{"damage":28,"enemies":"Shelled Parasite and Fungi","floor":25,"turns":5},{"damage":0,"enemies":"Cultist and Chosen","floor":29,"turns":1},{"damage":0,"enemies":"Snecko","floor":31,"turns":3},{"damage":82,"enemies":"Automaton","floor":33,"turns":6}],"seed_played":"-8366905436322281638","potions_obtained":[{"floor":1,"key":"EssenceOfSteel"},{"floor":2,"key":"AttackPotion"},{"floor":4,"key":"Dexterity Potion"},{"floor":10,"key":"SteroidPotion"},{"floor":18,"key":"Swift Potion"},{"floor":20,"key":"AttackPotion"},{"floor":20,"key":"SneckoOil"},{"floor":20,"key":"Dexterity Potion"},{"floor":21,"key":"Regen Potion"},{"floor":24,"key":"SmokeBomb"},{"floor":25,"key":"Ancient Potion"}],"is_trial":false,"path_per_floor":["M","M","$","M","M","R","M","M","T","M","$","?","?","M","R","B",null,"M","$","?","M","M","R","M","M","T","?","R","M","?","M","R","B"],"character_chosen":"IRONCLAD","items_purchased":["Whirlwind"],"campfire_rested":2,"item_purchase_floors":[19],"current_hp_per_floor":[80,71,71,74,80,80,70,61,61,57,57,41,34,23,47,31,80,67,67,67,69,49,49,40,18,18,18,34,40,40,52,52,0],"gold":141,"neow_bonus":"THREE_RARE_CARDS","is_prod":false,"is_daily":false,"chose_seed":false,"campfire_upgraded":3,"win_rate":0,"timestamp":1560106230,"path_taken":["M","?","$","M","M","R","M","M","T","M","$","?","?","M","R","BOSS","M","$","?","M","?","R","M","M","T","?","R","M","?","M","R","BOSS"],"build_version":"2019-01-23","purchased_purges":2,"victory":false,"max_hp_per_floor":[80,80,80,80,80,80,80,80,80,80,80,80,80,80,80,80,80,80,80,80,80,80,80,80,80,80,56,56,56,56,56,56,56],"card_choices":[{"not_picked":["Impervious","Bludgeon"],"picked":"Demon Form","floor":0},{"not_picked":["Havoc","Pummel"],"picked":"Warcry","floor":1},{"not_picked":["Armaments","Flame Barrier"],"picked":"Twin Strike","floor":2},{"not_picked":["Headbutt","Twin Strike","Dark Embrace"],"picked":"SKIP","floor":4},{"not_picked":["Flex","Uppercut"],"picked":"Cleave","floor":5},{"not_picked":["Shockwave","Iron Wave","Perfected Strike"],"picked":"SKIP","floor":7},{"not_picked":["Evolve","Immolate"],"picked":"Flex","floor":8},{"not_picked":["True Grit","Headbutt","Anger"],"picked":"SKIP","floor":10},{"not_picked":["Pommel Strike","Clothesline"],"picked":"Heavy Blade","floor":14},{"not_picked":["Offering","Exhume"],"picked":"Double Tap","floor":16},{"not_picked":["Feel No Pain","Flex+1"],"picked":"Shrug It Off","floor":18},{"not_picked":["Wild Strike","Perfected Strike","Fire Breathing"],"picked":"SKIP","floor":21},{"not_picked":["Twin Strike","Feel No Pain"],"picked":"Intimidate","floor":22},{"not_picked":["Wild Strike","Dual Wield","Uppercut"],"picked":"SKIP","floor":24},{"not_picked":["Twin Strike","Thunderclap","Flex"],"picked":"SKIP","floor":25},{"not_picked":["Rage","Ghostly Armor","Perfected Strike"],"picked":"SKIP","floor":31}],"player_experience":143699,"relics_obtained":[{"floor":9,"key":"Dream Catcher"},{"floor":26,"key":"Vajra"}],"event_choices":[{"damage_healed":0,"gold_gain":0,"player_choice":"Entered Light","damage_taken":16,"max_hp_gain":0,"max_hp_loss":0,"event_name":"Shining Light","floor":12,"gold_loss":0,"cards_upgraded":["Defend_R","Flex"]},{"cards_removed":["Strike_R"],"damage_healed":0,"gold_gain":0,"player_choice":"Card Removal","damage_taken":7,"max_hp_gain":0,"max_hp_loss":0,"event_name":"Golden Wing","floor":13,"gold_loss":0},{"damage_healed":0,"gold_gain":0,"player_choice":"Got Potions","damage_taken":0,"max_hp_gain":0,"max_hp_loss":0,"event_name":"Lab","floor":20,"gold_loss":0},{"damage_healed":0,"gold_gain":0,"player_choice":"Became a vampire","damage_taken":0,"max_hp_gain":0,"max_hp_loss":24,"event_name":"Vampires","floor":27,"gold_loss":0,"cards_obtained":["Bite","Bite","Bite","Bite","Bite"]},{"cards_removed":["Defend_R"],"damage_healed":0,"gold_gain":0,"player_choice":"Gave Gold","damage_taken":0,"max_hp_gain":0,"max_hp_loss":0,"event_name":"Beggar","floor":30,"gold_loss":75}],"is_beta":false,"boss_relics":[{"not_picked":["Fusion Hammer","Runic Dome"],"picked":"Philosopher\u0027s Stone"}],"items_purged_floors":[3,11],"is_endless":false,"potions_floor_spawned":[1,2,4,10,18,21,24,25,29],"killed_by":"Automaton","ascension_level":2}