{"gold_per_floor":[117,19,19,29,43,77,77,104,104,116,132,132,132,150,150,246,246,256,256,269,59,59,59,92,92,119,119,144,144,22,37,37,133,133,148,23,38,13,13,13,0,0,26,26,26,60,79,99,99,99],"floor_reached":51,"playtime":1946,"items_purged":["Strike_R","Strike_R","Strike_R"],"score":871,"play_id":"15f59a5c-5bd5-4675-a60f-7f0daf389c83","local_time":"20190626114025","is_ascension_mode":true,"campfire_choices":[{"data":"Disarm","floor":7.0,"key":"SMITH"},{"floor":15.0,"key":"REST"},{"floor":23.0,"key":"REST"},{"data":"Double Tap","floor":25.0,"key":"SMITH"},{"data":"Inflame","floor":27.0,"key":"SMITH"},{"data":"Shrug It Off","floor":29.0,"key":"SMITH"},{"data":"Cleave","floor":32.0,"key":"SMITH"},{"data":"Demon Form","floor":40,"key":"SMITH"},{"data":"Shrug It Off","floor":42,"key":"SMITH"},{"data":"Flex","floor":49,"key":"SMITH"}],"neow_cost":"NONE","seed_source_timestamp":576508454853186,"circlet_count":0,"master_deck":["Strike_R","Defend_R","Defend_R","Defend_R","Bash","Heavy Blade+1","Disarm+1","Shrug It Off+1","Metallicize","Double Tap+1","Inflame+1","Flex","Flex+1","Cleave+1","Demon Form+1","Infernal Blade+1","Twin Strike+1","Shrug It Off+1","Swift Strike","Writhe","Shrug It Off+1","Thunderclap+1"],"special_seed":0,"relics":["Velvet Choker","Pocketwatch","Mercury Hourglass","Mummified Hand","Magic Flower","Letter Opener","Empty Cage","Brimstone","Bronze Scales","Orichalcum","Bird Faced Urn","Mark of Pain","Red Mask","Centennial Puzzle","Toxic Egg 2"],"potions_floor_usage":[50],"damage_taken":[{"damage":0.0,"enemies":"Jaw Worm","floor":1.0,"turns":3.0},{"damage":0.0,"enemies":"Cultist","floor":4.0,"turns":2.0},{"damage":3.0,"enemies":"2 Louse","floor":5.0,"turns":2.0},{"damage":27.0,"enemies":"Gremlin Nob","floor":6.0,"turns":4.0},{"damage":13.0,"enemies":"3 Sentries","floor":8.0,"turns":7.0},{"damage":0.0,"enemies":"2 Fungi Beasts","floor":10.0,"turns":3.0},{"damage":0.0,"enemies":"3 Louse","floor":11.0,"turns":2.0},{"damage":3.0,"enemies":"Looter","floor":14.0,"turns":2.0},{"damage":0.0,"enemies":"The Guardian","floor":16.0,"turns":13.0},{"damage":5.0,"enemies":"Chosen","floor":18.0,"turns":5.0},{"damage":13.0,"enemies":"Spheric Guardian","floor":20.0,"turns":4.0},{"damage":10.0,"enemies":"Slavers","floor":24.0,"turns":4.0},{"damage":7.0,"enemies":"Book of Stabbing","floor":28.0,"turns":3.0},{"damage":6.0,"enemies":"Cultist and Chosen","floor":31.0,"turns":2.0},{"damage":35.0,"enemies":"Automaton","floor":33.0,"turns":6.0},{"damage":18,"enemies":"3 Darklings","floor":35,"turns":4},{"damage":11,"enemies":"Orb Walker","floor":37,"turns":2},{"damage":1,"enemies":"Giant Head","floor":46,"turns":4},{"damage":31,"enemies":"Spire Growth","floor":47,"turns":3},{"damage":7,"enemies":"4 Shapes","floor":48,"turns":3},{"damage":56,"enemies":"Time Eater","floor":50,"turns":6}],"seed_played":"8296619272441068812","potions_obtained":[{"floor":4.0,"key":"GamblersBrew"},{"floor":5.0,"key":"Block Potion"},{"floor":6.0,"key":"Fire Potion"},{"floor":14.0,"key":"SneckoOil"},{"floor":24.0,"key":"LiquidBronze"},{"floor":28.0,"key":"Poison Potion"},{"floor":33.0,"key":"PowerPotion"},{"floor":47,"key":"Weak Potion"},{"floor":48,"key":"PowerPotion"}],"is_trial":false,"path_per_floor":["M","$","?","M","M","E","R","E","T","M","M","?","?","M","R","B",null,"M","?","M","$","?","R","E","R","T","R","E","R","$","M","R","B",null,"M","$","M","$","?","R","?","R","T","?","$","E","M","M","R","B",null],"character_chosen":"IRONCLAD","items_purchased":["Heavy Blade","Brimstone","Cleave","Shrug It Off"],"campfire_rested":2,"item_purchase_floors":[2,21,30,38],"current_hp_per_floor":[80,80,80,80,77,50,50,37,37,37,37,37,34,31,55,55,80,75,60,47,47,47,72,62,62,62,62,55,55,55,55,55,26,85,67,67,62,62,62,62,62,62,62,83,83,85,54,56,56,9],"gold":99,"neow_bonus":"BOSS_RELIC","is_prod":false,"is_daily":false,"chose_seed":false,"campfire_upgraded":8,"win_rate":0,"timestamp":1561567225,"path_taken":["M","$","?","M","?","E","R","E","T","M","M","?","?","M","R","BOSS","M","?","M","$","?","R","E","R","T","R","E","R","$","M","R","BOSS","M","$","M","$","?","R","?","R","T","?","?","E","?","M","R","BOSS"],"build_version":"2019-01-23","purchased_purges":3,"victory":true,"max_hp_per_floor":[80,80,80,80,80,80,80,80,80,80,80,80,80,80,80,80,80,80,85,85,85,85,85,85,85,85,85,85,85,85,85,85,85,85,85,85,85,85,85,85,85,85,85,85,85,85,85,85,85,85],"card_choices":[{"not_picked":["Warcry","Havoc","Headbutt"],"picked":"SKIP","floor":1.0},{"not_picked":["Clothesline","Anger","Burning Pact"],"picked":"SKIP","floor":4.0},{"not_picked":["Evolve","Carnage","Pommel Strike"],"picked":"SKIP","floor":5.0},{"not_picked":["Shrug It Off","Corruption"],"picked":"Disarm","floor":6.0},{"not_picked":["Pommel Strike","Heavy Blade"],"picked":"Shrug It Off","floor":8.0},{"not_picked":["Clothesline","Anger","Rupture"],"picked":"SKIP","floor":10.0},{"not_picked":["Headbutt","Clothesline","Body Slam"],"picked":"SKIP","floor":11.0},{"not_picked":["Shrug It Off","Brutality"],"picked":"Metallicize","floor":14.0},{"not_picked":["Reaper","Immolate"],"picked":"Double Tap","floor":16.0},{"not_picked":["Wild Strike","Hemokinesis"],"picked":"Inflame","floor":18.0},{"not_picked":["Seeing Red","Evolve","Bloodletting+1"],"picked":"SKIP","floor":20.0},{"not_picked":["Evolve+1","Spot Weakness"],"picked":"Flex","floor":24.0},{"not_picked":["Body Slam","Perfected Strike"],"picked":"Flex","floor":28.0},{"not_picked":["Havoc","Iron Wave","Warcry"],"picked":"SKIP","floor":31.0},{"not_picked":["Berserk","Reaper"],"picked":"Demon Form","floor":33.0},{"not_picked":["Blood for Blood+1","Sever Soul+1"],"picked":"Infernal Blade+1","floor":35},{"not_picked":["Pommel Strike+1","Warcry"],"picked":"Twin Strike+1","floor":37},{"not_picked":["Master of Strategy","Sadistic Nature"],"picked":"Swift Strike","floor":39},{"not_picked":["Flame Barrier","Battle Trance+1","Headbutt"],"picked":"SKIP","floor":46},{"not_picked":["Twin Strike+1","Sentinel+1"],"picked":"Shrug It Off+1","floor":47},{"not_picked":["Warcry+1","Clash+1"],"picked":"Thunderclap+1","floor":48}],"player_experience":296508,"relics_obtained":[{"floor":6.0,"key":"Pocketwatch"},{"floor":8.0,"key":"Mercury Hourglass"},{"floor":9.0,"key":"Mummified Hand"},{"floor":24.0,"key":"Bronze Scales"},{"floor":26.0,"key":"Orichalcum"},{"floor":28.0,"key":"Bird Faced Urn"},{"floor":43,"key":"Centennial Puzzle"},{"floor":46,"key":"Toxic Egg 2"}],"event_choices":[{"damage_healed":0.0,"max_hp_gain":0.0,"max_hp_loss":0.0,"gold_gain":0.0,"event_name":"Upgrade Shrine","player_choice":"Upgraded","floor":3.0,"gold_loss":0.0,"damage_taken":0.0,"cards_upgraded":["Heavy Blade"]},{"damage_healed":0.0,"max_hp_gain":0.0,"max_hp_loss":0.0,"gold_gain":0.0,"event_name":"Dead Adventurer","player_choice":"Searched \u00272\u0027 times","floor":12.0,"gold_loss":0.0,"damage_taken":0.0,"relics_obtained":["Magic Flower"]},{"damage_healed":0.0,"max_hp_gain":0.0,"max_hp_loss":0.0,"gold_gain":0.0,"event_name":"Scrap Ooze","player_choice":"Success","floor":13.0,"gold_loss":0.0,"damage_taken":3.0,"relics_obtained":["Letter Opener"]},{"damage_healed":0.0,"max_hp_gain":5.0,"max_hp_loss":0.0,"gold_gain":0.0,"event_name":"Forgotten Altar","player_choice":"Shed Blood","floor":19.0,"gold_loss":0.0,"damage_taken":20.0},{"damage_healed":0.0,"max_hp_gain":0.0,"max_hp_loss":0.0,"gold_gain":0.0,"event_name":"Ghosts","player_choice":"Ignored","floor":22.0,"gold_loss":0.0,"damage_taken":0.0},{"damage_healed":0,"gold_gain":0,"player_choice":"Memory 1","damage_taken":0,"max_hp_gain":0,"max_hp_loss":0,"event_name":"SensoryStone","floor":39,"gold_loss":0},{"damage_healed":0,"gold_gain":0,"player_choice":"Paid","damage_taken":0,"relics_obtained":["Red Mask"],"max_hp_gain":0,"max_hp_loss":0,"event_name":"Tomb of Lord Red Mask","floor":41,"gold_loss":13},{"damage_healed":21,"gold_gain":0,"player_choice":"Writhe","damage_taken":0,"max_hp_gain":0,"max_hp_loss":0,"event_name":"Winding Halls","floor":44,"gold_loss":0,"cards_obtained":["Writhe"]}],"is_beta":false,"boss_relics":[{"not_picked":["Snecko Eye","Lizard Tail"],"picked":"Empty Cage"},{"not_picked":["Philosopher\u0027s Stone","Eternal Feather"],"picked":"Mark of Pain"}],"items_purged_floors":[2,30,36],"is_endless":false,"potions_floor_spawned":[4,5,6,14,24,28,33,47,48],"ascension_level":2}