{"gold_per_floor":[110,129,204,204,223,223,223,247,271,271,307,333,333,352,352,472,472,495,495,513,536,167,167,61,61,85,85,85,105,139,174,186,317,329,359,392,427,15,348,348,348,348],"floor_reached":42,"playtime":2402,"items_purged":[],"score":488,"play_id":"206d69d1-addb-4df3-af76-b40b3bb17243","local_time":"20190320015122","is_ascension_mode":true,"campfire_choices":[{"data":"Zap","floor":6,"key":"SMITH"},{"floor":10,"key":"REST"},{"floor":13,"key":"REST"},{"data":"Dualcast","floor":15,"key":"SMITH"},{"data":"Loop","floor":23,"key":"SMITH"},{"data":"Creative AI","floor":28,"key":"SMITH"},{"floor":32,"key":"REST"},{"data":"Hologram","floor":40,"key":"SMITH"}],"neow_cost":"PERCENT_DAMAGE","seed_source_timestamp":200935509902118,"circlet_count":0,"master_deck":["Strike_B+1","Defend_B","Defend_B","Defend_B","Zap+1","Dualcast+1","Seek","Coolheaded","Ball Lightning","Injury","Auto Shields+1","Capacitor","Cold Snap","Sunder","Machine Learning","Chaos+1","Biased Cognition+1","Barrage","Leap","Creative AI+1","Glacier+1","Doom and Gloom+1","Loop+1","Steam","Capacitor","Consume","Hologram+1","Conserve Battery","Turbo","Core Surge","Compile Driver","Self Repair","Madness","Madness"],"relics":["Cracked Core","Bronze Scales","Centennial Puzzle","Ancient Tea Set","Astrolabe","Cables","Blood Vial","MawBank","Coffee Dripper","Runic Capacitor","Happy Flower"],"potions_floor_usage":[11,16,33],"damage_taken":[{"damage":1,"enemies":"Cultist","floor":1,"turns":3},{"damage":3,"enemies":"2 Louse","floor":2,"turns":2},{"damage":4,"enemies":"Jaw Worm","floor":5,"turns":3},{"damage":0,"enemies":"Exordium Thugs","floor":8,"turns":5},{"damage":36,"enemies":"Gremlin Nob","floor":11,"turns":4},{"damage":0,"enemies":"3 Louse","floor":14,"turns":2},{"damage":19,"enemies":"The Guardian","floor":16,"turns":11},{"damage":0,"enemies":"Shell Parasite","floor":18,"turns":4},{"damage":0,"enemies":"Chosen","floor":20,"turns":5},{"damage":1,"enemies":"Centurion and Healer","floor":21,"turns":7},{"damage":12,"enemies":"Shelled Parasite and Fungi","floor":29,"turns":5},{"damage":30,"enemies":"Slavers","floor":30,"turns":3},{"damage":13,"enemies":"Snake Plant","floor":31,"turns":4},{"damage":10,"enemies":"Collector","floor":33,"turns":11},{"damage":0,"enemies":"Orb Walker","floor":35,"turns":4},{"damage":6,"enemies":"3 Shapes","floor":36,"turns":6},{"damage":9,"enemies":"3 Darklings","floor":37,"turns":5},{"damage":56,"enemies":"4 Shapes","floor":42,"turns":6}],"seed_played":"-2082592708423195851","potions_obtained":[{"floor":5,"key":"GamblersBrew"},{"floor":8,"key":"Swift Potion"},{"floor":14,"key":"LiquidBronze"},{"floor":30,"key":"Weak Potion"},{"floor":31,"key":"Poison Potion"},{"floor":33,"key":"Strength Potion"}],"is_trial":false,"path_per_floor":["M","M","?","?","M","R","?","M","T","R","E","T","R","M","R","B",null,"M","?","M","M","$","R","$","?","T","$","R","M","E","M","R","B",null,"M","M","M","$","?","R","?","M"],"character_chosen":"DEFECT","items_purchased":["Loop","Cables","Steam","Capacitor","Consume","Self Repair","Runic Capacitor","Happy Flower"],"campfire_rested":3,"item_purchase_floors":[22,22,22,24,24,38,38,38],"current_hp_per_floor":[53,50,39,39,35,35,20,20,20,42,6,6,28,28,28,9,75,75,75,75,74,74,74,74,74,74,74,74,63,35,24,46,38,75,75,69,62,62,62,62,53,0],"gold":348,"neow_bonus":"THREE_RARE_CARDS","is_prod":false,"is_daily":false,"chose_seed":false,"campfire_upgraded":5,"win_rate":0,"timestamp":1553061082,"path_taken":["M","M","?","?","M","R","?","M","T","R","E","?","R","M","R","BOSS","M","?","M","M","$","R","$","?","T","?","R","?","E","M","R","BOSS","M","M","M","$","?","R","?","M"],"build_version":"2019-01-23","purchased_purges":0,"victory":false,"max_hp_per_floor":[75,75,75,75,75,75,75,75,75,75,75,75,75,75,75,75,75,75,75,75,75,75,75,75,75,75,75,75,75,75,75,75,75,75,75,75,75,75,75,75,75,75],"card_choices":[{"not_picked":["Fission","Thunder Strike"],"picked":"Seek","floor":0},{"not_picked":["Turbo","Reprogram"],"picked":"Coolheaded","floor":1},{"not_picked":["BootSequence","Hello World"],"picked":"Ball Lightning","floor":2},{"not_picked":["Steam","Ball Lightning"],"picked":"Auto Shields","floor":5},{"not_picked":["Rebound","Hologram"],"picked":"Capacitor","floor":8},{"not_picked":["Beam Cell","Chill"],"picked":"Cold Snap","floor":11},{"not_picked":["Go for the Eyes","Ball Lightning"],"picked":"Sunder","floor":14},{"not_picked":["Reboot","All For One"],"picked":"Machine Learning","floor":16},{"not_picked":["Leap","Stack"],"picked":"Barrage","floor":18},{"not_picked":["Chaos+1","Stack"],"picked":"Glacier+1","floor":20},{"not_picked":["Beam Cell+1","Stack"],"picked":"Doom and Gloom+1","floor":21},{"not_picked":["Rebound","Turbo"],"picked":"Hologram","floor":29},{"not_picked":["Go for the Eyes","Heatsinks"],"picked":"Conserve Battery","floor":30},{"not_picked":["Aggregate","Gash+1"],"picked":"Turbo","floor":31},{"not_picked":["Thunder Strike","Multi-Cast"],"picked":"Core Surge","floor":33},{"not_picked":["Turbo+1","Stack+1"],"picked":"Compile Driver","floor":35},{"not_picked":["Redo","Blizzard+1","Chill+1"],"picked":"SKIP","floor":36},{"not_picked":["Coolheaded","Rebound+1","FTL"],"picked":"SKIP","floor":37}],"player_experience":39014,"relics_obtained":[{"floor":9,"key":"Bronze Scales"},{"floor":11,"key":"Centennial Puzzle"},{"floor":12,"key":"Ancient Tea Set"},{"floor":26,"key":"Blood Vial"},{"floor":30,"key":"MawBank"}],"event_choices":[{"damage_healed":0,"gold_gain":75,"player_choice":"Gather Gold","damage_taken":11,"max_hp_gain":0,"max_hp_loss":0,"event_name":"World of Goop","floor":3,"gold_loss":0},{"damage_healed":0,"gold_gain":0,"player_choice":"Take Wound","damage_taken":0,"relics_obtained":["Golden Idol"],"max_hp_gain":0,"max_hp_loss":0,"event_name":"Golden Idol","floor":4,"gold_loss":0,"cards_obtained":["Injury"]},{"damage_healed":0,"gold_gain":0,"player_choice":"Entered Light","damage_taken":15,"max_hp_gain":0,"max_hp_loss":0,"event_name":"Shining Light","floor":7,"gold_loss":0,"cards_upgraded":["Auto Shields","Strike_B"]},{"damage_healed":0,"gold_gain":0,"cards_transformed":["Defend_B","Reboot"],"player_choice":"Became Test Subject","damage_taken":0,"max_hp_gain":0,"max_hp_loss":0,"event_name":"Drug Dealer","floor":19,"gold_loss":0,"cards_obtained":["Leap","Creative AI"]},{"damage_healed":0,"gold_gain":0,"player_choice":"Ignored","damage_taken":0,"max_hp_gain":0,"max_hp_loss":0,"event_name":"Vampires","floor":25,"gold_loss":0},{"damage_healed":0,"gold_gain":333,"player_choice":"Gave Idol","damage_taken":0,"max_hp_gain":0,"max_hp_loss":0,"event_name":"The Moai Head","floor":39,"relics_lost":["Golden Idol"],"gold_loss":0},{"damage_healed":0,"gold_gain":0,"player_choice":"Embrace Madness","damage_taken":9,"max_hp_gain":0,"max_hp_loss":0,"event_name":"Winding Halls","floor":41,"gold_loss":0,"cards_obtained":["Madness","Madness"]}],"is_beta":false,"boss_relics":[{"not_picked":["Runic Pyramid","Snecko Eye"],"picked":"Astrolabe"},{"not_picked":["Eternal Feather","Runic Dome"],"picked":"Coffee Dripper"}],"items_purged_floors":[],"is_endless":false,"potions_floor_spawned":[5,8,14,30,31,33],"killed_by":"4 Shapes","ascension_level":1}