{"gold_per_floor":[113,10,10,10,10,50,2,45,45,60,60,96,109,130,130,250,250,273,273,291,390,403,403,438,458,458,458,458],"floor_reached":28,"playtime":1162,"items_purged":[],"score":413,"play_id":"b7312da3-5aed-476d-851b-4ea039e21c87","local_time":"20190626201631","is_ascension_mode":true,"campfire_choices":[{"data":"Neutralize","floor":11,"key":"SMITH"},{"data":"Accuracy","floor":15,"key":"SMITH"},{"floor":23,"key":"REST"},{"data":"Accuracy","floor":27,"key":"SMITH"}],"neow_cost":"NONE","seed_source_timestamp":240272281510557,"circlet_count":0,"master_deck":["Defend_G","Defend_G+1","Defend_G","Defend_G","Defend_G","Strike_G+1","Strike_G","Strike_G","Strike_G","Survivor","Neutralize+1","Dagger Spray+1","Infinite Blades","Blade Dance","After Image","Slice","Blade Dance","Cloak And Dagger","Leg Sweep","Deadly Poison","Accuracy+1","Bullet Time+1","Poisoned Stab","Crippling Poison","Accuracy+1"],"relics":["Ring of the Serpent","NeowsBlessing","Golden Idol","Vajra","Bottled Lightning","Whetstone","PreservedInsect","War Paint","Blue Candle"],"potions_floor_usage":[16,16,20,28],"damage_taken":[{"damage":0,"enemies":"Small Slimes","floor":1,"turns":1},{"damage":0,"enemies":"Lagavulin","floor":6,"turns":1},{"damage":0,"enemies":"Gremlin Nob","floor":8,"turns":1},{"damage":2,"enemies":"2 Louse","floor":10,"turns":2},{"damage":16,"enemies":"Lagavulin","floor":12,"turns":7},{"damage":2,"enemies":"Jaw Worm","floor":13,"turns":3},{"damage":2,"enemies":"Blue Slaver","floor":14,"turns":3},{"damage":19,"enemies":"Hexaghost","floor":16,"turns":8},{"damage":1,"enemies":"Shell Parasite","floor":18,"turns":4},{"damage":9,"enemies":"3 Byrds","floor":20,"turns":6},{"damage":22,"enemies":"Snake Plant","floor":22,"turns":5},{"damage":7,"enemies":"Gremlin Leader","floor":24,"turns":6},{"damage":7,"enemies":"Centurion and Healer","floor":25,"turns":7},{"damage":26,"enemies":"Shelled Parasite and Fungi","floor":28,"turns":3}],"seed_played":"-3504134659754655698","potions_obtained":[{"floor":6,"key":"Strength Potion"},{"floor":8,"key":"Swift Potion"},{"floor":10,"key":"Energy Potion"},{"floor":14,"key":"SteroidPotion"},{"floor":16,"key":"Weak Potion"},{"floor":20,"key":"Poison Potion"},{"floor":24,"key":"Dexterity Potion"}],"is_trial":false,"path_per_floor":["M","$","?","?","?","E","$","E","T","M","R","E","M","M","R","B",null,"M","?","M","?","M","R","E","M","T","R","M"],"character_chosen":"THE_SILENT","items_purchased":["Infinite Blades","Blade Dance","Slice"],"campfire_rested":1,"item_purchase_floors":[2,2,7],"current_hp_per_floor":[63,63,56,56,56,56,56,56,56,54,54,38,36,34,34,15,53,52,52,43,43,21,40,33,26,26,26,0],"gold":458,"neow_bonus":"THREE_ENEMY_KILL","is_prod":false,"is_daily":false,"chose_seed":false,"campfire_upgraded":3,"win_rate":0,"timestamp":1561594591,"path_taken":["M","$","?","?","?","E","?","E","T","M","R","E","M","M","R","BOSS","M","?","?","?","M","R","E","M","T","R","M"],"build_version":"2019-01-23","purchased_purges":0,"victory":false,"max_hp_per_floor":[70,70,70,65,65,65,65,65,65,65,65,65,65,65,65,65,65,65,65,65,65,65,65,65,65,65,65,65],"card_choices":[{"not_picked":["Underhanded Strike","Catalyst"],"picked":"Dagger Spray","floor":1},{"not_picked":["Predator","Accuracy"],"picked":"After Image","floor":6},{"not_picked":["Endless Agony","Distraction"],"picked":"Blade Dance","floor":8},{"not_picked":["Deadly Poison","Predator"],"picked":"Cloak And Dagger","floor":10},{"not_picked":["Bouncing Flask","Sucker Punch"],"picked":"Leg Sweep","floor":12},{"not_picked":["Dodge and Roll","Setup"],"picked":"Deadly Poison","floor":13},{"not_picked":["Underhanded Strike","Dagger Throw"],"picked":"Accuracy","floor":14},{"not_picked":["Grand Finale","Venomology"],"picked":"Bullet Time","floor":16},{"not_picked":["Dodge and Roll+1","Setup+1"],"picked":"Poisoned Stab","floor":18},{"not_picked":["Catalyst","Slice"],"picked":"Crippling Poison","floor":20},{"not_picked":["Acrobatics","Prepared","Sucker Punch"],"picked":"SKIP","floor":22},{"not_picked":["Sucker Punch+1","Skewer","Quick Slash"],"picked":"SKIP","floor":24},{"not_picked":["Bouncing Flask+1","PiercingWail"],"picked":"Accuracy","floor":25}],"player_experience":174676,"relics_obtained":[{"floor":6,"key":"Vajra"},{"floor":8,"key":"Bottled Lightning"},{"floor":9,"key":"Whetstone"},{"floor":12,"key":"PreservedInsect"},{"floor":24,"key":"War Paint"},{"floor":26,"key":"Blue Candle"}],"event_choices":[{"cards_removed":["Strike_G"],"damage_healed":0,"gold_gain":0,"player_choice":"Card Removal","damage_taken":7,"max_hp_gain":0,"max_hp_loss":0,"event_name":"Golden Wing","floor":3,"gold_loss":0},{"damage_healed":0,"gold_gain":0,"player_choice":"Lose Max HP","damage_taken":0,"relics_obtained":["Golden Idol"],"max_hp_gain":0,"max_hp_loss":5,"event_name":"Golden Idol","floor":4,"gold_loss":0},{"damage_healed":0,"gold_gain":0,"player_choice":"Leave","damage_taken":0,"max_hp_gain":0,"max_hp_loss":0,"event_name":"The Cleric","floor":5,"gold_loss":0},{"damage_healed":0,"gold_gain":0,"player_choice":"Bought 0 Potions","damage_taken":0,"max_hp_gain":0,"max_hp_loss":0,"event_name":"The Woman in Blue","floor":19,"gold_loss":0},{"damage_healed":0,"gold_gain":99,"player_choice":"Stole From Cult","damage_taken":0,"max_hp_gain":0,"max_hp_loss":0,"event_name":"Nest","floor":21,"gold_loss":0}],"is_beta":false,"boss_relics":[{"not_picked":["Eternal Feather","HoveringKite"],"picked":"Ring of the Serpent"}],"items_purged_floors":[],"is_endless":false,"potions_floor_spawned":[6,8,10,14,16,20,24],"killed_by":"Shelled Parasite and Fungi","ascension_level":7}