{"gold_per_floor":[111,124,199,199,124,159,172,94,94,94,94,94,122,122,122,122],"floor_reached":16,"playtime":538,"items_purged":["Strike_R"],"score":138,"play_id":"9bd108ea-b71f-4601-8f0a-31fa0a29c5ce","local_time":"20190605071538","is_ascension_mode":true,"campfire_choices":[{"data":"Feel No Pain","floor":12,"key":"SMITH"},{"floor":15,"key":"REST"}],"neow_cost":"NONE","seed_source_timestamp":370631035314257,"circlet_count":0,"master_deck":["Strike_R+1","Strike_R","Strike_R","Defend_R","Defend_R","Defend_R","Defend_R","Bash+1","True Grit","Shrug It Off","Disarm","Feel No Pain+1","Warcry+1","Injury"],"relics":["Burning Blood","NeowsBlessing","Matryoshka","Paper Frog","Whetstone","Toxic Egg 2","Bronze Scales","Golden Idol"],"potions_floor_usage":[13,16],"damage_taken":[{"damage":0,"enemies":"Small Slimes","floor":1,"turns":1},{"damage":0,"enemies":"2 Louse","floor":2,"turns":2},{"damage":0,"enemies":"3 Sentries","floor":6,"turns":1},{"damage":4,"enemies":"Jaw Worm","floor":7,"turns":6},{"damage":37,"enemies":"Lagavulin","floor":13,"turns":12},{"damage":49,"enemies":"Hexaghost","floor":16,"turns":14}],"seed_played":"2509487753539746756","potions_obtained":[{"floor":1,"key":"LiquidBronze"},{"floor":7,"key":"SkillPotion"}],"is_trial":false,"path_per_floor":["M","M","?","?","$","E","M","$","T","$","?","R","E","?","R","B"],"character_chosen":"IRONCLAD","items_purchased":["Feel No Pain"],"campfire_rested":1,"item_purchase_floors":[8],"current_hp_per_floor":[80,80,69,51,51,57,59,59,59,59,52,52,21,21,45,0],"gold":122,"neow_bonus":"THREE_ENEMY_KILL","is_prod":false,"is_daily":false,"chose_seed":false,"campfire_upgraded":1,"win_rate":0,"timestamp":1559736938,"path_taken":["M","M","?","?","$","E","M","$","T","?","?","R","E","?","R","BOSS"],"build_version":"2019-01-23","purchased_purges":1,"victory":false,"max_hp_per_floor":[80,80,80,80,80,80,80,80,80,80,80,80,80,80,80,80],"card_choices":[{"not_picked":["Carnage","Havoc","Perfected Strike"],"picked":"SKIP","floor":1},{"not_picked":["Armaments","Havoc"],"picked":"True Grit","floor":2},{"not_picked":["Cleave","Perfected Strike"],"picked":"Shrug It Off","floor":6},{"not_picked":["Impervious","Shrug It Off"],"picked":"Disarm","floor":7},{"not_picked":["Perfected Strike","Rupture"],"picked":"Warcry+1","floor":13}],"player_experience":89265,"relics_obtained":[{"floor":6,"key":"Paper Frog"},{"floor":9,"key":"Whetstone"},{"floor":9,"key":"Toxic Egg 2"},{"floor":13,"key":"Bronze Scales"}],"event_choices":[{"damage_healed":0,"gold_gain":75,"player_choice":"Gather Gold","damage_taken":11,"max_hp_gain":0,"max_hp_loss":0,"event_name":"World of Goop","floor":3,"gold_loss":0},{"damage_healed":0,"gold_gain":0,"player_choice":"Success","damage_taken":18,"relics_obtained":["Matryoshka"],"max_hp_gain":0,"max_hp_loss":0,"event_name":"Scrap Ooze","floor":4,"gold_loss":0},{"cards_removed":["Strike_R"],"damage_healed":0,"gold_gain":0,"player_choice":"Card Removal","damage_taken":7,"max_hp_gain":0,"max_hp_loss":0,"event_name":"Golden Wing","floor":11,"gold_loss":0},{"damage_healed":0,"gold_gain":0,"player_choice":"Take Wound","damage_taken":0,"relics_obtained":["Golden Idol"],"max_hp_gain":0,"max_hp_loss":0,"event_name":"Golden Idol","floor":14,"gold_loss":0,"cards_obtained":["Injury"]}],"is_beta":false,"boss_relics":[],"items_purged_floors":[5],"is_endless":false,"potions_floor_spawned":[1,7],"killed_by":"Hexaghost","ascension_level":1}