{"gold_per_floor":[117,137,57,57,7,22,22,45,45,66,66,66,66,104,104,229,229,247,172,187,50,50,50,65,90,90,90,189,208,208,208],"floor_reached":31,"playtime":1727,"items_purged":["Regret","Strike_R"],"score":270,"play_id":"3e4bcfff-f393-4890-9388-ab70a8b09161","local_time":"20190627064257","is_ascension_mode":true,"campfire_choices":[{"data":"Armaments","floor":7.0,"key":"SMITH"},{"data":"True Grit","floor":11.0,"key":"SMITH"},{"data":"Thunderclap","floor":13.0,"key":"SMITH"},{"data":"Bash","floor":15.0,"key":"SMITH"},{"data":"Dark Embrace","floor":23,"key":"SMITH"},{"floor":27,"key":"REST"}],"neow_cost":"NONE","seed_source_timestamp":0,"circlet_count":0,"master_deck":["Strike_R","Defend_R","Defend_R","Defend_R","Defend_R","Bash+1","Thunderclap+1","Armaments+1","Feel No Pain","Twin Strike","True Grit+1","Dark Embrace+1","Ghostly Armor","Flame Barrier","Metallicize"],"special_seed":0,"relics":["Burning Blood","Golden Idol","Pantograph","Mercury Hourglass","Shovel","Sozu","Question Card"],"potions_floor_usage":[],"damage_taken":[{"damage":8.0,"enemies":"Small Slimes","floor":1.0,"turns":6.0},{"damage":0.0,"enemies":"2 Louse","floor":2.0,"turns":3.0},{"damage":5.0,"enemies":"Jaw Worm","floor":6.0,"turns":7.0},{"damage":2.0,"enemies":"2 Fungi Beasts","floor":8.0,"turns":3.0},{"damage":3.0,"enemies":"3 Louse","floor":10.0,"turns":4.0},{"damage":26.0,"enemies":"Gremlin Nob","floor":14.0,"turns":4.0},{"damage":76.0,"enemies":"Hexaghost","floor":16.0,"turns":12.0},{"damage":17.0,"enemies":"3 Byrds","floor":18.0,"turns":5.0},{"damage":33,"enemies":"2 Thieves","floor":20,"turns":5},{"damage":2,"enemies":"Cultist and Chosen","floor":24,"turns":8},{"damage":21,"enemies":"Snecko","floor":25,"turns":7},{"damage":16,"enemies":"Sentry and Sphere","floor":29,"turns":8},{"damage":68,"enemies":"Slavers","floor":31,"turns":4}],"seed_played":"-8704259933372001461","potions_obtained":[{"floor":1.0,"key":"BloodPotion"},{"floor":8.0,"key":"SteroidPotion"},{"floor":10.0,"key":"SkillPotion"}],"is_trial":false,"path_per_floor":["M","M","$","?","?","M","R","M","T","M","R","?","R","E","R","B",null,"M","$","M","$","?","R","M","M","T","R","?","M","?","E"],"character_chosen":"IRONCLAD","items_purchased":["Feel No Pain","Ghostly Armor"],"campfire_rested":1,"item_purchase_floors":[3,21],"current_hp_per_floor":[86,88,88,66,66,67,67,71,71,74,74,74,74,54,54,17,88,77,77,50,50,50,50,54,39,39,65,65,55,55,0],"gold":208,"neow_bonus":"TEN_PERCENT_HP_BONUS","is_prod":false,"is_daily":false,"chose_seed":false,"campfire_upgraded":5,"win_rate":0,"timestamp":1561635777,"path_taken":["M","M","$","?","?","M","R","M","T","M","R","?","R","E","R","BOSS","M","$","M","$","?","R","M","M","T","R","?","M","?","E"],"build_version":"2019-01-23","purchased_purges":2,"victory":false,"max_hp_per_floor":[88,88,88,88,88,88,88,88,88,88,88,88,88,88,88,88,88,88,88,88,88,88,88,88,88,88,88,88,88,88,88],"card_choices":[{"not_picked":["Armaments","Entrench"],"picked":"Thunderclap","floor":1.0},{"not_picked":["True Grit","Dropkick"],"picked":"Armaments","floor":2.0},{"not_picked":["Pommel Strike","Cleave"],"picked":"Twin Strike","floor":6.0},{"not_picked":["Twin Strike","Shrug It Off"],"picked":"True Grit","floor":8.0},{"not_picked":["Blood for Blood","Flame Barrier","Perfected Strike"],"picked":"SKIP","floor":10.0},{"not_picked":["Pummel","Searing Blow","Clash"],"picked":"SKIP","floor":14.0},{"not_picked":["Offering","Bludgeon"],"picked":"Dark Embrace","floor":16.0},{"not_picked":["Intimidate","Pommel Strike","Shrug It Off"],"picked":"SKIP","floor":18.0},{"not_picked":["Whirlwind+1","Evolve","Metallicize+1"],"picked":"SKIP","floor":20},{"not_picked":["Infernal Blade","Clothesline","Dropkick+1"],"picked":"SKIP","floor":24},{"not_picked":["True Grit+1","Wild Strike","Spot Weakness+1"],"picked":"SKIP","floor":25},{"not_picked":["Warcry","Blood for Blood+1","Shockwave","Bloodletting+1"],"picked":"SKIP","floor":29}],"player_experience":298768,"relics_obtained":[{"floor":9.0,"key":"Pantograph"},{"floor":14.0,"key":"Shovel"},{"floor":26,"key":"Question Card"}],"event_choices":[{"damage_healed":0.0,"max_hp_gain":0.0,"max_hp_loss":0.0,"gold_gain":0.0,"event_name":"Golden Idol","player_choice":"Take Damage","floor":4.0,"gold_loss":0.0,"damage_taken":22.0,"relics_obtained":["Golden Idol"]},{"cards_removed":["Strike_R"],"damage_healed":0.0,"max_hp_gain":0.0,"max_hp_loss":0.0,"gold_gain":0.0,"event_name":"The Cleric","player_choice":"Card Removal","floor":5.0,"gold_loss":50.0,"damage_taken":0.0},{"damage_healed":0.0,"max_hp_gain":0.0,"max_hp_loss":0.0,"gold_gain":0.0,"event_name":"Big Fish","player_choice":"Box","floor":12.0,"gold_loss":0.0,"damage_taken":0.0,"relics_obtained":["Mercury Hourglass"],"cards_obtained":["Regret"]},{"damage_healed":0,"gold_gain":0,"cards_transformed":["Strike_R","Strike_R"],"player_choice":"Became Test Subject","damage_taken":0,"max_hp_gain":0,"max_hp_loss":0,"event_name":"Drug Dealer","floor":22,"gold_loss":0,"cards_obtained":["Flame Barrier","Metallicize"]},{"damage_healed":0,"gold_gain":99,"player_choice":"Stole From Cult","damage_taken":0,"max_hp_gain":0,"max_hp_loss":0,"event_name":"Nest","floor":28,"gold_loss":0},{"damage_healed":0,"gold_gain":0,"player_choice":"Bought 0 Potions","damage_taken":0,"max_hp_gain":0,"max_hp_loss":0,"event_name":"The Woman in Blue","floor":30,"gold_loss":0}],"is_beta":false,"boss_relics":[{"not_picked":["Fusion Hammer","Black Blood"],"picked":"Sozu"}],"items_purged_floors":[19,21],"is_endless":false,"potions_floor_spawned":[1,8,10,24,29],"killed_by":"Slavers","ascension_level":3}