{"gold_per_floor":[119,69,79,79,79,111,111,138,138,138,138,138,138,172,172,273,273,289,19,118,137,152,152,170,170],"floor_reached":25,"playtime":839,"items_purged":["Strike_G"],"score":293,"play_id":"8521d729-7ea0-49b0-83b3-2ede7893c8a9","local_time":"20190622150759","is_ascension_mode":true,"campfire_choices":[{"floor":11,"key":"REST"},{"floor":15,"key":"REST"},{"floor":23,"key":"REST"}],"neow_cost":"NONE","seed_source_timestamp":6095521861945,"circlet_count":0,"master_deck":["Defend_G","Defend_G+1","Defend_G+1","Defend_G","Defend_G","Strike_G","Strike_G","Strike_G","Strike_G","Survivor","Neutralize+1","Doppelganger","Poisoned Stab","Dagger Spray","Deadly Poison","Catalyst","Pain","Burst","Die Die Die","Quick Slash","Backflip"],"relics":["Ring of the Snake","Ornamental Fan","CultistMask","Bag of Preparation","Juzu Bracelet","WarpedTongs","Blue Candle","Shovel","HoveringKite","Bronze Scales"],"potions_floor_usage":[],"damage_taken":[{"damage":0,"enemies":"2 Louse","floor":1,"turns":2},{"damage":2,"enemies":"Jaw Worm","floor":3,"turns":3},{"damage":30,"enemies":"Gremlin Nob","floor":6,"turns":5},{"damage":23,"enemies":"Lagavulin","floor":8,"turns":7},{"damage":18,"enemies":"3 Sentries","floor":14,"turns":7},{"damage":20,"enemies":"The Guardian","floor":16,"turns":9},{"damage":10,"enemies":"Chosen","floor":18,"turns":5},{"damage":25,"enemies":"Spheric Guardian","floor":21,"turns":6},{"damage":13,"enemies":"Centurion and Healer","floor":22,"turns":8},{"damage":21,"enemies":"Snake Plant","floor":24,"turns":4},{"damage":11,"enemies":"Book of Stabbing","floor":25,"turns":3}],"seed_played":"626085252714901713","potions_obtained":[{"floor":6,"key":"FairyPotion"},{"floor":16,"key":"PowerPotion"},{"floor":18,"key":"Explosive Potion"},{"floor":21,"key":"Strength Potion"}],"is_trial":false,"path_per_floor":["M","$","M","?","?","E","?","E","T","?","R","?","?","E","R","B",null,"M","$","?","M","M","R","M","E"],"character_chosen":"THE_SILENT","items_purchased":["Dagger Spray","Backflip","Bronze Scales"],"campfire_rested":3,"item_purchase_floors":[2,19,19],"current_hp_per_floor":[63,63,61,61,47,17,17,2,2,2,23,23,23,5,26,6,54,44,44,44,19,6,27,6,0],"gold":170,"neow_bonus":"ONE_RANDOM_RARE_CARD","is_prod":false,"is_daily":false,"chose_seed":false,"campfire_upgraded":0,"win_rate":0,"timestamp":1561230479,"path_taken":["M","$","M","?","?","E","?","E","T","?","R","?","?","E","R","BOSS","M","$","?","M","M","R","M","E"],"build_version":"2019-01-23","purchased_purges":1,"victory":false,"max_hp_per_floor":[70,70,70,70,70,70,70,70,70,70,70,70,70,70,70,70,70,70,70,70,70,70,70,70,70],"card_choices":[{"not_picked":["Quick Slash","Caltrops"],"picked":"Poisoned Stab","floor":1},{"not_picked":["Acrobatics","Dagger Spray"],"picked":"Deadly Poison","floor":3},{"not_picked":["Concentrate","Acrobatics"],"picked":"Bane","floor":6},{"not_picked":["Flying Knee","Dodge and Roll"],"picked":"Catalyst","floor":8},{"not_picked":["Sucker Punch","Expertise"],"picked":"Burst","floor":14},{"not_picked":["Unload","Bullet Time"],"picked":"Die Die Die","floor":16},{"not_picked":["Flechettes","Sucker Punch"],"picked":"Quick Slash","floor":18},{"not_picked":["Cloak And Dagger","Predator","Outmaneuver"],"picked":"SKIP","floor":21},{"not_picked":["Flying Knee","Acrobatics","Quick Slash"],"picked":"SKIP","floor":22},{"not_picked":["Flying Knee","Poisoned Stab","Tools of the Trade"],"picked":"SKIP","floor":24}],"player_experience":156805,"relics_obtained":[{"floor":6,"key":"Ornamental Fan"},{"floor":8,"key":"Bag of Preparation"},{"floor":9,"key":"Juzu Bracelet"},{"floor":14,"key":"Shovel"}],"event_choices":[{"damage_healed":0,"gold_gain":0,"player_choice":"Ignored","damage_taken":0,"max_hp_gain":0,"max_hp_loss":0,"event_name":"Liars Game","floor":4,"gold_loss":0},{"damage_healed":0,"gold_gain":0,"player_choice":"Entered Light","damage_taken":14,"max_hp_gain":0,"max_hp_loss":0,"event_name":"Shining Light","floor":5,"gold_loss":0,"cards_upgraded":["Defend_G","Defend_G"]},{"damage_healed":0,"gold_gain":0,"player_choice":"Trade","damage_taken":0,"relics_obtained":["CultistMask"],"max_hp_gain":0,"max_hp_loss":0,"event_name":"FaceTrader","floor":7,"gold_loss":0},{"damage_healed":0,"gold_gain":0,"player_choice":"Rummage","damage_taken":0,"relics_obtained":["WarpedTongs"],"max_hp_gain":0,"max_hp_loss":0,"event_name":"Accursed Blacksmith","floor":10,"gold_loss":0,"cards_obtained":["Pain"]},{"cards_removed":["Bane"],"damage_healed":0,"gold_gain":0,"player_choice":"Gave Card","damage_taken":0,"relics_obtained":["Blue Candle"],"max_hp_gain":0,"max_hp_loss":0,"event_name":"WeMeetAgain","floor":12,"gold_loss":0},{"damage_healed":0,"gold_gain":0,"player_choice":"Grow","damage_taken":0,"max_hp_gain":0,"max_hp_loss":0,"event_name":"Living Wall","floor":13,"gold_loss":0,"cards_upgraded":["Neutralize"]},{"damage_healed":0,"gold_gain":99,"player_choice":"Stole From Cult","damage_taken":0,"max_hp_gain":0,"max_hp_loss":0,"event_name":"Nest","floor":20,"gold_loss":0}],"is_beta":false,"boss_relics":[{"not_picked":["Pandora\u0027s Box","Lizard Tail"],"picked":"HoveringKite"}],"items_purged_floors":[19],"is_endless":false,"potions_floor_spawned":[6,16,18,21],"killed_by":"Book of Stabbing","ascension_level":7}