{"gold_per_floor":[110,110,110,285,295,321,334,334,334,334,351,351],"floor_reached":12,"playtime":304,"items_purged":[],"score":108,"play_id":"9f12953e-323c-435c-be55-a6178a562771","local_time":"20190604122807","is_ascension_mode":true,"campfire_choices":[{"data":"Thunderclap","floor":8,"key":"SMITH"},{"data":"Cleave","floor":10,"key":"SMITH"}],"neow_cost":"NONE","seed_source_timestamp":303210595186002,"circlet_count":0,"master_deck":["Strike_R","Strike_R","Strike_R","Strike_R","Defend_R","Defend_R","Defend_R","Defend_R","Bash","Doubt","Thunderclap+1","Cleave+1"],"relics":["Burning Blood","NeowsBlessing","Charon\u0027s Ashes","Dream Catcher","Magic Flower"],"potions_floor_usage":[],"damage_taken":[{"damage":0,"enemies":"Small Slimes","floor":1,"turns":1},{"damage":0,"enemies":"Jaw Worm","floor":5,"turns":1},{"damage":0,"enemies":"Gremlin Nob","floor":6,"turns":1},{"damage":7,"enemies":"2 Louse","floor":7,"turns":3},{"damage":18,"enemies":"Lots of Slimes","floor":11,"turns":3},{"damage":67,"enemies":"Lagavulin","floor":12,"turns":8}],"seed_played":"-5844612224256083608","potions_obtained":[{"floor":5,"key":"LiquidBronze"},{"floor":11,"key":"Dexterity Potion"}],"is_trial":false,"path_per_floor":["M","?","?","?","M","E","M","R","T","R","M","E"],"character_chosen":"IRONCLAD","items_purchased":[],"campfire_rested":0,"item_purchase_floors":[],"current_hp_per_floor":[80,68,61,61,67,73,72,72,72,72,63,0],"gold":351,"neow_bonus":"THREE_ENEMY_KILL","is_prod":false,"is_daily":false,"chose_seed":false,"campfire_upgraded":2,"win_rate":0,"timestamp":1559669287,"path_taken":["M","?","?","?","M","E","M","R","T","R","M","E"],"build_version":"2019-01-23","purchased_purges":0,"victory":false,"max_hp_per_floor":[80,80,80,80,80,80,80,80,80,80,80,80],"card_choices":[{"not_picked":["Armaments","Headbutt","True Grit"],"picked":"SKIP","floor":1},{"not_picked":["Clash","Pommel Strike","Armaments"],"picked":"SKIP","floor":5},{"not_picked":["Reckless Charge","Fire Breathing"],"picked":"Thunderclap","floor":6},{"not_picked":["Rage","Body Slam"],"picked":"Cleave","floor":7},{"not_picked":["Clothesline","Cleave","Offering"],"picked":"SKIP","floor":11}],"player_experience":80726,"relics_obtained":[{"floor":6,"key":"Dream Catcher"},{"floor":9,"key":"Magic Flower"}],"event_choices":[{"damage_healed":0,"gold_gain":0,"player_choice":"Success","damage_taken":12,"relics_obtained":["Charon\u0027s Ashes"],"max_hp_gain":0,"max_hp_loss":0,"event_name":"Scrap Ooze","floor":2,"gold_loss":0},{"cards_removed":["Strike_R"],"damage_healed":0,"gold_gain":0,"player_choice":"Card Removal","damage_taken":7,"max_hp_gain":0,"max_hp_loss":0,"event_name":"Golden Wing","floor":3,"gold_loss":0},{"damage_healed":0,"gold_gain":175,"player_choice":"AGREE","damage_taken":0,"max_hp_gain":0,"max_hp_loss":0,"event_name":"Liars Game","floor":4,"gold_loss":0,"cards_obtained":["Doubt"]}],"is_beta":false,"boss_relics":[],"items_purged_floors":[],"is_endless":false,"potions_floor_spawned":[5,11],"killed_by":"Lagavulin","ascension_level":1}