{"gold_per_floor":[113,125,139,139,154,186,186,213,240,275,288,305,305,305,305,409,409,429,444,142,142,160,160,192,208,235,263,263,363,191,220,220,324,324,340,393,403,22,22,22,47,63,63,94,113,131,163,182,182,182,182,182,1,35,35],"floor_reached":56,"playtime":5607,"items_purged":["Strike_G","Defend_G+1","Tactician+1"],"score":1422,"play_id":"261a2482-ce78-4724-9bb5-ba00a1e496c5","local_time":"20190609140913","is_ascension_mode":true,"campfire_choices":[{"data":"Footwork","floor":7.0,"key":"SMITH"},{"floor":15.0,"key":"REST"},{"data":"Bouncing Flask","floor":23.0,"key":"SMITH"},{"data":"Noxious Fumes","floor":32.0,"key":"SMITH"},{"floor":40.0,"key":"RECALL"},{"floor":49.0,"key":"REST"},{"data":"Bouncing Flask","floor":52.0,"key":"SMITH"}],"neow_cost":"TEN_PERCENT_HP_LOSS","seed_source_timestamp":0,"circlet_count":0,"master_deck":["Defend_G+1","Defend_G+1","Strike_G+1","Survivor+1","Neutralize","Bouncing Flask+1","Poisoned Stab","Backflip+1","Blur","Footwork+1","Well Laid Plans","Leg Sweep","Dodge and Roll","Corpse Explosion","PiercingWail+1","Flying Knee","Noxious Fumes+1","Sucker Punch+1","Backflip","Crippling Poison","Noxious Fumes","Well Laid Plans","Leg Sweep+1","Burst","Corpse Explosion+1","Poisoned Stab+1","Terror+1","Well Laid Plans+1","PiercingWail+1","Malaise","Catalyst+1","PiercingWail+1","Catalyst+1","Bouncing Flask+1","Bullet Time","Catalyst"],"special_seed":0,"relics":["Ring of the Snake","Unceasing Top","Bronze Scales","Regal Pillow","Bag of Preparation","Juzu Bracelet","Meat on the Bone","Velvet Choker","Ancient Tea Set","Bird Faced Urn","Happy Flower","War Paint","Incense Burner","Blue Candle","Vajra","Astrolabe","Prayer Wheel","Mummified Hand","Ninja Scroll","Pocketwatch","Paper Crane","Oddly Smooth Stone","Bottled Flame"],"potions_floor_usage":[55,55],"damage_taken":[{"damage":2.0,"enemies":"Small Slimes","floor":1.0,"turns":4.0},{"damage":5.0,"enemies":"Jaw Worm","floor":2.0,"turns":4.0},{"damage":0.0,"enemies":"Cultist","floor":3.0,"turns":3.0},{"damage":1.0,"enemies":"Red Slaver","floor":5.0,"turns":4.0},{"damage":9.0,"enemies":"3 Sentries","floor":6.0,"turns":9.0},{"damage":2.0,"enemies":"Gremlin Nob","floor":8.0,"turns":4.0},{"damage":12.0,"enemies":"Lagavulin","floor":10.0,"turns":7.0},{"damage":0.0,"enemies":"2 Fungi Beasts","floor":11.0,"turns":3.0},{"damage":4.0,"enemies":"Exordium Thugs","floor":12.0,"turns":5.0},{"damage":1.0,"enemies":"Slime Boss","floor":16.0,"turns":11.0},{"damage":1.0,"enemies":"Shell Parasite","floor":18.0,"turns":4.0},{"damage":0.0,"enemies":"3 Byrds","floor":19.0,"turns":3.0},{"damage":20.0,"enemies":"Centurion and Healer","floor":22.0,"turns":5.0},{"damage":1.0,"enemies":"Slavers","floor":24.0,"turns":3.0},{"damage":7.0,"enemies":"Sentry and Sphere","floor":25.0,"turns":4.0},{"damage":0.0,"enemies":"Book of Stabbing","floor":27.0,"turns":5.0},{"damage":8.0,"enemies":"Colosseum Slavers","floor":29.0,"turns":4.0},{"damage":5.0,"enemies":"Colosseum Nobs","floor":29.0,"turns":3.0},{"damage":0.0,"enemies":"Slavers","floor":31.0,"turns":4.0},{"damage":9.0,"enemies":"Champ","floor":33.0,"turns":11.0},{"damage":5.0,"enemies":"3 Shapes","floor":35.0,"turns":3.0},{"damage":3.0,"enemies":"2 Orb Walkers","floor":36.0,"turns":4.0},{"damage":15.0,"enemies":"Orb Walker","floor":37.0,"turns":4.0},{"damage":13.0,"enemies":"Reptomancer","floor":41.0,"turns":5.0},{"damage":6.0,"enemies":"Maw","floor":42.0,"turns":6.0},{"damage":0.0,"enemies":"Giant Head","floor":44.0,"turns":4.0},{"damage":7.0,"enemies":"Sphere and 2 Shapes","floor":45.0,"turns":4.0},{"damage":4.0,"enemies":"Writhing Mass","floor":46.0,"turns":3.0},{"damage":49.0,"enemies":"Nemesis","floor":47.0,"turns":5.0},{"damage":0.0,"enemies":"Jaw Worm Horde","floor":48.0,"turns":4.0},{"damage":3.0,"enemies":"Donu and Deca","floor":50.0,"turns":5.0},{"damage":8.0,"enemies":"Shield and Spear","floor":54.0,"turns":4.0},{"damage":37,"enemies":"The Heart","floor":55,"turns":5}],"seed_played":"5925016236295370116","potions_obtained":[{"floor":1.0,"key":"Block Potion"},{"floor":3.0,"key":"GamblersBrew"},{"floor":5.0,"key":"AttackPotion"},{"floor":10.0,"key":"Strength Potion"},{"floor":16.0,"key":"EssenceOfSteel"},{"floor":18.0,"key":"Strength Potion"},{"floor":19.0,"key":"Dexterity Potion"},{"floor":29.0,"key":"Poison Potion"},{"floor":33.0,"key":"SpeedPotion"},{"floor":35.0,"key":"GhostInAJar"},{"floor":44.0,"key":"Weak Potion"},{"floor":45.0,"key":"Dexterity Potion"},{"floor":47.0,"key":"Poison Potion"},{"floor":48.0,"key":"LiquidBronze"}],"is_trial":false,"path_per_floor":["M","M","M","?","M","E","R","E","T","E","M","M","T","?","R","B",null,"M","M","$","?","M","R","E","M","T","E","?","?","$","E","R","B",null,"M","?","M","$","?","R","E","M","T","E","M","M","E","M","R","B",null,"R","$","E","B",null],"character_chosen":"THE_SILENT","items_purchased":["Noxious Fumes","Ancient Tea Set","Well Laid Plans","Mummified Hand","Oddly Smooth Stone","Catalyst"],"campfire_rested":2,"item_purchase_floors":[20,20,30,38,53,53],"current_hp_per_floor":[61,56,56,43,42,33,33,31,31,19,19,15,15,15,48,47,63,62,62,62,62,42,42,41,40,40,46,46,45,45,55,55,54,63,60,59,52,52,52,52,51,57,57,63,60,62,30,40,63,63,63,63,63,57,42],"gold":35,"neow_bonus":"ONE_RARE_RELIC","is_prod":false,"is_daily":false,"chose_seed":false,"campfire_upgraded":4,"win_rate":0,"timestamp":1560103753,"path_taken":["M","M","M","?","M","E","R","E","T","E","M","M","?","?","R","BOSS","M","M","$","?","M","R","E","M","T","E","?","?","$","E","R","BOSS","M","?","M","$","?","R","E","M","T","E","M","M","E","M","R","BOSS","R","$","E","BOSS"],"build_version":"2019-01-23","purchased_purges":3,"victory":true,"max_hp_per_floor":[63,63,63,63,63,63,63,63,63,63,63,63,63,63,63,63,63,63,63,63,63,63,63,63,63,63,63,63,63,63,63,63,63,63,63,63,63,63,63,63,63,63,63,63,63,63,63,63,63,63,63,63,63,63,63],"card_choices":[{"not_picked":["Terror","Escape Plan"],"picked":"Bouncing Flask","floor":1.0},{"not_picked":["Prepared","Slice"],"picked":"Poisoned Stab","floor":2.0},{"not_picked":["Dodge and Roll","Slice"],"picked":"Backflip","floor":3.0},{"not_picked":["Poisoned Stab","All Out Attack"],"picked":"Blur","floor":5.0},{"not_picked":["Acrobatics","Dodge and Roll"],"picked":"Footwork","floor":6.0},{"not_picked":["Night Terror","Prepared"],"picked":"Well Laid Plans","floor":8.0},{"not_picked":["Poisoned Stab","Dagger Throw"],"picked":"Leg Sweep","floor":10.0},{"not_picked":["Expertise","Underhanded Strike"],"picked":"Bane","floor":11.0},{"not_picked":["Dagger Throw","Outmaneuver"],"picked":"Dodge and Roll","floor":12.0},{"not_picked":["Night Terror","Glass Knife"],"picked":"Corpse Explosion","floor":16.0},{"not_picked":["Tactician","Heel Hook"],"picked":"PiercingWail","floor":18.0},{"not_picked":["Underhanded Strike+1","Quick Slash+1"],"picked":"Flying Knee","floor":19.0},{"not_picked":["Dagger Throw+1","Dodge and Roll"],"picked":"Sucker Punch+1","floor":22.0},{"not_picked":["Poisoned Stab+1","Deadly Poison"],"picked":"Backflip","floor":24.0},{"not_picked":["Underhanded Strike","Backflip+1"],"picked":"Crippling Poison","floor":25.0},{"not_picked":["Leg Sweep","Crippling Poison"],"picked":"Noxious Fumes","floor":27.0},{"not_picked":["Poisoned Stab","Reflex"],"picked":"Leg Sweep+1","floor":31.0},{"not_picked":["Unload","Phantasmal Killer"],"picked":"Burst","floor":33.0},{"not_picked":["Prepared","Dagger Throw"],"picked":"Terror+1","floor":35.0},{"not_picked":["Dagger Spray","Terror"],"picked":"Well Laid Plans+1","floor":37.0},{"not_picked":["Deflect+1","Noxious Fumes"],"picked":"PiercingWail+1","floor":37.0},{"not_picked":["Eviscerate","Blade Dance"],"picked":"Malaise","floor":41.0},{"not_picked":["PiercingWail","All Out Attack+1"],"picked":"Catalyst+1","floor":42.0},{"not_picked":["Quick Slash","Dagger Throw+1"],"picked":"PiercingWail+1","floor":42.0},{"not_picked":["Poisoned Stab+1","Dagger Throw"],"picked":"Catalyst+1","floor":44.0},{"not_picked":["Infinite Blades","Choke"],"picked":"Bouncing Flask","floor":45.0},{"not_picked":["PiercingWail","Blade Dance","Choke+1"],"picked":"SKIP","floor":45.0},{"not_picked":["Quick Slash","Backstab+1","Skewer"],"picked":"SKIP","floor":46.0},{"not_picked":["Poisoned Stab","Backflip","Sucker Punch"],"picked":"SKIP","floor":46.0},{"not_picked":["Accuracy+1","Acrobatics+1","Cloak And Dagger+1"],"picked":"SKIP","floor":47.0},{"not_picked":["Slice","Prepared"],"picked":"Bullet Time","floor":48.0},{"not_picked":["Prepared+1","Finisher","Acrobatics"],"picked":"SKIP","floor":48.0},{"not_picked":["Reflex","Dagger Spray+1","Acrobatics"],"picked":"SKIP","floor":54.0}],"player_experience":214639,"relics_obtained":[{"floor":6.0,"key":"Bronze Scales"},{"floor":8.0,"key":"Regal Pillow"},{"floor":9.0,"key":"Bag of Preparation"},{"floor":10.0,"key":"Juzu Bracelet"},{"floor":13.0,"key":"Meat on the Bone"},{"floor":24.0,"key":"Bird Faced Urn"},{"floor":26.0,"key":"Happy Flower"},{"floor":27.0,"key":"War Paint"},{"floor":29.0,"key":"Incense Burner"},{"floor":29.0,"key":"Blue Candle"},{"floor":31.0,"key":"Vajra"},{"floor":36.0,"key":"Prayer Wheel"},{"floor":41.0,"key":"Ninja Scroll"},{"floor":44.0,"key":"Pocketwatch"},{"floor":47.0,"key":"Paper Crane"},{"floor":54.0,"key":"Bottled Flame"}],"event_choices":[{"damage_healed":0.0,"max_hp_gain":0.0,"max_hp_loss":0.0,"gold_gain":0.0,"event_name":"Shining Light","player_choice":"Entered Light","floor":4.0,"gold_loss":0.0,"damage_taken":13.0,"cards_upgraded":["Strike_G","Backflip"]},{"cards_removed":["Strike_G"],"damage_healed":0.0,"max_hp_gain":0.0,"max_hp_loss":0.0,"gold_gain":0.0,"event_name":"Purifier","player_choice":"Purged","floor":14.0,"gold_loss":0.0,"damage_taken":0.0},{"damage_healed":0.0,"max_hp_gain":0.0,"max_hp_loss":0.0,"gold_gain":0.0,"event_name":"Back to Basics","player_choice":"Simplicity","floor":21.0,"gold_loss":0.0,"damage_taken":0.0,"cards_upgraded":["Defend_G","Defend_G","Defend_G","Defend_G","Defend_G","Strike_G","Strike_G"]},{"cards_removed":["Strike_G"],"damage_healed":0.0,"max_hp_gain":0.0,"max_hp_loss":0.0,"gold_gain":0.0,"event_name":"Bonfire Elementals","player_choice":"Offered Basic","floor":28.0,"gold_loss":0.0,"damage_taken":0.0},{"damage_healed":0.0,"max_hp_gain":0.0,"max_hp_loss":0.0,"gold_gain":0.0,"event_name":"Colosseum","player_choice":"Fight","floor":29.0,"gold_loss":0.0,"damage_taken":0.0},{"damage_healed":0.0,"max_hp_gain":0.0,"max_hp_loss":0.0,"gold_gain":0.0,"event_name":"Colosseum","player_choice":"Fought Nobs","floor":29.0,"gold_loss":0.0,"damage_taken":0.0},{"damage_healed":0.0,"max_hp_gain":0.0,"max_hp_loss":0.0,"gold_gain":0.0,"event_name":"Mysterious Sphere","player_choice":"Fight","floor":36.0,"gold_loss":0.0,"damage_taken":0.0},{"cards_removed":["Bane"],"damage_healed":0.0,"max_hp_gain":0.0,"max_hp_loss":0.0,"gold_gain":0.0,"event_name":"Falling","player_choice":"Removed Attack","floor":39.0,"gold_loss":0.0,"damage_taken":0.0}],"is_beta":false,"boss_relics":[{"not_picked":["Fusion Hammer","Coffee Dripper"],"picked":"Velvet Choker"},{"not_picked":["HoveringKite","Black Star"],"picked":"Astrolabe"}],"items_purged_floors":[20,30,38],"is_endless":false,"potions_floor_spawned":[1,3,5,10,16,18,19,29,29,33,35,44,45,46,47,48],"ascension_level":1}