{"gold_per_floor":[117,117,66,76,91,91,121,46,46,46,74,106,136,163,175,187],"floor_reached":16,"playtime":483,"items_purged":[],"score":190,"play_id":"3a4e6e8d-61e1-4b41-94cd-5a37fc3104ab","local_time":"20190624192504","is_ascension_mode":true,"campfire_choices":[{"data":"A Thousand Cuts","floor":6,"key":"SMITH"},{"data":"Neutralize","floor":15,"key":"SMITH"}],"neow_cost":"NONE","seed_source_timestamp":288308547449700,"circlet_count":0,"master_deck":["AscendersBane","Defend_G","Defend_G","Defend_G","Defend_G","Defend_G","Strike_G","Strike_G","Strike_G","Strike_G","Survivor","Neutralize+1","Cloak And Dagger","Cloak And Dagger","Cloak And Dagger","A Thousand Cuts+1","Crippling Poison","Backstab","Cloak And Dagger","Dodge and Roll"],"relics":["Ring of the Snake","NeowsBlessing","Smiling Mask","MawBank"],"potions_floor_usage":[12,16],"damage_taken":[{"damage":0,"enemies":"Cultist","floor":1,"turns":1},{"damage":0,"enemies":"2 Louse","floor":4,"turns":1},{"damage":0,"enemies":"Small Slimes","floor":5,"turns":1},{"damage":0,"enemies":"Looter","floor":11,"turns":4},{"damage":2,"enemies":"Large Slime","floor":12,"turns":5},{"damage":4,"enemies":"Blue Slaver","floor":13,"turns":5},{"damage":5,"enemies":"Exordium Wildlife","floor":14,"turns":7},{"damage":49,"enemies":"Hexaghost","floor":16,"turns":14}],"seed_played":"6676020221745517566","potions_obtained":[{"floor":2,"key":"SpeedPotion"},{"floor":2,"key":"Fire Potion"},{"floor":4,"key":"Fire Potion"}],"is_trial":false,"path_per_floor":["M","?","$","M","M","R","?","?","T","T","M","M","M","M","R","B"],"character_chosen":"THE_SILENT","items_purchased":["Cloak And Dagger"],"campfire_rested":0,"item_purchase_floors":[3],"current_hp_per_floor":[59,59,59,59,59,59,59,59,59,59,59,57,53,48,48,0],"gold":187,"neow_bonus":"THREE_ENEMY_KILL","is_prod":false,"is_daily":false,"chose_seed":false,"campfire_upgraded":2,"win_rate":0,"timestamp":1561418704,"path_taken":["M","?","$","M","?","R","?","?","T","?","M","M","M","M","R","BOSS"],"build_version":"2019-01-23","purchased_purges":0,"victory":false,"max_hp_per_floor":[66,66,66,66,66,66,66,66,66,66,66,66,66,66,66,66],"card_choices":[{"not_picked":["Prepared","Backflip"],"picked":"Cloak And Dagger","floor":1},{"not_picked":["Prepared","Dagger Throw"],"picked":"Cloak And Dagger","floor":4},{"not_picked":["Catalyst","Concentrate"],"picked":"A Thousand Cuts","floor":5},{"not_picked":["PiercingWail","Setup"],"picked":"Crippling Poison","floor":11},{"not_picked":["Calculated Gamble","Backflip"],"picked":"Backstab","floor":12},{"not_picked":["Flying Knee","Flechettes"],"picked":"Cloak And Dagger","floor":13},{"not_picked":["Slice","Concentrate"],"picked":"Dodge and Roll","floor":14}],"player_experience":1355623,"relics_obtained":[{"floor":9,"key":"Smiling Mask"},{"floor":10,"key":"MawBank"}],"event_choices":[{"damage_healed":0,"gold_gain":0,"player_choice":"Got Potions","damage_taken":0,"max_hp_gain":0,"max_hp_loss":0,"event_name":"Lab","floor":2,"gold_loss":0},{"damage_healed":0,"gold_gain":30,"player_choice":"Searched \u00271\u0027 times","damage_taken":0,"max_hp_gain":0,"max_hp_loss":0,"event_name":"Dead Adventurer","floor":7,"gold_loss":0},{"cards_removed":["Strike_G"],"damage_healed":0,"gold_gain":0,"player_choice":"Card Removal","damage_taken":0,"max_hp_gain":0,"max_hp_loss":0,"event_name":"The Cleric","floor":8,"gold_loss":75}],"is_beta":false,"boss_relics":[],"items_purged_floors":[],"is_endless":false,"potions_floor_spawned":[4,11],"killed_by":"Hexaghost","ascension_level":15}