{"gold_per_floor":[118,118,118,129,54,54,129,129,129,129,139,39,56,72,72,72],"floor_reached":16,"playtime":660,"items_purged":["Strike_G","Strike_G"],"score":167,"play_id":"0f9cb154-4519-4c23-8838-6da909197f50","local_time":"20190625134551","is_ascension_mode":true,"campfire_choices":[{"data":"Terror","floor":6,"key":"SMITH"},{"floor":8,"key":"REST"},{"floor":15,"key":"REST"}],"neow_cost":"PERCENT_DAMAGE","seed_source_timestamp":15267394691100,"circlet_count":0,"master_deck":["AscendersBane","Defend_G","Defend_G","Defend_G","Defend_G","Defend_G","Strike_G","Survivor","Neutralize","Backstab","Terror+1","Flying Knee","Tactician","Flying Knee"],"relics":["Ring of the Snake","Ice Cream","Nunchaku","Gambling Chip"],"potions_floor_usage":[16],"damage_taken":[{"damage":0,"enemies":"2 Louse","floor":1,"turns":3},{"damage":6,"enemies":"Small Slimes","floor":4,"turns":3},{"damage":4,"enemies":"Jaw Worm","floor":11,"turns":3},{"damage":2,"enemies":"Lots of Slimes","floor":13,"turns":12},{"damage":16,"enemies":"Exordium Thugs","floor":14,"turns":8},{"damage":34,"enemies":"Slime Boss","floor":16,"turns":7}],"seed_played":"2087476296197404384","potions_obtained":[{"floor":1,"key":"FearPotion"}],"is_trial":false,"path_per_floor":["M","?","?","M","$","R","?","R","T","?","M","$","M","M","R","B"],"character_chosen":"THE_SILENT","items_purchased":[],"campfire_rested":2,"item_purchase_floors":[],"current_hp_per_floor":[44,39,39,33,33,33,22,41,41,34,30,30,28,12,31,0],"gold":72,"neow_bonus":"ONE_RARE_RELIC","is_prod":false,"is_daily":false,"chose_seed":false,"campfire_upgraded":1,"win_rate":0,"timestamp":1561484751,"path_taken":["M","?","?","M","$","R","?","R","T","?","?","$","M","M","R","BOSS"],"build_version":"2019-01-23","purchased_purges":2,"victory":false,"max_hp_per_floor":[66,66,66,66,66,66,66,66,66,66,66,66,66,66,66,66],"card_choices":[{"not_picked":["Bane","Deflect"],"picked":"Backstab","floor":1},{"not_picked":["Infinite Blades","Dagger Throw"],"picked":"Terror","floor":4},{"not_picked":["Blade Dance","Dagger Throw"],"picked":"Flying Knee","floor":11},{"not_picked":["Underhanded Strike","Cloak And Dagger"],"picked":"Tactician","floor":13},{"not_picked":["Deflect","Dodge and Roll"],"picked":"Flying Knee","floor":14}],"player_experience":1406633,"relics_obtained":[{"floor":9,"key":"Gambling Chip"}],"event_choices":[{"damage_healed":0,"gold_gain":0,"player_choice":"Success","damage_taken":5,"relics_obtained":["Nunchaku"],"max_hp_gain":0,"max_hp_loss":0,"event_name":"Scrap Ooze","floor":2,"gold_loss":0},{"cards_removed":["Strike_G"],"damage_healed":0,"gold_gain":0,"player_choice":"Forget","damage_taken":0,"max_hp_gain":0,"max_hp_loss":0,"event_name":"Living Wall","floor":3,"gold_loss":0},{"damage_healed":0,"gold_gain":75,"player_choice":"Gather Gold","damage_taken":11,"max_hp_gain":0,"max_hp_loss":0,"event_name":"World of Goop","floor":7,"gold_loss":0},{"cards_removed":["Strike_G"],"damage_healed":0,"gold_gain":0,"player_choice":"Card Removal","damage_taken":7,"max_hp_gain":0,"max_hp_loss":0,"event_name":"Golden Wing","floor":10,"gold_loss":0}],"is_beta":false,"boss_relics":[],"items_purged_floors":[5,12],"is_endless":false,"potions_floor_spawned":[1],"killed_by":"Slime Boss","ascension_level":17}