{"gold_per_floor":[113,63,63,63,63,63,97,22,48,48,48,48,91,191,191,312,312,325,148,63,63,79,79,112,112,138,138,4,27,27,63,63,187,187,203,203,303,525,544,41,79,79,104,118,118,159,159,177,177,177],"floor_reached":50,"playtime":5980,"items_purged":["Strike_G","Strike_G","Defend_G","Defend_G"],"score":825,"play_id":"71965a2b-c5f2-4400-82cb-1bb44b87bc19","local_time":"20190623222930","is_ascension_mode":true,"campfire_choices":[{"data":"Neutralize","floor":6.0,"key":"SMITH"},{"data":"Dash","floor":10.0,"key":"SMITH"},{"data":"Deflect","floor":12.0,"key":"SMITH"},{"floor":15.0,"key":"REST"},{"data":"Footwork","floor":23,"key":"SMITH"},{"data":"Cloak And Dagger","floor":25,"key":"SMITH"},{"data":"Corpse Explosion","floor":27,"key":"SMITH"},{"data":"After Image","floor":30,"key":"SMITH"},{"floor":32,"key":"REST"},{"data":"Dark Shackles","floor":45,"key":"SMITH"},{"data":"Dash","floor":47,"key":"SMITH"},{"floor":49,"key":"REST"}],"neow_cost":"CURSE","seed_source_timestamp":0,"circlet_count":0,"master_deck":["AscendersBane","Defend_G","Defend_G","Defend_G","Survivor","Neutralize+1","Corpse Explosion+1","Dash+1","Deflect+1","After Image+1","Poisoned Stab+1","Footwork+1","Calculated Gamble","Prepared","Cloak And Dagger+1","Dark Shackles+1","Riddle With Holes+1","Writhe","Swift Strike","Footwork","Deadly Poison","Backstab","Deflect+1","Distraction+1","Dash+1"],"special_seed":0,"relics":["Ring of the Snake","Bag of Marbles","Juzu Bracelet","Golden Idol","Shuriken","Busted Crown","Smiling Mask","Red Mask","Orichalcum","Potion Belt","Sozu","Vajra","Bag of Preparation","Toxic Egg 2","Bronze Scales","Nunchaku"],"potions_floor_usage":[33,50],"damage_taken":[{"damage":4.0,"enemies":"Jaw Worm","floor":1.0,"turns":5.0},{"damage":30.0,"enemies":"Gremlin Nob","floor":7.0,"turns":6.0},{"damage":25.0,"enemies":"Lagavulin","floor":13.0,"turns":9.0},{"damage":20.0,"enemies":"The Guardian","floor":16.0,"turns":14.0},{"damage":7,"enemies":"Shell Parasite","floor":18,"turns":7},{"damage":5,"enemies":"2 Thieves","floor":22,"turns":3},{"damage":0,"enemies":"Masked Bandits","floor":24,"turns":3},{"damage":0,"enemies":"Cultist and Chosen","floor":29,"turns":6},{"damage":18,"enemies":"Slavers","floor":31,"turns":5},{"damage":16,"enemies":"Collector","floor":33,"turns":11},{"damage":0,"enemies":"3 Shapes","floor":35,"turns":2},{"damage":12,"enemies":"Orb Walker","floor":39,"turns":7},{"damage":11,"enemies":"Nemesis","floor":41,"turns":9},{"damage":0,"enemies":"Writhing Mass","floor":44,"turns":7},{"damage":8,"enemies":"Reptomancer","floor":46,"turns":7},{"damage":15,"enemies":"Transient","floor":48,"turns":5},{"damage":52,"enemies":"Time Eater","floor":50,"turns":12}],"seed_played":"-6439328824347213168","potions_obtained":[{"floor":7.0,"key":"GhostInAJar"},{"floor":16.0,"key":"LiquidBronze"},{"floor":29,"key":"Explosive Potion"}],"is_trial":false,"path_per_floor":["M","?","?","?","$","R","E","$","T","R","?","R","E","?","R","B",null,"M","$","?","?","M","R","?","R","T","R","$","M","R","E","R","B",null,"M","?","?","?","M","$","E","T","T","M","R","E","R","M","R","B"],"character_chosen":"THE_SILENT","items_purchased":["Footwork","Dark Shackles","Vajra","Swift Strike","Footwork","Deadly Poison","Backstab"],"campfire_rested":3,"item_purchase_floors":[19,28,40,40,40,40,40],"current_hp_per_floor":[59,59,59,64,64,64,34,34,34,34,34,34,9,9,29,9,54,47,47,47,47,42,42,42,42,42,42,42,42,42,24,44,28,59,59,69,69,69,57,57,46,46,46,46,46,38,38,23,43,0],"gold":177,"neow_bonus":"THREE_RARE_CARDS","is_prod":false,"is_daily":false,"chose_seed":false,"campfire_upgraded":9,"win_rate":0,"timestamp":1561343370,"path_taken":["M","?","?","?","?","R","E","$","T","R","?","R","E","?","R","BOSS","M","$","?","?","M","R","?","R","T","R","?","M","R","E","R","BOSS","M","?","?","?","M","$","E","?","T","M","R","E","R","M","R","BOSS"],"build_version":"2019-01-23","purchased_purges":4,"victory":false,"max_hp_per_floor":[70,70,70,75,75,75,75,75,75,75,69,69,69,69,69,69,69,69,69,69,69,69,69,69,69,69,69,69,69,69,69,69,69,69,69,69,69,69,69,69,69,69,69,69,69,69,69,69,69,69],"card_choices":[{"not_picked":["Venomology","Bullet Time"],"picked":"Corpse Explosion","floor":0.0},{"not_picked":["Cloak And Dagger","Slice"],"picked":"Dash","floor":1.0},{"not_picked":["Well Laid Plans","Sucker Punch"],"picked":"Deflect","floor":7.0},{"not_picked":["Predator","Deflect","Skewer"],"picked":"SKIP","floor":13.0},{"not_picked":["Tools of the Trade","Glass Knife"],"picked":"After Image","floor":16.0},{"not_picked":[],"picked":"Poisoned Stab+1","floor":18},{"not_picked":["Dodge and Roll"],"picked":"SKIP","floor":22},{"not_picked":["Dodge and Roll"],"picked":"SKIP","floor":22},{"not_picked":[],"picked":"Cloak And Dagger","floor":24},{"not_picked":["Underhanded Strike"],"picked":"SKIP","floor":29},{"not_picked":["Setup"],"picked":"SKIP","floor":31},{"not_picked":[],"picked":"Riddle With Holes+1","floor":35},{"not_picked":["Setup"],"picked":"SKIP","floor":39},{"not_picked":["Setup"],"picked":"SKIP","floor":39},{"not_picked":[],"picked":"Deflect+1","floor":41},{"not_picked":[],"picked":"Distraction+1","floor":44},{"not_picked":[],"picked":"Dash","floor":46},{"not_picked":["Flying Knee+1"],"picked":"SKIP","floor":48}],"player_experience":635381,"relics_obtained":[{"floor":7.0,"key":"Bag of Marbles"},{"floor":9.0,"key":"Juzu Bracelet"},{"floor":13.0,"key":"Shuriken"},{"floor":24,"key":"Red Mask"},{"floor":26,"key":"Orichalcum"},{"floor":31,"key":"Potion Belt"},{"floor":41,"key":"Bag of Preparation"},{"floor":42,"key":"Toxic Egg 2"},{"floor":43,"key":"Bronze Scales"},{"floor":46,"key":"Nunchaku"}],"event_choices":[{"cards_removed":["Doubt"],"damage_healed":0.0,"max_hp_gain":0.0,"max_hp_loss":0.0,"gold_gain":0.0,"event_name":"The Cleric","player_choice":"Card Removal","floor":2.0,"gold_loss":50.0,"damage_taken":0.0},{"cards_removed":["Strike_G"],"damage_healed":0.0,"max_hp_gain":0.0,"max_hp_loss":0.0,"gold_gain":0.0,"event_name":"Living Wall","player_choice":"Forget","floor":3.0,"gold_loss":0.0,"damage_taken":0.0},{"damage_healed":0.0,"max_hp_gain":5.0,"max_hp_loss":0.0,"gold_gain":0.0,"event_name":"Big Fish","player_choice":"Donut","floor":4.0,"gold_loss":0.0,"damage_taken":0.0},{"damage_healed":0.0,"max_hp_gain":0.0,"max_hp_loss":6.0,"gold_gain":0.0,"event_name":"Golden Idol","player_choice":"Lose Max HP","floor":11.0,"gold_loss":0.0,"damage_taken":0.0,"relics_obtained":["Golden Idol"]},{"damage_healed":0.0,"max_hp_gain":0.0,"max_hp_loss":0.0,"gold_gain":100.0,"event_name":"Golden Shrine","player_choice":"Pray","floor":14.0,"gold_loss":0.0,"damage_taken":0.0},{"damage_healed":0,"gold_gain":0,"player_choice":"Obtained Relic","damage_taken":0,"relics_obtained":["Smiling Mask"],"max_hp_gain":0,"max_hp_loss":0,"event_name":"Addict","floor":20,"gold_loss":85},{"damage_healed":0,"gold_gain":0,"cards_transformed":["Strike_G","Strike_G"],"player_choice":"Became Test Subject","damage_taken":0,"max_hp_gain":0,"max_hp_loss":0,"event_name":"Drug Dealer","floor":21,"gold_loss":0,"cards_obtained":["Calculated Gamble","Prepared"]},{"damage_healed":0,"gold_gain":0,"player_choice":"Fought Bandits","damage_taken":0,"max_hp_gain":0,"max_hp_loss":0,"event_name":"Masked Bandits","floor":24,"gold_loss":0},{"damage_healed":17,"gold_gain":0,"player_choice":"Writhe","damage_taken":0,"max_hp_gain":0,"max_hp_loss":0,"event_name":"Winding Halls","floor":36,"gold_loss":0,"cards_obtained":["Writhe"]},{"damage_healed":0,"gold_gain":100,"player_choice":"Pray","damage_taken":0,"max_hp_gain":0,"max_hp_loss":0,"event_name":"Golden Shrine","floor":37,"gold_loss":0},{"damage_healed":0,"gold_gain":222,"player_choice":"Wore Mask","damage_taken":0,"max_hp_gain":0,"max_hp_loss":0,"event_name":"Tomb of Lord Red Mask","floor":38,"gold_loss":0}],"is_beta":false,"boss_relics":[{"not_picked":["WristBlade","Tiny House"],"picked":"Busted Crown"},{"not_picked":["Calling Bell","Empty Cage"],"picked":"Sozu"}],"items_purged_floors":[8,19,28,40],"is_endless":false,"potions_floor_spawned":[7,16,29,39,41,44],"killed_by":"Time Eater","ascension_level":11}