{"gold_per_floor":[11,24,40,115,115,115,40,10,10,10,30,30],"floor_reached":12,"playtime":900,"items_purged":["Regret"],"score":105,"play_id":"96caddb1-9280-402c-b6ad-b3b809208c7b","local_time":"20190624123400","is_ascension_mode":true,"campfire_choices":[{"data":"Deadly Poison","floor":10,"key":"SMITH"}],"neow_cost":"NO_GOLD","seed_source_timestamp":0,"circlet_count":0,"master_deck":["AscendersBane","Defend_G","Defend_G","Defend_G","Defend_G","Strike_G","Strike_G","Strike_G","Strike_G","Survivor","Neutralize","Deadly Poison+1","Accuracy","Choke","Bouncing Flask","Blade Dance"],"special_seed":0,"relics":["Ring of the Snake","Dream Catcher","Golden Idol","Boot"],"potions_floor_usage":[12],"damage_taken":[{"damage":9,"enemies":"Cultist","floor":1,"turns":5},{"damage":0,"enemies":"Small Slimes","floor":2,"turns":3},{"damage":0,"enemies":"2 Louse","floor":3,"turns":3},{"damage":4,"enemies":"Looter","floor":8,"turns":4},{"damage":14,"enemies":"Red Slaver","floor":11,"turns":4},{"damage":34,"enemies":"3 Sentries","floor":12,"turns":5}],"seed_played":"-3979958107546975266","potions_obtained":[{"floor":1,"key":"SpeedPotion"},{"floor":2,"key":"FearPotion"}],"is_trial":false,"path_per_floor":["M","M","M","?","?","?","$","M","T","R","M","E"],"character_chosen":"THE_SILENT","items_purchased":[],"campfire_rested":0,"item_purchase_floors":[],"current_hp_per_floor":[54,54,54,43,43,43,43,39,39,39,25,0],"gold":30,"neow_bonus":"REMOVE_TWO","is_prod":false,"is_daily":false,"chose_seed":false,"campfire_upgraded":1,"win_rate":0,"timestamp":1561394040,"path_taken":["M","M","M","?","?","?","$","M","T","R","M","E"],"build_version":"2019-01-23","purchased_purges":1,"victory":false,"max_hp_per_floor":[70,70,70,70,70,65,65,65,65,65,65,65],"card_choices":[{"not_picked":["Concentrate","Slice"],"picked":"Deadly Poison","floor":1},{"not_picked":["Prepared","Quick Slash"],"picked":"Accuracy","floor":2},{"not_picked":["Acrobatics","Underhanded Strike"],"picked":"Choke","floor":3},{"not_picked":["Acrobatics","Backstab"],"picked":"Bouncing Flask","floor":8},{"not_picked":["Riddle With Holes","Outmaneuver"],"picked":"Blade Dance","floor":11}],"player_experience":641361,"relics_obtained":[{"floor":9,"key":"Boot"}],"event_choices":[{"damage_healed":0,"gold_gain":75,"player_choice":"Gather Gold","damage_taken":11,"max_hp_gain":0,"max_hp_loss":0,"event_name":"World of Goop","floor":4,"gold_loss":0},{"damage_healed":0,"gold_gain":0,"player_choice":"Box","damage_taken":0,"relics_obtained":["Dream Catcher"],"max_hp_gain":0,"max_hp_loss":0,"event_name":"Big Fish","floor":5,"gold_loss":0,"cards_obtained":["Regret"]},{"damage_healed":0,"gold_gain":0,"player_choice":"Lose Max HP","damage_taken":0,"relics_obtained":["Golden Idol"],"max_hp_gain":0,"max_hp_loss":5,"event_name":"Golden Idol","floor":6,"gold_loss":0}],"is_beta":false,"boss_relics":[],"items_purged_floors":[7],"is_endless":false,"potions_floor_spawned":[1,2],"killed_by":"3 Sentries","ascension_level":11}