{"gold_per_floor":[115,134,134,146,156,156,184,198,223,240,240,1,20,20,20,96,96,112,112,123,173,186,186,248,266,266,266,286,314,98,131,131,209,209,223,237,142,154,74,101,101,114,188,188,200,200,214,228,228,228,228],"floor_reached":52,"playtime":3110,"items_purged":["Strike_R"],"score":1921,"play_id":"0dd9c648-2d09-4a5c-ba17-c258a25ce654","local_time":"20190627100528","is_ascension_mode":true,"campfire_choices":[{"data":"Armaments","floor":6.0,"key":"SMITH"},{"data":"Inflame","floor":11.0,"key":"SMITH"},{"data":"Rupture","floor":15.0,"key":"SMITH"},{"floor":23,"key":"REST"},{"floor":27,"key":"REST"},{"floor":32,"key":"REST"},{"floor":44,"key":"REST"},{"floor":46,"key":"REST"},{"data":"Heavy Blade","floor":49,"key":"SMITH"}],"neow_cost":"NONE","seed_source_timestamp":0,"circlet_count":0,"master_deck":["AscendersBane","Strike_R","Strike_R","Defend_R","Defend_R","Defend_R","Defend_R","Bash","Armaments+1","Inflame+1","Cleave","Clothesline","Metallicize","Havoc","Uppercut","Rupture+1","Feed","Anger","Body Slam+1","Spot Weakness","Shockwave","Battle Trance","Shrug It Off+1","Ghostly Armor","Bloodletting","Heavy Blade+1","Metallicize+1","Sword Boomerang","Offering","Bandage Up","Fiend Fire","Corruption"],"special_seed":0,"relics":["Burning Blood","Dream Catcher","Mummified Hand","Regal Pillow","Philosopher\u0027s Stone","MutagenicStrength","Tiny Chest","Bottled Lightning","Centennial Puzzle","Happy Flower","Shuriken","Busted Crown","Bag of Preparation","Gambling Chip","Paper Frog"],"potions_floor_usage":[20,22,31,31,33,35,40,50,51],"damage_taken":[{"damage":4.0,"enemies":"2 Louse","floor":1.0,"turns":4.0},{"damage":2.0,"enemies":"Cultist","floor":2.0,"turns":4.0},{"damage":2.0,"enemies":"Jaw Worm","floor":4.0,"turns":5.0},{"damage":7.0,"enemies":"Exordium Wildlife","floor":5.0,"turns":5.0},{"damage":12.0,"enemies":"Gremlin Nob","floor":7.0,"turns":4.0},{"damage":12.0,"enemies":"3 Louse","floor":8.0,"turns":4.0},{"damage":5.0,"enemies":"Gremlin Gang","floor":10.0,"turns":5.0},{"damage":6.0,"enemies":"Red Slaver","floor":13.0,"turns":3.0},{"damage":25.0,"enemies":"The Guardian","floor":16.0,"turns":14.0},{"damage":9.0,"enemies":"Shell Parasite","floor":18.0,"turns":5.0},{"damage":7,"enemies":"Spheric Guardian","floor":20,"turns":4},{"damage":34,"enemies":"3 Cultists","floor":22,"turns":5},{"damage":43,"enemies":"Gremlin Leader","floor":24,"turns":6},{"damage":21,"enemies":"Snake Plant","floor":25,"turns":4},{"damage":21,"enemies":"Chosen and Byrds","floor":28,"turns":6},{"damage":29,"enemies":"Book of Stabbing","floor":29,"turns":5},{"damage":12,"enemies":"Slavers","floor":31,"turns":4},{"damage":51,"enemies":"Automaton","floor":33,"turns":8},{"damage":8,"enemies":"3 Darklings","floor":35,"turns":3},{"damage":18,"enemies":"3 Shapes","floor":36,"turns":4},{"damage":15,"enemies":"Jaw Worm Horde","floor":38,"turns":3},{"damage":46,"enemies":"Giant Head","floor":40,"turns":6},{"damage":21,"enemies":"Transient","floor":42,"turns":6},{"damage":23,"enemies":"Maw","floor":45,"turns":6},{"damage":0,"enemies":"3 Darklings","floor":47,"turns":3},{"damage":2,"enemies":"4 Shapes","floor":48,"turns":3},{"damage":61,"enemies":"Time Eater","floor":50,"turns":8},{"damage":57,"enemies":"Donu and Deca","floor":51,"turns":7}],"seed_played":"-3807613718301828177","potions_obtained":[{"floor":2.0,"key":"Block Potion"},{"floor":7.0,"key":"SpeedPotion"},{"floor":8.0,"key":"EssenceOfSteel"},{"floor":20,"key":"Explosive Potion"},{"floor":22,"key":"SteroidPotion"},{"floor":25,"key":"SteroidPotion"},{"floor":31,"key":"FearPotion"},{"floor":33,"key":"Explosive Potion"},{"floor":36,"key":"GamblersBrew"},{"floor":40,"key":"Ancient Potion"},{"floor":42,"key":"FearPotion"},{"floor":45,"key":"SpeedPotion"}],"is_trial":false,"path_per_floor":["M","M","?","M","M","R","E","M","T","M","R","$","M","?","R","B",null,"M","?","M","?","M","R","E","M","T","R","M","E","$","E","R","B",null,"M","M","$","M","$","E","?","M","T","R","M","R","M","M","R","B","B",null],"character_chosen":"IRONCLAD","items_purchased":["Uppercut","Rupture","Happy Flower","Heavy Blade","Bandage Up","Fiend Fire"],"campfire_rested":5,"item_purchase_floors":[12,12,30,30,37,39],"current_hp_per_floor":[70,74,74,75,74,74,68,62,62,63,63,63,63,56,56,37,66,66,66,65,65,40,79,46,31,31,71,56,33,33,30,71,30,77,75,67,67,65,65,32,32,21,21,66,56,102,108,108,108,57,13],"gold":228,"neow_bonus":"RANDOM_COMMON_RELIC","is_prod":false,"is_daily":false,"chose_seed":false,"campfire_upgraded":4,"win_rate":0,"timestamp":1561640728,"path_taken":["M","M","?","?","?","R","E","M","T","M","R","$","M","?","R","BOSS","M","?","M","?","M","R","E","M","T","R","M","E","$","E","R","BOSS","M","?","?","M","$","E","?","?","T","R","M","R","M","M","R","BOSS","BOSS"],"build_version":"2019-01-23","purchased_purges":1,"victory":true,"max_hp_per_floor":[75,75,75,75,75,75,75,75,75,75,75,75,75,75,75,75,75,78,78,78,78,81,81,85,85,85,85,85,85,85,88,88,92,92,92,96,96,99,99,102,102,102,102,102,105,105,108,108,108,108,111],"card_choices":[{"not_picked":["Wild Strike","Clothesline"],"picked":"Armaments","floor":1.0},{"not_picked":["Battle Trance","Flame Barrier"],"picked":"Inflame","floor":2.0},{"not_picked":["Perfected Strike","Flame Barrier"],"picked":"Clothesline","floor":4.0},{"not_picked":["Bloodletting","Armaments","Blood for Blood"],"picked":"SKIP","floor":5.0},{"not_picked":["Offering","Spot Weakness"],"picked":"Metallicize","floor":7.0},{"not_picked":["Clothesline","Sword Boomerang"],"picked":"Havoc","floor":8.0},{"not_picked":["Twin Strike","Ghostly Armor","Sentinel"],"picked":"SKIP","floor":10.0},{"not_picked":["Sword Boomerang","Perfected Strike","Searing Blow"],"picked":"SKIP","floor":13.0},{"not_picked":["Double Tap","Offering"],"picked":"Feed","floor":16.0},{"not_picked":["Wild Strike","Sword Boomerang"],"picked":"Anger","floor":18},{"not_picked":["Flex","Thunderclap"],"picked":"Body Slam+1","floor":20},{"not_picked":["Dual Wield","Flex+1"],"picked":"Spot Weakness","floor":22},{"not_picked":["Shrug It Off","Armaments+1"],"picked":"Shockwave","floor":23},{"not_picked":["Immolate","Warcry"],"picked":"Battle Trance","floor":24},{"not_picked":["Headbutt","Fire Breathing"],"picked":"Shrug It Off+1","floor":25},{"not_picked":["Body Slam","Perfected Strike+1"],"picked":"Ghostly Armor","floor":28},{"not_picked":["Warcry","Blood for Blood"],"picked":"Bloodletting","floor":29},{"not_picked":["Rage","True Grit"],"picked":"Metallicize+1","floor":31},{"not_picked":["Armaments","Anger"],"picked":"Sword Boomerang","floor":32},{"not_picked":["Dark Embrace","Brutality"],"picked":"Offering","floor":33},{"not_picked":["Cleave+1"],"picked":"SKIP","floor":35},{"not_picked":["Havoc"],"picked":"SKIP","floor":36},{"not_picked":["Second Wind+1"],"picked":"SKIP","floor":38},{"not_picked":["Dropkick"],"picked":"SKIP","floor":40},{"not_picked":[],"picked":"Corruption","floor":42},{"not_picked":["Rampage"],"picked":"SKIP","floor":45},{"not_picked":["Sword Boomerang"],"picked":"SKIP","floor":47},{"not_picked":["Thunderclap"],"picked":"SKIP","floor":48}],"player_experience":1201383,"relics_obtained":[{"floor":7.0,"key":"Mummified Hand"},{"floor":9.0,"key":"Regal Pillow"},{"floor":24,"key":"Tiny Chest"},{"floor":26,"key":"Bottled Lightning"},{"floor":29,"key":"Centennial Puzzle"},{"floor":31,"key":"Shuriken"},{"floor":40,"key":"Bag of Preparation"},{"floor":43,"key":"Paper Frog"}],"event_choices":[{"damage_healed":0.0,"max_hp_gain":0.0,"max_hp_loss":0.0,"gold_gain":0.0,"cards_transformed":["Strike_R"],"event_name":"Transmorgrifier","player_choice":"Transformed","floor":3.0,"gold_loss":0.0,"damage_taken":0.0,"cards_obtained":["Cleave"]},{"cards_removed":["Strike_R"],"damage_healed":0.0,"max_hp_gain":0.0,"max_hp_loss":0.0,"gold_gain":0.0,"event_name":"Golden Wing","player_choice":"Card Removal","floor":14.0,"gold_loss":0.0,"damage_taken":7.0},{"damage_healed":0,"gold_gain":0,"player_choice":"Inject Mutagens","damage_taken":0,"relics_obtained":["MutagenicStrength"],"max_hp_gain":0,"max_hp_loss":0,"event_name":"Drug Dealer","floor":19,"gold_loss":0},{"damage_healed":0,"gold_gain":100,"player_choice":"Bet on Murderer","damage_taken":0,"max_hp_gain":0,"max_hp_loss":0,"event_name":"The Joust","floor":21,"gold_loss":50},{"damage_healed":0,"gold_gain":0,"player_choice":"Gave Potion","damage_taken":0,"relics_obtained":["Gambling Chip"],"max_hp_gain":0,"max_hp_loss":0,"event_name":"WeMeetAgain","floor":41,"gold_loss":0}],"is_beta":false,"boss_relics":[{"not_picked":["Eternal Feather","Orrery"],"picked":"Philosopher\u0027s Stone"},{"not_picked":["Mark of Pain","Cursed Key"],"picked":"Busted Crown"}],"items_purged_floors":[12],"is_endless":false,"potions_floor_spawned":[2,7,8,16,20,22,25,31,33,36,40,42,45,47],"ascension_level":20}