{"gold_per_floor":[109,109,126,18,34,34,50,50,77,104,118,118,118,145,145,223,223,237,237,148,148,98,131,131,142,166,166,186,200,229,229,229,301,301,311,188,204,224,92,7,7,7,85,118,129,155,155,155,155,155],"floor_reached":51,"playtime":2568,"items_purged":["Defend_G","Strike_G","Defend_G","Defend_G"],"score":1452,"play_id":"f460ed56-9c4a-4850-93c1-d1e2e6be61e7","local_time":"20190625100548","is_ascension_mode":true,"campfire_choices":[{"data":"Dagger Spray","floor":6,"key":"SMITH"},{"data":"Footwork","floor":8,"key":"SMITH"},{"data":"Terror","floor":12,"key":"SMITH"},{"data":"Neutralize","floor":15,"key":"SMITH"},{"data":"Leg Sweep","floor":24,"key":"SMITH"},{"data":"Calculated Gamble","floor":32,"key":"SMITH"},{"data":"Survivor","floor":41,"key":"SMITH"},{"data":"Flying Knee","floor":49,"key":"SMITH"}],"neow_cost":"TEN_PERCENT_HP_LOSS","seed_source_timestamp":148102483000,"circlet_count":0,"master_deck":["AscendersBane","Defend_G+1","Defend_G+1","Survivor+1","Neutralize+1","Footwork+1","Backstab","Masterful Stab","Dagger Spray+1","Flying Knee+1","Terror+1","Calculated Gamble+1","Tools of the Trade","Quick Slash+1","Backstab","Blur+1","Leg Sweep+1","Slice+1","Die Die Die","After Image+1","Backstab","Noxious Fumes+1","Bane+1"],"relics":["Ring of the Snake","CultistMask","Smiling Mask","Blood Vial","Mercury Hourglass","PreservedInsect","Empty Cage","Pear","War Paint","MutagenicStrength","Frozen Egg 2","Singing Bowl","Lizard Tail","Centennial Puzzle","Meat on the Bone","Ice Cream","Gremlin Horn"],"potions_floor_usage":[16,16,28,30,33,38,44,45,50],"damage_taken":[{"damage":0,"enemies":"2 Louse","floor":1,"turns":4},{"damage":3,"enemies":"Cultist","floor":3,"turns":6},{"damage":0,"enemies":"Small Slimes","floor":5,"turns":5},{"damage":0,"enemies":"Red Slaver","floor":7,"turns":4},{"damage":37,"enemies":"Lagavulin","floor":10,"turns":8},{"damage":0,"enemies":"3 Louse","floor":11,"turns":1},{"damage":7,"enemies":"Gremlin Nob","floor":14,"turns":3},{"damage":0,"enemies":"Hexaghost","floor":16,"turns":9},{"damage":4,"enemies":"Spheric Guardian","floor":18,"turns":4},{"damage":0,"enemies":"Gremlin Leader","floor":23,"turns":3},{"damage":0,"enemies":"3 Byrds","floor":25,"turns":3},{"damage":1,"enemies":"Centurion and Healer","floor":28,"turns":4},{"damage":0,"enemies":"Sentry and Sphere","floor":29,"turns":3},{"damage":0,"enemies":"Book of Stabbing","floor":30,"turns":5},{"damage":46,"enemies":"Automaton","floor":33,"turns":15},{"damage":0,"enemies":"Orb Walker","floor":35,"turns":4},{"damage":0,"enemies":"3 Shapes","floor":37,"turns":6},{"damage":0,"enemies":"Spire Growth","floor":38,"turns":6},{"damage":9,"enemies":"Nemesis","floor":44,"turns":13},{"damage":0,"enemies":"Sphere and 2 Shapes","floor":45,"turns":7},{"damage":7,"enemies":"Reptomancer","floor":46,"turns":5},{"damage":58,"enemies":"Time Eater","floor":50,"turns":16}],"seed_played":"5227256232301938903","potions_obtained":[{"floor":1,"key":"LiquidBronze"},{"floor":11,"key":"EssenceOfSteel"},{"floor":16,"key":"Ancient Potion"},{"floor":23,"key":"AttackPotion"},{"floor":29,"key":"SkillPotion"},{"floor":37,"key":"GhostInAJar"},{"floor":44,"key":"SkillPotion"},{"floor":46,"key":"Fire Potion"}],"is_trial":false,"path_per_floor":["M","?","M","$","M","R","M","R","T","E","M","R","T","E","R","B",null,"M","?","$","?","$","E","R","M","T","?","M","M","E","T","R","B",null,"M","$","M","M","$","?","R","$","T","E","M","E","?","?","R","B",null],"character_chosen":"THE_SILENT","items_purchased":["Masterful Stab","Blur","GhostInAJar","Backstab","SkillPotion"],"campfire_rested":0,"item_purchase_floors":[4,20,36,39,39],"current_hp_per_floor":[59,59,56,56,56,56,56,56,56,19,21,21,21,16,16,18,50,48,48,48,48,48,60,60,62,62,62,63,65,67,67,67,23,58,62,62,66,70,70,70,70,70,70,63,67,62,62,62,62,18],"gold":155,"neow_bonus":"REMOVE_TWO","is_prod":false,"is_daily":false,"chose_seed":false,"campfire_upgraded":8,"win_rate":0,"timestamp":1561471548,"path_taken":["M","?","M","$","?","R","M","R","T","E","M","R","?","E","R","BOSS","M","?","$","?","$","E","R","?","T","?","M","M","E","?","R","BOSS","M","$","M","M","$","?","R","?","T","E","M","E","?","?","R","BOSS"],"build_version":"2019-01-23","purchased_purges":4,"victory":true,"max_hp_per_floor":[60,60,60,60,60,60,60,60,60,60,60,60,60,60,60,60,60,60,60,60,60,60,70,70,70,70,70,70,70,70,70,70,70,70,72,72,74,76,76,76,76,76,76,76,78,78,74,74,74,74],"card_choices":[{"not_picked":["Poisoned Stab","Flechettes"],"picked":"Footwork","floor":1},{"not_picked":["Infinite Blades","Deflect"],"picked":"Backstab","floor":3},{"not_picked":["Dodge and Roll","Outmaneuver"],"picked":"Dagger Spray","floor":5},{"not_picked":["Venomology","Riddle With Holes"],"picked":"Flying Knee","floor":7},{"not_picked":["Backflip","Envenom"],"picked":"Terror","floor":10},{"not_picked":["Heel Hook","Endless Agony","Concentrate"],"picked":"SKIP","floor":11},{"not_picked":["Bullet Time","Deadly Poison"],"picked":"Calculated Gamble","floor":14},{"not_picked":["Grand Finale","A Thousand Cuts"],"picked":"Tools of the Trade","floor":16},{"not_picked":["Bane","Backflip+1"],"picked":"Quick Slash+1","floor":18},{"not_picked":["Dagger Throw","Slice"],"picked":"Leg Sweep","floor":23},{"not_picked":["Outmaneuver+1","Dagger Throw","Dagger Spray"],"picked":"SKIP","floor":25},{"not_picked":["Catalyst+1","Outmaneuver+1","Quick Slash"],"picked":"SKIP","floor":28},{"not_picked":["Flying Knee","Acrobatics"],"picked":"Slice+1","floor":29},{"not_picked":["PiercingWail","Catalyst"],"picked":"Die Die Die","floor":30},{"not_picked":["Night Terror","Doppelganger"],"picked":"After Image+1","floor":33},{"not_picked":["Crippling Poison","Sucker Punch","Dagger Throw+1"],"picked":"Singing Bowl","floor":35},{"not_picked":["Cloak And Dagger+1","Choke","Dash"],"picked":"Singing Bowl","floor":37},{"not_picked":["Distraction","Deflect","Backflip"],"picked":"Singing Bowl","floor":38},{"not_picked":["Malaise","Dagger Spray"],"picked":"Noxious Fumes+1","floor":44},{"not_picked":["Underhanded Strike","Dash","Poisoned Stab+1"],"picked":"Singing Bowl","floor":45},{"not_picked":["Dodge and Roll","Backflip"],"picked":"Bane+1","floor":46}],"player_experience":1397096,"relics_obtained":[{"floor":9,"key":"Smiling Mask"},{"floor":10,"key":"Blood Vial"},{"floor":13,"key":"Mercury Hourglass"},{"floor":14,"key":"PreservedInsect"},{"floor":23,"key":"Pear"},{"floor":26,"key":"War Paint"},{"floor":30,"key":"Frozen Egg 2"},{"floor":31,"key":"Singing Bowl"},{"floor":43,"key":"Meat on the Bone"},{"floor":44,"key":"Ice Cream"},{"floor":46,"key":"Gremlin Horn"}],"event_choices":[{"damage_healed":0,"gold_gain":0,"player_choice":"Trade","damage_taken":0,"relics_obtained":["CultistMask"],"max_hp_gain":0,"max_hp_loss":0,"event_name":"FaceTrader","floor":2,"gold_loss":0},{"damage_healed":0,"gold_gain":0,"player_choice":"Read","damage_taken":0,"max_hp_gain":0,"max_hp_loss":0,"event_name":"The Library","floor":19,"gold_loss":0,"cards_obtained":["Backstab"]},{"damage_healed":0,"gold_gain":0,"player_choice":"Upgraded","damage_taken":0,"max_hp_gain":0,"max_hp_loss":0,"event_name":"Upgrade Shrine","floor":21,"gold_loss":0,"cards_upgraded":["Blur"]},{"damage_healed":0,"gold_gain":0,"player_choice":"Inject Mutagens","damage_taken":0,"relics_obtained":["MutagenicStrength"],"max_hp_gain":0,"max_hp_loss":0,"event_name":"Drug Dealer","floor":27,"gold_loss":0},{"damage_healed":0,"gold_gain":0,"player_choice":"Paid Gold","damage_taken":0,"relics_obtained":["Centennial Puzzle"],"max_hp_gain":0,"max_hp_loss":0,"event_name":"WeMeetAgain","floor":40,"gold_loss":85},{"damage_healed":0,"gold_gain":0,"player_choice":"Max HP","damage_taken":0,"max_hp_gain":0,"max_hp_loss":4,"event_name":"Winding Halls","floor":47,"gold_loss":0},{"damage_healed":0,"gold_gain":0,"player_choice":"0 cards matched","damage_taken":0,"max_hp_gain":0,"max_hp_loss":0,"event_name":"Match and Keep!","floor":48,"gold_loss":0,"cards_obtained":[]}],"is_beta":false,"boss_relics":[{"not_picked":["Calling Bell","Black Star"],"picked":"Empty Cage"},{"not_picked":["Astrolabe","WristBlade"],"picked":"Lizard Tail"}],"items_purged_floors":[4,20,22,36],"is_endless":false,"potions_floor_spawned":[1,11,16,23,25,29,37,44,46],"ascension_level":15}