{"gold_per_floor":[110,126,144,157,177,211,221,221,251,276,276,294,294,305,305,402,402,416,265,265,315,99,127,127,156,183,183,197,212,227,227,227,227],"floor_reached":33,"playtime":2042,"items_purged":["Strike_B"],"score":332,"play_id":"06a80d7a-0ba7-4ed6-90ef-bd143bc4cd19","local_time":"20190616001306","is_ascension_mode":true,"campfire_choices":[{"floor":8.0,"key":"REST"},{"data":"Hologram","floor":11.0,"key":"SMITH"},{"data":"Zap","floor":13.0,"key":"SMITH"},{"data":"Madness","floor":15.0,"key":"SMITH"},{"data":"Dualcast","floor":24.0,"key":"SMITH"},{"floor":27.0,"key":"REST"},{"data":"Buffer","floor":32.0,"key":"SMITH"}],"neow_cost":"NONE","seed_source_timestamp":0,"circlet_count":0,"master_deck":["Strike_B","Strike_B","Strike_B","Defend_B","Defend_B+1","Defend_B","Defend_B","Zap+1","Dualcast+1","Madness+1","Gash","Ball Lightning","Hologram+1","All For One","Stack","Scrape","Coolheaded+1","Storm","Streamline","Buffer+1","Streamline","Coolheaded","Steam","Gash","Self Repair","Reinforced Body","Doom and Gloom","Beam Cell","Go for the Eyes","Hologram+1"],"special_seed":0,"relics":["Cracked Core","Oddly Smooth Stone","Tiny Chest","Potion Belt","Eternal Feather","Happy Flower","War Paint","Ancient Tea Set","PreservedInsect"],"potions_floor_usage":[33,33],"damage_taken":[{"damage":1.0,"enemies":"Cultist","floor":1.0,"turns":4.0},{"damage":2.0,"enemies":"Jaw Worm","floor":2.0,"turns":3.0},{"damage":10.0,"enemies":"Small Slimes","floor":3.0,"turns":3.0},{"damage":19.0,"enemies":"Exordium Thugs","floor":4.0,"turns":5.0},{"damage":7.0,"enemies":"Looter","floor":5.0,"turns":3.0},{"damage":25.0,"enemies":"Gremlin Nob","floor":6.0,"turns":4.0},{"damage":2.0,"enemies":"Large Slime","floor":7.0,"turns":4.0},{"damage":1.0,"enemies":"Blue Slaver","floor":12.0,"turns":3.0},{"damage":5.0,"enemies":"Looter","floor":14.0,"turns":3.0},{"damage":23.0,"enemies":"Hexaghost","floor":16.0,"turns":10.0},{"damage":29.0,"enemies":"3 Byrds","floor":18.0,"turns":5.0},{"damage":17.0,"enemies":"Gremlin Leader","floor":23.0,"turns":7.0},{"damage":48.0,"enemies":"Slavers","floor":25.0,"turns":8.0},{"damage":0.0,"enemies":"Chosen","floor":28.0,"turns":3.0},{"damage":9.0,"enemies":"Centurion and Healer","floor":29.0,"turns":8.0},{"damage":22.0,"enemies":"Snecko","floor":30.0,"turns":4.0},{"damage":44,"enemies":"Champ","floor":33,"turns":8}],"seed_played":"1620552571404550513","potions_obtained":[{"floor":3.0,"key":"Energy Potion"},{"floor":4.0,"key":"Energy Potion"},{"floor":5.0,"key":"EssenceOfSteel"},{"floor":12.0,"key":"SkillPotion"},{"floor":14.0,"key":"Explosive Potion"},{"floor":28.0,"key":"Dexterity Potion"},{"floor":29.0,"key":"Swift Potion"}],"is_trial":false,"path_per_floor":["M","M","M","M","M","E","M","R","T","T","R","M","R","M","R","B",null,"M","$","?","?","$","E","R","E","T","R","M","M","M","?","R","B"],"character_chosen":"DEFECT","items_purchased":["Coolheaded","Steam","Happy Flower","Self Repair"],"campfire_rested":2,"item_purchase_floors":[19,19,22,22],"current_hp_per_floor":[74,72,62,43,36,11,9,31,31,31,31,30,30,25,25,2,75,46,46,46,46,46,36,51,3,3,40,40,38,23,23,41,0],"gold":227,"neow_bonus":"RANDOM_COLORLESS","is_prod":false,"is_daily":false,"chose_seed":false,"campfire_upgraded":5,"win_rate":0,"timestamp":1560658386,"path_taken":["M","M","M","M","M","E","M","R","T","?","R","M","R","M","R","BOSS","M","$","?","?","$","E","R","E","T","R","M","M","?","?","R","BOSS"],"build_version":"2019-01-23","purchased_purges":1,"victory":false,"max_hp_per_floor":[75,75,75,75,75,75,75,75,75,75,75,75,75,75,75,75,75,75,75,75,75,75,75,75,75,75,75,75,75,75,75,75,75],"card_choices":[{"not_picked":["Go for the Eyes","Undo"],"picked":"Gash","floor":1.0},{"not_picked":["Undo","Force Field"],"picked":"Ball Lightning","floor":2.0},{"not_picked":["Conserve Battery","Force Field"],"picked":"Hologram","floor":3.0},{"not_picked":["Hello World","Compile Driver"],"picked":"All For One","floor":4.0},{"not_picked":["Sweeping Beam","Rip and Tear"],"picked":"Stack","floor":5.0},{"not_picked":["Redo","Barrage"],"picked":"Scrape","floor":6.0},{"not_picked":["Force Field","Consume"],"picked":"Coolheaded","floor":7.0},{"not_picked":["Compile Driver","Static Discharge"],"picked":"Storm","floor":12.0},{"not_picked":["Coolheaded","Cold Snap"],"picked":"Streamline","floor":14.0},{"not_picked":["Hyperbeam","Multi-Cast"],"picked":"Buffer","floor":16.0},{"not_picked":["Storm+1","Reinforced Body"],"picked":"Streamline","floor":18.0},{"not_picked":["Echo Form","Lockon"],"picked":"Reinforced Body","floor":23.0},{"not_picked":["Sweeping Beam","Compile Driver"],"picked":"Doom and Gloom","floor":25.0},{"not_picked":["Steam+1","Hologram+1"],"picked":"Beam Cell","floor":28.0},{"not_picked":["Hello World+1","Lockon"],"picked":"Go for the Eyes","floor":29.0},{"not_picked":["Skim","Sweeping Beam+1"],"picked":"Hologram+1","floor":30.0}],"player_experience":269574,"relics_obtained":[{"floor":6.0,"key":"Oddly Smooth Stone"},{"floor":9.0,"key":"Tiny Chest"},{"floor":10.0,"key":"Potion Belt"},{"floor":23.0,"key":"War Paint"},{"floor":25.0,"key":"Ancient Tea Set"},{"floor":26.0,"key":"PreservedInsect"}],"event_choices":[{"damage_healed":0.0,"max_hp_gain":0.0,"max_hp_loss":0.0,"gold_gain":0.0,"event_name":"The Library","player_choice":"Read","floor":20.0,"gold_loss":0.0,"damage_taken":0.0,"cards_obtained":["Gash"]},{"damage_healed":0.0,"max_hp_gain":0.0,"max_hp_loss":0.0,"gold_gain":100.0,"event_name":"The Joust","player_choice":"Bet on Murderer","floor":21.0,"gold_loss":50.0,"damage_taken":0.0},{"damage_healed":0.0,"max_hp_gain":0.0,"max_hp_loss":0.0,"gold_gain":0.0,"event_name":"Ghosts","player_choice":"Ignored","floor":31.0,"gold_loss":0.0,"damage_taken":0.0}],"is_beta":false,"boss_relics":[{"not_picked":["Snecko Eye","Nuclear Battery"],"picked":"Eternal Feather"}],"items_purged_floors":[19],"is_endless":false,"potions_floor_spawned":[3,4,5,12,14,28,29],"killed_by":"Champ","ascension_level":3}