{"gold_per_floor":[119,144,163,174,187,187,219,22,22,22,22,22,33,45,45,140,140,153,169,183,196,196,196,229,245,272,282,282,282,292,312,312,416,416,435,435,535,555,623,623,501,501,501,521,536,536,536,510,510,510,510,510,80,115,115],"floor_reached":55,"playtime":3108,"items_purged":["Dual Wield","Parasite"],"score":752,"play_id":"3b73892a-81e1-4946-8030-6a58b72f4921","local_time":"20190606203731","is_ascension_mode":true,"campfire_choices":[{"data":"Flame Barrier","floor":6,"key":"SMITH"},{"data":"1","floor":10,"key":"LIFT"},{"data":"2","floor":12,"key":"LIFT"},{"data":"3","floor":15,"key":"LIFT"},{"data":"Seeing Red","floor":23,"key":"SMITH"},{"data":"Sword Boomerang","floor":32,"key":"SMITH"},{"floor":40,"key":"RECALL"},{"floor":42,"key":"REST"},{"floor":46,"key":"REST"},{"data":"Heavy Blade","floor":49,"key":"SMITH"},{"data":"Seeing Red","floor":52,"key":"SMITH"}],"neow_cost":"PERCENT_DAMAGE","seed_source_timestamp":10460431000013,"circlet_count":0,"master_deck":["Strike_R+1","Defend_R","Defend_R","Defend_R","Bash","Battle Trance","Seeing Red+1","Heavy Blade+1","Flame Barrier+1","Sword Boomerang+1","Dropkick+1","Exhume+1","Searing Blow+1","Shrug It Off+1","Body Slam+1","Seeing Red+1","Body Slam+1","Madness","Madness","Cleave+1","Flex","Warcry","Discovery"],"relics":["Burning Blood","Bag of Preparation","Girya","Brimstone","Whetstone","Astrolabe","Ornamental Fan","Bronze Scales","MutagenicStrength","Sozu","Dead Branch","Pantograph","Self Forming Clay","Charon\u0027s Ashes"],"potions_floor_usage":[14,33,50,55],"damage_taken":[{"damage":1,"enemies":"Cultist","floor":1,"turns":3},{"damage":0,"enemies":"2 Louse","floor":3,"turns":3},{"damage":3,"enemies":"Jaw Worm","floor":4,"turns":5},{"damage":0,"enemies":"Red Slaver","floor":5,"turns":6},{"damage":25,"enemies":"Lagavulin","floor":7,"turns":9},{"damage":2,"enemies":"Exordium Wildlife","floor":13,"turns":2},{"damage":0,"enemies":"3 Louse","floor":14,"turns":1},{"damage":0,"enemies":"Slime Boss","floor":16,"turns":3},{"damage":11,"enemies":"Shell Parasite","floor":18,"turns":2},{"damage":2,"enemies":"Chosen","floor":19,"turns":3},{"damage":13,"enemies":"Snake Plant","floor":20,"turns":2},{"damage":1,"enemies":"Cultist and Chosen","floor":21,"turns":3},{"damage":16,"enemies":"Gremlin Leader","floor":24,"turns":3},{"damage":0,"enemies":"Centurion and Healer","floor":25,"turns":3},{"damage":0,"enemies":"Snake Plant","floor":27,"turns":2},{"damage":0,"enemies":"Snecko","floor":30,"turns":1},{"damage":0,"enemies":"Centurion and Healer","floor":31,"turns":3},{"damage":40,"enemies":"Collector","floor":33,"turns":6},{"damage":0,"enemies":"Orb Walker","floor":35,"turns":2},{"damage":43,"enemies":"Mind Bloom Boss Battle","floor":37,"turns":4},{"damage":0,"enemies":"3 Shapes","floor":38,"turns":2},{"damage":18,"enemies":"Writhing Mass","floor":44,"turns":3},{"damage":4,"enemies":"4 Shapes","floor":45,"turns":2},{"damage":63,"enemies":"Awakened One","floor":50,"turns":7},{"damage":17,"enemies":"Shield and Spear","floor":54,"turns":2},{"damage":83,"enemies":"The Heart","floor":55,"turns":3}],"seed_played":"2371652971629522725","potions_obtained":[{"floor":3,"key":"SpeedPotion"},{"floor":13,"key":"SteroidPotion"},{"floor":16,"key":"SpeedPotion"},{"floor":20,"key":"Ancient Potion"},{"floor":25,"key":"Weak Potion"},{"floor":33,"key":"Strength Potion"}],"is_trial":false,"path_per_floor":["M","T","M","M","M","R","E","$","T","R","?","R","M","M","R","B",null,"M","M","M","M","?","R","E","M","T","M","?","$","M","M","R","B",null,"M","?","?","M","T","R","$","R","T","M","M","R","?","$","R","B",null,"R","$","E","B"],"character_chosen":"IRONCLAD","items_purchased":["Brimstone","Flex","Warcry","Self Forming Clay","Discovery"],"campfire_rested":2,"item_purchase_floors":[8,41,48,53,53],"current_hp_per_floor":[61,61,67,70,76,76,57,57,57,57,57,57,61,67,67,73,80,75,79,72,77,77,77,67,73,73,79,79,79,80,80,80,46,80,80,70,33,39,39,39,39,63,63,51,53,77,77,77,77,23,80,80,77,66,0],"gold":115,"neow_bonus":"TRANSFORM_TWO_CARDS","is_prod":false,"is_daily":false,"chose_seed":false,"campfire_upgraded":5,"win_rate":0,"timestamp":1559871451,"path_taken":["M","?","M","M","M","R","E","$","T","R","?","R","?","M","R","BOSS","M","M","M","M","?","R","E","M","T","?","?","$","M","M","R","BOSS","M","?","?","M","?","R","$","R","T","M","M","R","?","$","R","BOSS","R","$","E","BOSS"],"build_version":"2019-01-23","purchased_purges":2,"victory":false,"max_hp_per_floor":[80,80,80,80,80,80,80,80,80,80,80,80,80,80,80,80,80,80,80,80,80,80,80,80,80,80,80,80,80,80,80,80,80,80,80,80,80,80,80,80,80,80,80,80,80,80,80,80,80,80,80,80,77,77,77],"card_choices":[{"not_picked":["Body Slam","Carnage"],"picked":"Heavy Blade","floor":1},{"not_picked":["Thunderclap","Pommel Strike"],"picked":"Flame Barrier","floor":3},{"not_picked":["Sentinel","Whirlwind"],"picked":"Dual Wield","floor":4},{"not_picked":["Entrench","Wild Strike","Anger"],"picked":"SKIP","floor":5},{"not_picked":["Perfected Strike","Rage","Pommel Strike"],"picked":"SKIP","floor":7},{"not_picked":["Sword Boomerang","Infernal Blade","Body Slam"],"picked":"SKIP","floor":13},{"not_picked":["Wild Strike","Spot Weakness","Second Wind"],"picked":"SKIP","floor":14},{"not_picked":["Searing Blow","Carnage"],"picked":"Shrug It Off+1","floor":18},{"not_picked":["Combust","Burning Pact","Twin Strike+1"],"picked":"SKIP","floor":19},{"not_picked":["Sword Boomerang+1","Dual Wield"],"picked":"Body Slam+1","floor":20},{"not_picked":["Perfected Strike","Clash","Thunderclap"],"picked":"SKIP","floor":21},{"not_picked":["Body Slam","Berserk","Wild Strike"],"picked":"SKIP","floor":24},{"not_picked":["Anger","Cleave"],"picked":"Body Slam+1","floor":25},{"not_picked":["Pummel","Seeing Red+1","Sword Boomerang"],"picked":"SKIP","floor":27},{"not_picked":["Dropkick+1","Body Slam+1","Exhume"],"picked":"SKIP","floor":30},{"not_picked":["Clothesline","Armaments+1","Wild Strike"],"picked":"SKIP","floor":31},{"not_picked":["Armaments","Shockwave","Pommel Strike"],"picked":"SKIP","floor":35},{"not_picked":["Armaments+1","Clothesline+1"],"picked":"Cleave+1","floor":38},{"not_picked":["Cleave+1","Headbutt+1"],"picked":"Intimidate+1","floor":44},{"not_picked":["Immolate","Anger+1","Headbutt"],"picked":"SKIP","floor":45},{"not_picked":["Heavy Blade","Wild Strike","Reaper"],"picked":"SKIP","floor":54}],"player_experience":117194,"relics_obtained":[{"floor":2,"key":"Bag of Preparation"},{"floor":7,"key":"Girya"},{"floor":9,"key":"Whetstone"},{"floor":24,"key":"Ornamental Fan"},{"floor":26,"key":"Bronze Scales"},{"floor":37,"key":"Dead Branch"},{"floor":43,"key":"Pantograph"},{"floor":54,"key":"Charon\u0027s Ashes"}],"event_choices":[{"damage_healed":0,"gold_gain":0,"player_choice":"1 cards matched","damage_taken":0,"max_hp_gain":0,"max_hp_loss":0,"event_name":"Match and Keep!","floor":11,"gold_loss":0,"cards_obtained":["Sword Boomerang"]},{"damage_healed":0,"gold_gain":0,"player_choice":"Copied","damage_taken":0,"max_hp_gain":0,"max_hp_loss":0,"event_name":"Duplicator","floor":22,"gold_loss":0,"cards_obtained":["Seeing Red"]},{"damage_healed":0,"gold_gain":0,"player_choice":"Inject Mutagens","damage_taken":0,"relics_obtained":["MutagenicStrength"],"max_hp_gain":0,"max_hp_loss":0,"event_name":"Drug Dealer","floor":28,"gold_loss":0},{"damage_healed":0,"gold_gain":0,"player_choice":"Embrace Madness","damage_taken":10,"max_hp_gain":0,"max_hp_loss":0,"event_name":"Winding Halls","floor":36,"gold_loss":0,"cards_obtained":["Madness","Madness"]},{"damage_healed":0,"gold_gain":0,"player_choice":"Fight","damage_taken":0,"max_hp_gain":0,"max_hp_loss":0,"event_name":"MindBloom","floor":37,"gold_loss":0},{"cards_removed":["Intimidate"],"damage_healed":0,"gold_gain":0,"player_choice":"Removed Skill","damage_taken":0,"max_hp_gain":0,"max_hp_loss":0,"event_name":"Falling","floor":47,"gold_loss":0}],"is_beta":false,"boss_relics":[{"not_picked":["Runic Pyramid","Velvet Choker"],"picked":"Astrolabe"},{"not_picked":["Eternal Feather","Coffee Dripper"],"picked":"Sozu"}],"items_purged_floors":[41,53],"is_endless":false,"potions_floor_spawned":[3,13,16,20,25,33,37,38,44],"killed_by":"The Heart","ascension_level":1}