{"gold_per_floor":[112,112,135,151,166,166,207,1,78,78,102,163,176,220,220,310,310,335,359,359,43,43,43],"floor_reached":23,"playtime":1690,"items_purged":["Strike_G","Strike_G"],"score":382,"play_id":"e8b302b5-b38a-4e3d-8269-6f622a0e8b4b","local_time":"20190626115621","is_ascension_mode":true,"campfire_choices":[{"data":"Dagger Spray","floor":6,"key":"SMITH"},{"floor":15,"key":"REST"}],"neow_cost":"NONE","seed_source_timestamp":49257007108415,"circlet_count":0,"master_deck":["AscendersBane","Defend_G","Defend_G","Defend_G","Defend_G","Defend_G","Strike_G","Strike_G","Strike_G","Survivor","Neutralize","Catalyst","Dagger Spray+1","Dagger Throw","Poisoned Stab","All Out Attack","Masterful Stab","All Out Attack","Wraith Form v2","Distraction","Venomology","Tactician","Escape Plan"],"relics":["Black Star","Bloody Idol","Pocketwatch","MawBank","Blue Candle","Pantograph","Centennial Puzzle","Runic Pyramid","PreservedInsect"],"potions_floor_usage":[7,13,14,16,18,19,23,23],"damage_taken":[{"damage":0,"enemies":"Small Slimes","floor":1,"turns":3},{"damage":3,"enemies":"2 Louse","floor":3,"turns":5},{"damage":4,"enemies":"Jaw Worm","floor":4,"turns":7},{"damage":24,"enemies":"Exordium Wildlife","floor":5,"turns":9},{"damage":12,"enemies":"3 Sentries","floor":7,"turns":8},{"damage":0,"enemies":"2 Fungi Beasts","floor":11,"turns":2},{"damage":7,"enemies":"Blue Slaver","floor":13,"turns":3},{"damage":8,"enemies":"Gremlin Nob","floor":14,"turns":5},{"damage":30,"enemies":"The Guardian","floor":16,"turns":15},{"damage":1,"enemies":"Chosen","floor":18,"turns":6},{"damage":27,"enemies":"Spheric Guardian","floor":19,"turns":7},{"damage":27,"enemies":"Book of Stabbing","floor":23,"turns":2}],"seed_played":"8091316656839345457","potions_obtained":[{"floor":1,"key":"Swift Potion"},{"floor":3,"key":"Poison Potion"},{"floor":14,"key":"Block Potion"},{"floor":16,"key":"Strength Potion"},{"floor":18,"key":"Swift Potion"}],"is_trial":false,"path_per_floor":["M","?","M","M","M","R","E","$","T","?","M","?","M","E","R","B",null,"M","M","?","$","?","E"],"character_chosen":"THE_SILENT","items_purchased":["Masterful Stab","Block Potion","PreservedInsect","Weak Potion"],"campfire_rested":1,"item_purchase_floors":[8,8,21,21],"current_hp_per_floor":[59,59,56,52,28,28,16,16,16,16,16,16,9,1,19,14,49,48,21,21,21,21,0],"gold":43,"neow_bonus":"BOSS_RELIC","is_prod":false,"is_daily":false,"chose_seed":false,"campfire_upgraded":1,"win_rate":0,"timestamp":1561564581,"path_taken":["M","?","M","M","M","R","E","$","T","?","M","?","M","E","R","BOSS","M","M","?","$","?","E"],"build_version":"2019-01-23","purchased_purges":2,"victory":false,"max_hp_per_floor":[66,60,60,60,60,60,60,60,60,60,60,60,60,60,60,60,60,60,60,60,60,60,60],"card_choices":[{"not_picked":["Setup","Flying Knee"],"picked":"Catalyst","floor":1},{"not_picked":["Endless Agony","Cloak And Dagger"],"picked":"Dagger Spray","floor":3},{"not_picked":["Caltrops","Flying Knee"],"picked":"Dagger Throw","floor":4},{"not_picked":["Heel Hook","Outmaneuver"],"picked":"Poisoned Stab","floor":5},{"not_picked":["Blade Dance","Dodge and Roll"],"picked":"All Out Attack","floor":7},{"not_picked":["Accuracy","Heel Hook"],"picked":"All Out Attack","floor":11},{"not_picked":["Choke","Catalyst"],"picked":"Wraith Form v2","floor":13},{"not_picked":["Dagger Throw","Expertise"],"picked":"Distraction","floor":14},{"not_picked":["Doppelganger","Unload"],"picked":"Venomology","floor":16},{"not_picked":["Escape Plan","Blade Dance"],"picked":"Tactician","floor":18},{"not_picked":["Slice","Expertise"],"picked":"Escape Plan","floor":19}],"player_experience":709021,"relics_obtained":[{"floor":7,"key":"Pocketwatch"},{"floor":7,"key":"MawBank"},{"floor":9,"key":"Blue Candle"},{"floor":14,"key":"Pantograph"},{"floor":14,"key":"Centennial Puzzle"}],"event_choices":[{"damage_healed":0,"gold_gain":0,"player_choice":"Lose Max HP","damage_taken":0,"relics_obtained":["Golden Idol"],"max_hp_gain":0,"max_hp_loss":6,"event_name":"Golden Idol","floor":2,"gold_loss":0},{"damage_healed":0,"gold_gain":0,"player_choice":"Ignored","damage_taken":0,"max_hp_gain":0,"max_hp_loss":0,"event_name":"Shining Light","floor":10,"gold_loss":0},{"damage_healed":0,"gold_gain":61,"player_choice":"Gained Gold","damage_taken":0,"max_hp_gain":0,"max_hp_loss":0,"event_name":"Golden Wing","floor":12,"gold_loss":0},{"damage_healed":0,"gold_gain":0,"player_choice":"Gave Idol","damage_taken":0,"relics_obtained":["Bloody Idol"],"max_hp_gain":0,"max_hp_loss":0,"event_name":"Forgotten Altar","floor":20,"relics_lost":["Golden Idol"],"gold_loss":0},{"damage_healed":0,"gold_gain":0,"player_choice":"Ignored","damage_taken":0,"max_hp_gain":0,"max_hp_loss":0,"event_name":"Beggar","floor":22,"gold_loss":0}],"is_beta":false,"boss_relics":[{"not_picked":["Lizard Tail","White Beast Statue"],"picked":"Runic Pyramid"}],"items_purged_floors":[8,21],"is_endless":false,"potions_floor_spawned":[1,3,14,16,18],"killed_by":"Book of Stabbing","ascension_level":18}