{"gold_per_floor":[114,189,189,210,226,265,265,290,290,290,333,62,96,116,116,245,245,268,281,206,283,306,344,113,113,113,136,136,172,187,203,203,324,324,348,348,371,371,371],"floor_reached":40,"playtime":2100,"items_purged":["Strike_B","Defend_B"],"score":765,"play_id":"b9e32a9c-342b-4170-983b-f210bf6967a2","local_time":"20190506214359","is_ascension_mode":true,"campfire_choices":[{"data":"White Noise","floor":7,"key":"SMITH"},{"data":"Defragment","floor":10,"key":"SMITH"},{"data":"Capacitor","floor":15,"key":"SMITH"},{"data":"Loop","floor":25,"key":"SMITH"},{"data":"Loop","floor":28,"key":"SMITH"},{"floor":32,"key":"REST"}],"neow_cost":"NONE","seed_source_timestamp":423387750948149,"circlet_count":0,"master_deck":["Strike_B","Strike_B+1","Defend_B","Defend_B","Defend_B","Zap","Dualcast","White Noise+1","Gash","Glacier","Gash","Gash+1","Defragment+1","Leap","Capacitor+1","Undo","Rainbow","Coolheaded","Loop+1","Loop+1","Coolheaded","Consume","Defragment","Electrodynamics","Cold Snap+1"],"relics":["Cracked Core","Golden Idol","Bag of Marbles","The Courier","Bird Faced Urn","Orichalcum","Whetstone","Snecko Eye","Bottled Lightning","Mango","Cables","Happy Flower","Nuclear Battery"],"potions_floor_usage":[33,39],"damage_taken":[{"damage":15,"enemies":"Small Slimes","floor":1,"turns":4},{"damage":4,"enemies":"2 Louse","floor":4,"turns":3},{"damage":0,"enemies":"Jaw Worm","floor":5,"turns":4},{"damage":9,"enemies":"Lagavulin","floor":6,"turns":7},{"damage":4,"enemies":"Blue Slaver","floor":8,"turns":4},{"damage":1,"enemies":"3 Sentries","floor":11,"turns":6},{"damage":19,"enemies":"Lagavulin","floor":13,"turns":6},{"damage":1,"enemies":"Exordium Wildlife","floor":14,"turns":3},{"damage":6,"enemies":"Hexaghost","floor":16,"turns":11},{"damage":29,"enemies":"2 Thieves","floor":18,"turns":5},{"damage":7,"enemies":"Shell Parasite","floor":19,"turns":8},{"damage":16,"enemies":"Snake Plant","floor":22,"turns":5},{"damage":13,"enemies":"Book of Stabbing","floor":23,"turns":7},{"damage":6,"enemies":"Snecko","floor":27,"turns":5},{"damage":27,"enemies":"Gremlin Leader","floor":29,"turns":17},{"damage":1,"enemies":"Sentry and Sphere","floor":30,"turns":11},{"damage":18,"enemies":"Snake Plant","floor":31,"turns":4},{"damage":26,"enemies":"Automaton","floor":33,"turns":13},{"damage":20,"enemies":"Orb Walker","floor":35,"turns":4},{"damage":6,"enemies":"3 Darklings","floor":37,"turns":3},{"damage":38,"enemies":"Awakened One","floor":39,"turns":25}],"seed_played":"1892921598417774874","potions_obtained":[{"floor":5,"key":"PowerPotion"},{"floor":6,"key":"FairyPotion"},{"floor":8,"key":"Block Potion"},{"floor":11,"key":"Regen Potion"},{"floor":14,"key":"Weak Potion"},{"floor":31,"key":"Energy Potion"},{"floor":35,"key":"FocusPotion"}],"is_trial":false,"path_per_floor":["M","?","?","M","M","E","R","M","T","R","E","$","E","M","R","B",null,"M","M","?","T","M","E","$","R","T","M","R","E","M","M","R","B",null,"M","?","M","?","B",null],"character_chosen":"DEFECT","items_purchased":["Leap","Capacitor","Orichalcum","Loop","Loop","Coolheaded"],"campfire_rested":1,"item_purchase_floors":[12,12,12,24,24,24],"current_hp_per_floor":[60,49,49,45,45,36,36,32,32,32,31,31,18,21,21,19,69,44,43,43,43,35,42,42,42,42,42,42,25,34,24,48,36,83,73,73,73,73,49],"gold":371,"neow_bonus":"THREE_CARDS","is_prod":false,"is_daily":false,"chose_seed":false,"campfire_upgraded":5,"win_rate":0,"timestamp":1557193439,"path_taken":["M","?","?","M","M","E","R","M","T","R","E","?","E","M","R","BOSS","M","M","?","?","M","E","$","R","T","M","R","E","?","M","R","BOSS","M","?","M","?","BOSS"],"build_version":"2019-01-23","purchased_purges":2,"victory":true,"max_hp_per_floor":[75,75,69,69,69,69,69,69,69,69,69,69,69,69,69,69,69,69,69,69,69,69,83,83,83,83,83,83,83,83,83,83,83,83,83,83,83,83,83],"card_choices":[{"not_picked":["Rip and Tear","Redo"],"picked":"White Noise","floor":0},{"not_picked":["Leap","Rip and Tear"],"picked":"Gash","floor":1},{"not_picked":["White Noise","Tempest"],"picked":"Glacier","floor":4},{"not_picked":["Sweeping Beam","Go for the Eyes"],"picked":"Gash","floor":5},{"not_picked":["Hologram","Self Repair"],"picked":"Gash","floor":6},{"not_picked":["Barrage","Redo"],"picked":"Defragment","floor":8},{"not_picked":["Go for the Eyes","Streamline","Barrage"],"picked":"SKIP","floor":11},{"not_picked":["Seek","White Noise"],"picked":"Undo","floor":13},{"not_picked":["Beam Cell","BootSequence","Sunder"],"picked":"SKIP","floor":14},{"not_picked":["Hyperbeam","Amplify"],"picked":"Rainbow","floor":16},{"not_picked":["Conserve Battery","Hologram","Leap"],"picked":"SKIP","floor":18},{"not_picked":["Leap","Aggregate","Ball Lightning"],"picked":"SKIP","floor":19},{"not_picked":["Skim","Hologram","Ball Lightning+1"],"picked":"SKIP","floor":22},{"not_picked":["Compile Driver","Beam Cell+1"],"picked":"Coolheaded","floor":23},{"not_picked":["Genetic Algorithm","Aggregate"],"picked":"Consume","floor":27},{"not_picked":["Aggregate","BootSequence","Tempest+1"],"picked":"SKIP","floor":29},{"not_picked":["Sweeping Beam+1","Barrage","Ball Lightning"],"picked":"SKIP","floor":30},{"not_picked":["White Noise","Conserve Battery+1"],"picked":"Defragment","floor":31},{"not_picked":["Seek","Multi-Cast"],"picked":"Electrodynamics","floor":33},{"not_picked":["Storm","Rip and Tear+1"],"picked":"Cold Snap+1","floor":35},{"not_picked":["Chaos","Stack","Leap+1"],"picked":"SKIP","floor":37}],"player_experience":119520,"relics_obtained":[{"floor":6,"key":"Bag of Marbles"},{"floor":9,"key":"The Courier"},{"floor":11,"key":"Bird Faced Urn"},{"floor":13,"key":"Whetstone"},{"floor":21,"key":"Bottled Lightning"},{"floor":23,"key":"Mango"},{"floor":26,"key":"Cables"},{"floor":29,"key":"Happy Flower"}],"event_choices":[{"damage_healed":0,"gold_gain":75,"player_choice":"Gather Gold","damage_taken":11,"max_hp_gain":0,"max_hp_loss":0,"event_name":"World of Goop","floor":2,"gold_loss":0},{"damage_healed":0,"gold_gain":0,"player_choice":"Lose Max HP","damage_taken":0,"relics_obtained":["Golden Idol"],"max_hp_gain":0,"max_hp_loss":6,"event_name":"Golden Idol","floor":3,"gold_loss":0},{"cards_removed":["Strike_B"],"damage_healed":0,"gold_gain":0,"player_choice":"Gave Gold","damage_taken":0,"max_hp_gain":0,"max_hp_loss":0,"event_name":"Beggar","floor":20,"gold_loss":75},{"damage_healed":0,"gold_gain":0,"player_choice":"Ignored","damage_taken":0,"max_hp_gain":0,"max_hp_loss":0,"event_name":"Tomb of Lord Red Mask","floor":36,"gold_loss":0},{"damage_healed":0,"gold_gain":0,"player_choice":"Took Portal","damage_taken":0,"max_hp_gain":0,"max_hp_loss":0,"event_name":"SecretPortal","floor":38,"gold_loss":0}],"is_beta":false,"boss_relics":[{"not_picked":["Cursed Key","Velvet Choker"],"picked":"Snecko Eye"},{"not_picked":["Eternal Feather","Empty Cage"],"picked":"Nuclear Battery"}],"items_purged_floors":[12,24],"is_endless":false,"potions_floor_spawned":[5,6,8,11,14,18,19,27,31,35],"ascension_level":4}