{"gold_per_floor":[12,12,12,12,30,30,60,60,86,119,136,148,148,105,105,179,179,190,204,204],"floor_reached":20,"playtime":1155,"items_purged":[],"score":364,"play_id":"4fc61e00-e3e1-4c85-beb2-8408cf4a78a8","local_time":"20190623135359","is_ascension_mode":true,"campfire_choices":[{"floor":6,"key":"REST"},{"data":"Havoc","floor":13,"key":"SMITH"},{"data":"Uppercut","floor":15,"key":"SMITH"}],"neow_cost":"NO_GOLD","seed_source_timestamp":513978949551153,"circlet_count":0,"master_deck":["AscendersBane","Strike_R","Strike_R","Strike_R","Strike_R","Defend_R","Defend_R","Defend_R","Defend_R","Bash+1","Reaper","Feel No Pain","Headbutt","Uppercut+1","Metallicize","Havoc+1","Blood for Blood","Feed","Whirlwind","Spot Weakness"],"relics":["Burning Blood","PreservedInsect","Centennial Puzzle","Strawberry","Gremlin Horn","Eternal Feather"],"potions_floor_usage":[10,16,20,20],"damage_taken":[{"damage":8,"enemies":"Jaw Worm","floor":1,"turns":6},{"damage":4,"enemies":"Small Slimes","floor":5,"turns":3},{"damage":26,"enemies":"3 Sentries","floor":7,"turns":16},{"damage":6,"enemies":"Gremlin Nob","floor":10,"turns":3},{"damage":3,"enemies":"Cultist","floor":11,"turns":5},{"damage":13,"enemies":"3 Louse","floor":12,"turns":3},{"damage":62,"enemies":"Hexaghost","floor":16,"turns":13},{"damage":21,"enemies":"Spheric Guardian","floor":18,"turns":4},{"damage":38,"enemies":"3 Byrds","floor":19,"turns":5},{"damage":43,"enemies":"Colosseum Slavers","floor":20,"turns":5}],"seed_played":"2439718566642996884","potions_obtained":[{"floor":5,"key":"EssenceOfSteel"},{"floor":7,"key":"Energy Potion"},{"floor":16,"key":"BloodPotion"},{"floor":19,"key":"AttackPotion"}],"is_trial":false,"path_per_floor":["M","?","?","?","M","R","E","$","T","E","M","M","R","$","R","B",null,"M","M","?"],"character_chosen":"IRONCLAD","items_purchased":["Blood for Blood"],"campfire_rested":1,"item_purchase_floors":[14],"current_hp_per_floor":[66,59,24,24,32,54,46,46,53,59,68,73,73,73,73,21,67,52,31,0],"gold":204,"neow_bonus":"THREE_RARE_CARDS","is_prod":false,"is_daily":false,"chose_seed":false,"campfire_upgraded":2,"win_rate":0,"timestamp":1561308839,"path_taken":["M","?","?","?","M","R","E","$","T","E","M","M","R","?","R","BOSS","M","M","?"],"build_version":"2019-01-23","purchased_purges":0,"victory":false,"max_hp_per_floor":[75,75,75,75,75,75,75,75,82,82,82,82,82,82,82,82,82,82,85,85],"card_choices":[{"not_picked":["Juggernaut","Fiend Fire"],"picked":"Reaper","floor":0},{"not_picked":["Headbutt","Warcry"],"picked":"Feel No Pain","floor":1},{"not_picked":["Second Wind","Clash"],"picked":"Headbutt","floor":5},{"not_picked":["Fire Breathing","Sword Boomerang"],"picked":"Uppercut","floor":7},{"not_picked":["Body Slam","Sever Soul"],"picked":"Metallicize","floor":10},{"not_picked":["Dual Wield","Thunderclap","Entrench"],"picked":"SKIP","floor":11},{"not_picked":["Flex","Havoc","Sword Boomerang"],"picked":"SKIP","floor":12},{"not_picked":["Flex","Sword Boomerang"],"picked":"Havoc","floor":12},{"not_picked":["Exhume","Impervious"],"picked":"Feed","floor":16},{"not_picked":["Wild Strike","Sword Boomerang+1"],"picked":"Whirlwind","floor":18},{"not_picked":["Whirlwind","Battle Trance"],"picked":"Spot Weakness","floor":19}],"player_experience":1158986,"relics_obtained":[{"floor":7,"key":"Centennial Puzzle"},{"floor":9,"key":"Strawberry"},{"floor":10,"key":"Gremlin Horn"}],"event_choices":[{"cards_removed":["Strike_R"],"damage_healed":0,"gold_gain":0,"player_choice":"Card Removal","damage_taken":7,"max_hp_gain":0,"max_hp_loss":0,"event_name":"Golden Wing","floor":2,"gold_loss":0},{"damage_healed":0,"gold_gain":0,"player_choice":"Success","damage_taken":35,"relics_obtained":["PreservedInsect"],"max_hp_gain":0,"max_hp_loss":0,"event_name":"Scrap Ooze","floor":3,"gold_loss":0},{"damage_healed":0,"gold_gain":0,"player_choice":"Grow","damage_taken":0,"max_hp_gain":0,"max_hp_loss":0,"event_name":"Living Wall","floor":4,"gold_loss":0,"cards_upgraded":["Bash"]},{"damage_healed":0,"gold_gain":0,"player_choice":"Fight","damage_taken":0,"max_hp_gain":0,"max_hp_loss":0,"event_name":"Colosseum","floor":20,"gold_loss":0}],"is_beta":false,"boss_relics":[{"not_picked":["Velvet Choker","Ectoplasm"],"picked":"Eternal Feather"}],"items_purged_floors":[],"is_endless":false,"potions_floor_spawned":[5,7,16,19],"killed_by":"Colosseum Slavers","ascension_level":20}