{"gold_per_floor":[109,72,72,82,82,82,102,27,77,77,93,104,4,16,16,16],"floor_reached":16,"playtime":472,"items_purged":["Strike_B","Defend_B"],"score":115,"play_id":"c606678c-f1b4-4a18-996f-81dd1b3cbb17","local_time":"20190614210608","is_ascension_mode":true,"campfire_choices":[{"data":"Loop","floor":6,"key":"SMITH"},{"data":"Loop","floor":15,"key":"SMITH"}],"neow_cost":"NONE","seed_source_timestamp":271489452046656,"circlet_count":0,"master_deck":["Strike_B","Strike_B","Strike_B","Defend_B","Defend_B","Defend_B+1","Zap","Dualcast","Dramatic Entrance+1","Go for the Eyes","Loop+1","Leap","Turbo","Parasite","Loop+1"],"relics":["Cracked Core","Boot","Potion Belt"],"potions_floor_usage":[11,16],"damage_taken":[{"damage":3,"enemies":"Small Slimes","floor":1,"turns":2},{"damage":2,"enemies":"Jaw Worm","floor":4,"turns":3},{"damage":0,"enemies":"2 Louse","floor":7,"turns":2},{"damage":0,"enemies":"Looter","floor":11,"turns":2},{"damage":7,"enemies":"Blue Slaver","floor":12,"turns":3},{"damage":11,"enemies":"Exordium Wildlife","floor":14,"turns":3},{"damage":33,"enemies":"Hexaghost","floor":16,"turns":7}],"seed_played":"-6139965959454494935","potions_obtained":[{"floor":1,"key":"Swift Potion"},{"floor":11,"key":"FocusPotion"}],"is_trial":false,"path_per_floor":["M","$","?","M","?","R","M","$","T","?","M","M","$","M","R","B"],"character_chosen":"DEFECT","items_purchased":["Loop"],"campfire_rested":0,"item_purchase_floors":[2],"current_hp_per_floor":[72,72,65,63,48,48,48,48,48,66,66,59,59,48,48,15],"gold":16,"neow_bonus":"RANDOM_COLORLESS","is_prod":false,"is_daily":false,"chose_seed":false,"campfire_upgraded":2,"win_rate":0,"timestamp":1560564368,"path_taken":["M","$","?","M","?","R","M","?","T","?","M","M","?","?","R","BOSS"],"build_version":"2019-01-23","purchased_purges":2,"victory":false,"max_hp_per_floor":[75,75,75,75,75,75,75,75,75,75,75,75,75,75,75,75],"card_choices":[{"not_picked":["Fusion","Static Discharge"],"picked":"Go for the Eyes","floor":1},{"not_picked":["Blizzard","Ball Lightning"],"picked":"Leap","floor":4},{"not_picked":["Barrage","Stack"],"picked":"Turbo","floor":7},{"not_picked":["Core Surge","Melter"],"picked":"Loop","floor":11},{"not_picked":["Coolheaded","Leap","Stack"],"picked":"SKIP","floor":12},{"not_picked":["Turbo","Reinforced Body","Aggregate"],"picked":"SKIP","floor":14}],"player_experience":256389,"relics_obtained":[{"floor":9,"key":"Potion Belt"}],"event_choices":[{"damage_healed":0,"gold_gain":0,"player_choice":"Success","damage_taken":7,"relics_obtained":["Boot"],"max_hp_gain":0,"max_hp_loss":0,"event_name":"Scrap Ooze","floor":3,"gold_loss":0},{"damage_healed":0,"gold_gain":0,"player_choice":"Entered Light","damage_taken":15,"max_hp_gain":0,"max_hp_loss":0,"event_name":"Shining Light","floor":5,"gold_loss":0,"cards_upgraded":["Defend_B","Dramatic Entrance"]},{"damage_healed":18,"gold_gain":0,"player_choice":"Healed and dodged fight","damage_taken":0,"max_hp_gain":0,"max_hp_loss":0,"event_name":"Mushrooms","floor":10,"gold_loss":0,"cards_obtained":["Parasite"]}],"is_beta":false,"boss_relics":[],"items_purged_floors":[8,13],"is_endless":false,"potions_floor_spawned":[1,11],"killed_by":"Hexaghost","ascension_level":5}