{"gold_per_floor":[109,109,125,8,8,8,22,22,22,32,44,73,47,122,122,122],"floor_reached":16,"playtime":666,"items_purged":["Normality"],"score":225,"play_id":"6cfcd59e-8a80-434b-88ad-e8828b88fc6c","local_time":"20190625152127","is_ascension_mode":true,"campfire_choices":[{"data":"Backstab","floor":6,"key":"SMITH"},{"data":"Blade Dance","floor":15,"key":"SMITH"}],"neow_cost":"CURSE","seed_source_timestamp":321711724234863,"circlet_count":0,"master_deck":["AscendersBane","Defend_G","Defend_G","Defend_G","Defend_G","Defend_G","Strike_G","Strike_G","Strike_G","Strike_G","Strike_G","Survivor","Neutralize","Corpse Explosion","Choke+1","PiercingWail","Backstab+1","Blade Dance+1","Regret","Bullet Time","Finisher","Blade Dance","Slice","Cloak And Dagger","Backflip"],"relics":["Ring of the Snake","Mercury Hourglass","Gambling Chip","Prayer Wheel","Tough Bandages"],"potions_floor_usage":[12,12],"damage_taken":[{"damage":0,"enemies":"2 Louse","floor":1,"turns":3},{"damage":0,"enemies":"Cultist","floor":3,"turns":4},{"damage":0,"enemies":"Small Slimes","floor":7,"turns":1},{"damage":0,"enemies":"Looter","floor":10,"turns":1},{"damage":2,"enemies":"Large Slime","floor":11,"turns":3},{"damage":0,"enemies":"Lagavulin","floor":12,"turns":1},{"damage":47,"enemies":"Slime Boss","floor":16,"turns":8}],"seed_played":"5725108918470350814","potions_obtained":[{"floor":3,"key":"Strength Potion"},{"floor":10,"key":"SneckoOil"},{"floor":11,"key":"FearPotion"}],"is_trial":false,"path_per_floor":["M","?","M","$","T","R","M","?","T","M","M","E","$","?","R","B"],"character_chosen":"THE_SILENT","items_purchased":["Backstab","Backflip"],"campfire_rested":0,"item_purchase_floors":[4,13],"current_hp_per_floor":[59,59,59,59,59,59,59,59,59,59,57,57,57,46,46,0],"gold":122,"neow_bonus":"THREE_RARE_CARDS","is_prod":false,"is_daily":false,"chose_seed":false,"campfire_upgraded":2,"win_rate":0,"timestamp":1561490487,"path_taken":["M","?","M","$","?","R","?","?","T","M","M","E","$","?","R","BOSS"],"build_version":"2019-01-23","purchased_purges":1,"victory":false,"max_hp_per_floor":[66,66,66,66,66,66,66,66,66,66,66,66,66,66,66,66],"card_choices":[{"not_picked":["Phantasmal Killer","Grand Finale"],"picked":"Corpse Explosion","floor":0},{"not_picked":["Quick Slash","Dodge and Roll"],"picked":"Choke","floor":1},{"not_picked":["Quick Slash","Outmaneuver"],"picked":"PiercingWail","floor":3},{"not_picked":["Underhanded Strike","Dagger Throw"],"picked":"Blade Dance","floor":7},{"not_picked":["Bane","Flying Knee"],"picked":"Bullet Time","floor":10},{"not_picked":["Skewer","Underhanded Strike"],"picked":"Finisher","floor":10},{"not_picked":["Flying Knee","Catalyst"],"picked":"Blade Dance","floor":11},{"not_picked":["Underhanded Strike","Flying Knee"],"picked":"Slice","floor":11},{"not_picked":["Noxious Fumes","Reflex"],"picked":"Cloak And Dagger","floor":12}],"player_experience":684632,"relics_obtained":[{"floor":5,"key":"Mercury Hourglass"},{"floor":9,"key":"Prayer Wheel"},{"floor":12,"key":"Tough Bandages"}],"event_choices":[{"damage_healed":0,"gold_gain":0,"player_choice":"Forge","damage_taken":0,"max_hp_gain":0,"max_hp_loss":0,"event_name":"Accursed Blacksmith","floor":2,"gold_loss":0,"cards_upgraded":["Choke"]},{"damage_healed":0,"gold_gain":0,"player_choice":"Box","damage_taken":0,"relics_obtained":["Gambling Chip"],"max_hp_gain":0,"max_hp_loss":0,"event_name":"Big Fish","floor":8,"gold_loss":0,"cards_obtained":["Regret"]},{"damage_healed":0,"gold_gain":75,"player_choice":"Gather Gold","damage_taken":11,"max_hp_gain":0,"max_hp_loss":0,"event_name":"World of Goop","floor":14,"gold_loss":0}],"is_beta":false,"boss_relics":[],"items_purged_floors":[4],"is_endless":false,"potions_floor_spawned":[3,10,11],"killed_by":"Slime Boss","ascension_level":16}