{"gold_per_floor":[110,35,51,61,27,27,27,47,47,80,97,97,97,97],"floor_reached":14,"playtime":658,"items_purged":["Whirlwind"],"score":99,"play_id":"75062db6-c87b-41f0-a749-e909d79de56b","local_time":"20190609203035","is_ascension_mode":true,"campfire_choices":[{"data":"Dual Wield","floor":6.0,"key":"SMITH"},{"data":"Twin Strike","floor":12,"key":"SMITH"}],"neow_cost":"NONE","seed_source_timestamp":0,"circlet_count":0,"master_deck":["Strike_R","Strike_R","Strike_R","Strike_R","Strike_R","Defend_R","Defend_R","Defend_R","Defend_R","Bash","Disarm","Shrug It Off","Dual Wield+1","Twin Strike+1","Injury"],"special_seed":0,"relics":["Burning Blood","Art of War","Bottled Flame","Mercury Hourglass","Golden Idol"],"potions_floor_usage":[11],"damage_taken":[{"damage":0.0,"enemies":"Jaw Worm","floor":1.0,"turns":3.0},{"damage":1.0,"enemies":"Cultist","floor":3.0,"turns":4.0},{"damage":12.0,"enemies":"2 Louse","floor":4.0,"turns":3.0},{"damage":12.0,"enemies":"2 Fungi Beasts","floor":8.0,"turns":5.0},{"damage":45,"enemies":"3 Sentries","floor":10,"turns":14},{"damage":1,"enemies":"Large Slime","floor":11,"turns":5},{"damage":20,"enemies":"Exordium Wildlife","floor":14,"turns":2}],"seed_played":"4956819992284844939","potions_obtained":[{"floor":3.0,"key":"Fruit Juice"},{"floor":10,"key":"Fire Potion"},{"floor":11,"key":"Dexterity Potion"}],"is_trial":false,"path_per_floor":["M","$","M","M","$","R","?","M","T","E","M","R","?","M"],"character_chosen":"IRONCLAD","items_purchased":["Dual Wield"],"campfire_rested":0,"item_purchase_floors":[5],"current_hp_per_floor":[80,80,85,79,79,79,79,73,73,34,39,39,39,19],"gold":97,"neow_bonus":"RANDOM_COMMON_RELIC","is_prod":false,"is_daily":false,"chose_seed":false,"campfire_upgraded":2,"win_rate":0,"timestamp":1560130235,"path_taken":["M","$","M","M","$","R","?","?","T","E","M","R","?","M"],"build_version":"2019-01-23","purchased_purges":1,"victory":false,"max_hp_per_floor":[80,80,85,85,85,85,85,85,85,85,85,85,85,85],"card_choices":[{"not_picked":["Twin Strike","Perfected Strike"],"picked":"Whirlwind","floor":1.0},{"not_picked":["Pommel Strike","Armaments"],"picked":"Disarm","floor":3.0},{"not_picked":["Body Slam","Thunderclap"],"picked":"Shrug It Off","floor":4.0},{"not_picked":["Wild Strike","Headbutt","Battle Trance"],"picked":"SKIP","floor":8.0},{"not_picked":["Headbutt","Burning Pact","Combust"],"picked":"SKIP","floor":10},{"not_picked":["Clothesline","Shockwave"],"picked":"Twin Strike","floor":11}],"player_experience":145532,"relics_obtained":[{"floor":9.0,"key":"Bottled Flame"},{"floor":10,"key":"Mercury Hourglass"}],"event_choices":[{"damage_healed":0.0,"max_hp_gain":0.0,"max_hp_loss":0.0,"gold_gain":0.0,"event_name":"Match and Keep!","player_choice":"0 cards matched","floor":7.0,"gold_loss":0.0,"damage_taken":0.0,"cards_obtained":[]},{"damage_healed":0,"gold_gain":0,"player_choice":"Take Wound","damage_taken":0,"relics_obtained":["Golden Idol"],"max_hp_gain":0,"max_hp_loss":0,"event_name":"Golden Idol","floor":13,"gold_loss":0,"cards_obtained":["Injury"]}],"is_beta":false,"boss_relics":[],"items_purged_floors":[2],"is_endless":false,"potions_floor_spawned":[3,10,11],"killed_by":"Exordium Wildlife","ascension_level":2}