{"gold_per_floor":[119,136,136,136,155,188,188,200,200,200,127,155,170,187,187,285,285,302,287,307,307],"floor_reached":21,"playtime":824,"items_purged":[],"score":193,"play_id":"8efd9792-2c1a-4bb8-be51-7620fccceab2","local_time":"20190303020644","is_ascension_mode":false,"campfire_choices":[{"data":"Pommel Strike","floor":7,"key":"SMITH"},{"data":"Perfected Strike","floor":10,"key":"SMITH"},{"data":"Uppercut","floor":15,"key":"SMITH"}],"neow_cost":"NONE","seed_source_timestamp":0,"circlet_count":0,"master_deck":["Strike_R","Strike_R","Strike_R","Strike_R","Strike_R","Defend_R","Defend_R","Defend_R","Defend_R","Bash","Pommel Strike+1","Shrug It Off","Shrug It Off","Clothesline","Perfected Strike+1","Ghostly Armor","Uppercut+1","Body Slam","Sword Boomerang","Barricade","Perfected Strike","Power Through","Body Slam"],"relics":["Burning Blood","Sundial","Question Card","Matryoshka","Sozu"],"potions_floor_usage":[],"damage_taken":[{"damage":1,"enemies":"Cultist","floor":1,"turns":4},{"damage":3,"enemies":"Jaw Worm","floor":2,"turns":4},{"damage":0,"enemies":"2 Louse","floor":5,"turns":2},{"damage":28,"enemies":"Gremlin Nob","floor":6,"turns":5},{"damage":4,"enemies":"Exordium Wildlife","floor":8,"turns":4},{"damage":10,"enemies":"3 Sentries","floor":12,"turns":9},{"damage":0,"enemies":"Blue Slaver","floor":13,"turns":4},{"damage":9,"enemies":"Red Slaver","floor":14,"turns":2},{"damage":37,"enemies":"Slime Boss","floor":16,"turns":12},{"damage":22,"enemies":"Spheric Guardian","floor":18,"turns":4},{"damage":20,"enemies":"2 Thieves","floor":19,"turns":4},{"damage":36,"enemies":"Shelled Parasite and Fungi","floor":20,"turns":5},{"damage":0,"enemies":"Centurion and Healer","floor":21,"turns":1}],"seed_played":"-4968230726299284386","potions_obtained":[{"floor":2,"key":"Weak Potion"},{"floor":3,"key":"EntropicBrew"},{"floor":3,"key":"Ancient Potion"},{"floor":3,"key":"SmokeBomb"},{"floor":13,"key":"BloodPotion"}],"is_trial":false,"path_per_floor":["M","M","?","$","M","E","R","M","T","R","$","E","M","M","R","B",null,"M","M","M","M"],"character_chosen":"IRONCLAD","items_purchased":["Ghostly Armor"],"campfire_rested":0,"item_purchase_floors":[11],"current_hp_per_floor":[88,88,88,88,88,66,66,68,68,68,68,64,70,67,67,36,88,72,58,28,28],"gold":307,"neow_bonus":"TEN_PERCENT_HP_BONUS","is_prod":false,"is_daily":false,"chose_seed":true,"campfire_upgraded":3,"win_rate":0.0,"timestamp":1551596804,"path_taken":["M","?","?","$","M","E","R","M","T","R","$","E","?","M","R","BOSS","M","M","M","M"],"build_version":"2019-01-23","purchased_purges":0,"victory":false,"max_hp_per_floor":[88,88,88,88,88,88,88,88,88,88,88,88,88,88,88,88,88,88,88,88,88],"card_choices":[{"not_picked":["Searing Blow","Sever Soul"],"picked":"Pommel Strike","floor":1},{"not_picked":["Twin Strike","Sword Boomerang"],"picked":"Shrug It Off","floor":2},{"not_picked":["Battle Trance","Heavy Blade"],"picked":"Shrug It Off","floor":5},{"not_picked":["Offering","Rupture"],"picked":"Clothesline","floor":6},{"not_picked":["Clothesline","Infernal Blade"],"picked":"Perfected Strike","floor":8},{"not_picked":["Shrug It Off","Shockwave","Blood for Blood"],"picked":"Uppercut","floor":12},{"not_picked":["Seeing Red","Searing Blow","Armaments"],"picked":"Body Slam","floor":13},{"not_picked":["True Grit","Twin Strike","Ghostly Armor"],"picked":"Sword Boomerang","floor":14},{"not_picked":["Reaper","Dark Embrace","Juggernaut"],"picked":"Barricade","floor":16},{"not_picked":["Headbutt+1","True Grit","Armaments"],"picked":"Perfected Strike","floor":18},{"not_picked":["Uppercut","Blood for Blood+1","Rage"],"picked":"Power Through","floor":19},{"not_picked":["Clothesline","Shrug It Off","True Grit"],"picked":"Body Slam","floor":20}],"player_experience":20281,"relics_obtained":[{"floor":6,"key":"Sundial"},{"floor":9,"key":"Question Card"},{"floor":12,"key":"Matryoshka"}],"event_choices":[{"damage_healed":0,"gold_gain":0,"player_choice":"Got Potions","damage_taken":0,"max_hp_gain":0,"max_hp_loss":0,"event_name":"Lab","floor":3,"gold_loss":0}],"is_beta":false,"boss_relics":[{"not_picked":["Black Blood","Busted Crown"],"picked":"Sozu"}],"items_purged_floors":[],"is_endless":false,"potions_floor_spawned":[2,13,14,20],"killed_by":"Centurion and Healer","ascension_level":0}