{"gold_per_floor":[115,115,40,51,68,68,81,113,191,91,91],"floor_reached":11,"playtime":1442,"items_purged":["Strike_B","Strike_B"],"score":95,"play_id":"44b92fa0-2e97-4a88-9109-288caa5ecb4e","local_time":"20190615091725","is_ascension_mode":true,"campfire_choices":[{"data":"Hologram","floor":6,"key":"SMITH"}],"neow_cost":"NONE","seed_source_timestamp":314395229081020,"circlet_count":0,"master_deck":["Strike_B","Strike_B","Defend_B","Defend_B+1","Defend_B","Defend_B+1","Zap","Dualcast","Blind","Hologram+1","White Noise","Seek"],"relics":["Cracked Core","StoneCalendar","Matryoshka"],"potions_floor_usage":[],"damage_taken":[{"damage":0,"enemies":"2 Louse","floor":1,"turns":2},{"damage":4,"enemies":"Small Slimes","floor":4,"turns":4},{"damage":0,"enemies":"Jaw Worm","floor":5,"turns":3},{"damage":0,"enemies":"Looter","floor":7,"turns":5},{"damage":18,"enemies":"Lagavulin","floor":8,"turns":9},{"damage":28,"enemies":"3 Sentries","floor":11,"turns":6}],"seed_played":"9060677206216147485","potions_obtained":[{"floor":4,"key":"Dexterity Potion"},{"floor":8,"key":"FocusPotion"}],"is_trial":false,"path_per_floor":["M","?","$","M","M","R","M","E","T","$","E"],"character_chosen":"DEFECT","items_purchased":[],"campfire_rested":0,"item_purchase_floors":[],"current_hp_per_floor":[68,53,53,49,49,49,49,31,31,31,3],"gold":91,"neow_bonus":"RANDOM_COLORLESS","is_prod":false,"is_daily":false,"chose_seed":false,"campfire_upgraded":1,"win_rate":0,"timestamp":1560608245,"path_taken":["M","?","$","M","M","R","M","E","T","$","E"],"build_version":"2019-01-23","purchased_purges":2,"victory":false,"max_hp_per_floor":[75,75,75,75,75,75,75,75,75,75,75],"card_choices":[{"not_picked":["Gash","Conserve Battery"],"picked":"Hologram","floor":1},{"not_picked":["Rebound","Stack","Beam Cell"],"picked":"SKIP","floor":4},{"not_picked":["Gash","Leap","Beam Cell"],"picked":"SKIP","floor":5},{"not_picked":["Redo","Lockon"],"picked":"White Noise","floor":7},{"not_picked":["Fusion","Chill"],"picked":"Seek","floor":8}],"player_experience":262294,"relics_obtained":[{"floor":8,"key":"StoneCalendar"},{"floor":9,"key":"Matryoshka"}],"event_choices":[{"damage_healed":0,"gold_gain":0,"player_choice":"Entered Light","damage_taken":15,"max_hp_gain":0,"max_hp_loss":0,"event_name":"Shining Light","floor":2,"gold_loss":0,"cards_upgraded":["Defend_B","Defend_B"]}],"is_beta":false,"boss_relics":[],"items_purged_floors":[3,10],"is_endless":false,"potions_floor_spawned":[4,8],"killed_by":"3 Sentries","ascension_level":6}