{"gold_per_floor":[110,126,301,301,100,100,135,135,205,221,201,201,213,246,246,246],"floor_reached":16,"playtime":1172,"items_purged":["Doubt"],"score":173,"play_id":"87f38227-4a38-42d3-9df0-1bb3d1c7de83","local_time":"20190624160654","is_ascension_mode":true,"campfire_choices":[{"data":"Setup","floor":6,"key":"SMITH"},{"data":"Unload","floor":8,"key":"SMITH"},{"data":"Neutralize","floor":12,"key":"SMITH"},{"data":"Prepared","floor":15,"key":"SMITH"}],"neow_cost":"TEN_PERCENT_HP_LOSS","seed_source_timestamp":237536669278071,"circlet_count":0,"master_deck":["AscendersBane","Defend_G","Defend_G","Defend_G","Defend_G","Defend_G","Strike_G","Strike_G","Strike_G","Strike_G","Strike_G","Survivor","Neutralize+1","Unload+1","Backflip","Setup+1","Poisoned Stab","Underhanded Strike","Eviscerate","Acrobatics","Prepared+1","Sucker Punch"],"relics":["Ring of the Snake","Ancient Tea Set","Smiling Mask","The Courier","Meat on the Bone"],"potions_floor_usage":[7,14,16,16],"damage_taken":[{"damage":0,"enemies":"Small Slimes","floor":1,"turns":4},{"damage":0,"enemies":"2 Louse","floor":2,"turns":3},{"damage":18,"enemies":"Gremlin Nob","floor":7,"turns":3},{"damage":1,"enemies":"Cultist","floor":10,"turns":3},{"damage":0,"enemies":"2 Fungi Beasts","floor":13,"turns":3},{"damage":27,"enemies":"Lagavulin","floor":14,"turns":7},{"damage":30,"enemies":"The Guardian","floor":16,"turns":13}],"seed_played":"-3183019244199726241","potions_obtained":[{"floor":2,"key":"Ancient Potion"},{"floor":7,"key":"Dexterity Potion"},{"floor":11,"key":"EssenceOfSteel"},{"floor":14,"key":"Regen Potion"}],"is_trial":false,"path_per_floor":["M","M","?","?","$","R","E","R","T","M","?","R","M","E","R","B"],"character_chosen":"THE_SILENT","items_purchased":["Poisoned Stab","Underhanded Strike","Fire Potion"],"campfire_rested":0,"item_purchase_floors":[5,5,5],"current_hp_per_floor":[63,63,63,60,60,60,42,42,42,41,41,41,41,14,14,0],"gold":246,"neow_bonus":"THREE_RARE_CARDS","is_prod":false,"is_daily":false,"chose_seed":false,"campfire_upgraded":4,"win_rate":0,"timestamp":1561406814,"path_taken":["M","M","?","?","$","R","E","R","T","M","?","R","M","E","R","BOSS"],"build_version":"2019-01-23","purchased_purges":1,"victory":false,"max_hp_per_floor":[63,63,63,63,63,63,63,63,63,63,63,63,63,63,63,63],"card_choices":[{"not_picked":["Tools of the Trade","Doppelganger"],"picked":"Unload","floor":0},{"not_picked":["Dagger Throw","Endless Agony"],"picked":"Backflip","floor":1},{"not_picked":["Concentrate","Infinite Blades"],"picked":"Setup","floor":2},{"not_picked":["Slice","Caltrops"],"picked":"Eviscerate","floor":7},{"not_picked":["Flying Knee","Deadly Poison"],"picked":"Acrobatics","floor":10},{"not_picked":["Dodge and Roll","Cloak And Dagger"],"picked":"Prepared","floor":13},{"not_picked":["Blade Dance","Doppelganger"],"picked":"Sucker Punch","floor":14}],"player_experience":653791,"relics_obtained":[{"floor":7,"key":"Smiling Mask"},{"floor":9,"key":"The Courier"},{"floor":14,"key":"Meat on the Bone"}],"event_choices":[{"damage_healed":0,"gold_gain":175,"player_choice":"AGREE","damage_taken":0,"max_hp_gain":0,"max_hp_loss":0,"event_name":"Liars Game","floor":3,"gold_loss":0,"cards_obtained":["Doubt"]},{"damage_healed":0,"gold_gain":0,"player_choice":"Success","damage_taken":3,"relics_obtained":["Ancient Tea Set"],"max_hp_gain":0,"max_hp_loss":0,"event_name":"Scrap Ooze","floor":4,"gold_loss":0},{"damage_healed":0,"gold_gain":0,"player_choice":"Bought 1 Potion","damage_taken":0,"max_hp_gain":0,"max_hp_loss":0,"event_name":"The Woman in Blue","floor":11,"gold_loss":0}],"is_beta":false,"boss_relics":[],"items_purged_floors":[5],"is_endless":false,"potions_floor_spawned":[2,7,13,14],"killed_by":"The Guardian","ascension_level":12}