{"gold_per_floor":[209,384,384,402,134,134,154,178,204,60,60,60,71,56,56,56],"floor_reached":16,"playtime":763,"items_purged":["Doubt"],"score":126,"play_id":"a7303965-07de-4ee6-883c-360b7dad6655","local_time":"20181021230525","is_ascension_mode":true,"campfire_choices":[{"data":"Blade Dance","floor":6.0,"key":"SMITH"},{"data":"Endless Agony","floor":12.0,"key":"SMITH"},{"data":"Neutralize","floor":15.0,"key":"SMITH"}],"neow_cost":"NONE","seed_source_timestamp":0,"circlet_count":0,"master_deck":["Defend_G","Defend_G","Defend_G","Defend_G","Defend_G","Strike_G","Strike_G","Strike_G","Strike_G","Survivor","Neutralize","Blade Dance+1","Neutralize+1","Endless Agony+1","Dagger Spray","Slice"],"special_seed":0,"relics":["Ring of the Snake","DollysMirror","Blood Vial","Juzu Bracelet","Omamori"],"potions_floor_usage":[],"damage_taken":[{"damage":0.0,"enemies":"Small Slimes","floor":1.0,"turns":7.0},{"damage":8.0,"enemies":"Jaw Worm","floor":4.0,"turns":7.0},{"damage":0.0,"enemies":"2 Louse","floor":7.0,"turns":3.0},{"damage":0.0,"enemies":"Blue Slaver","floor":13.0,"turns":3.0},{"damage":2.0,"enemies":"Exordium Thugs","floor":14.0,"turns":4.0},{"damage":0,"enemies":"Hexaghost","floor":16,"turns":1}],"seed_played":"-6242196311032762937","potions_obtained":[{"floor":7.0,"key":"SpeedPotion"},{"floor":13.0,"key":"Weak Potion"}],"is_trial":false,"path_per_floor":["M","?","?","M","$","R","M","T","T","$","?","R","M","M","R"],"character_chosen":"THE_SILENT","items_purchased":["DollysMirror","Omamori"],"campfire_rested":0,"item_purchase_floors":[5,10],"current_hp_per_floor":[63,63,68,60,60,60,60,60,60,60,53,53,55,55,55,57],"gold":56,"neow_bonus":"HUNDRED_GOLD","is_prod":false,"is_daily":false,"chose_seed":false,"campfire_upgraded":3,"win_rate":0,"timestamp":1540181125,"path_taken":["M","?","?","M","?","R","M","?","T","$","?","R","M","M","R","BOSS"],"build_version":"2018-10-18","purchased_purges":1,"victory":false,"max_hp_per_floor":[70,70,75,75,75,75,75,75,75,75,75,75,75,75,75,75],"card_choices":[{"not_picked":["Backflip","PiercingWail"],"picked":"Blade Dance","floor":1.0},{"not_picked":["PiercingWail","Catalyst","Concentrate"],"picked":"SKIP","floor":4.0},{"not_picked":["Flying Knee","Night Terror"],"picked":"Endless Agony","floor":7.0},{"not_picked":["Bane","Acrobatics"],"picked":"Dagger Spray","floor":13.0},{"not_picked":["Deflect","Acrobatics"],"picked":"Slice","floor":14.0}],"player_experience":825405,"relics_obtained":[{"floor":8.0,"key":"Blood Vial"},{"floor":9.0,"key":"Juzu Bracelet"}],"event_choices":[{"damage_healed":0.0,"max_hp_gain":0.0,"max_hp_loss":0.0,"gold_gain":175.0,"event_name":"Liars Game","player_choice":"AGREE","floor":2.0,"gold_loss":0.0,"damage_taken":0.0,"cards_obtained":["Doubt"]},{"damage_healed":0.0,"max_hp_gain":5.0,"max_hp_loss":0.0,"gold_gain":0.0,"event_name":"Big Fish","player_choice":"Donut","floor":3.0,"gold_loss":0.0,"damage_taken":0.0},{"cards_removed":["Strike_G"],"damage_healed":0.0,"max_hp_gain":0.0,"max_hp_loss":0.0,"gold_gain":0.0,"event_name":"Golden Wing","player_choice":"Card Removal","floor":11.0,"gold_loss":0.0,"damage_taken":7.0}],"is_beta":false,"boss_relics":[],"items_purged_floors":[5],"is_endless":false,"potions_floor_spawned":[7,13],"killed_by":"Hexaghost","ascension_level":8}