{"gold_per_floor":[119,194,211,211,211,211,225,252,304,316,331,365,365,441,441,539,539,556,566,666,686,701,701,733,733,733,733,733,450,467,478,478,583,583,597,597,611,611,228,228,239,267,267,285,336,436,448,468,468,468],"floor_reached":51,"playtime":3757,"items_purged":[],"score":985,"play_id":"0da27603-ef43-400e-ba88-5788c5c3c1c5","local_time":"20180911153220","is_ascension_mode":true,"campfire_choices":[{"data":"Shrug It Off","floor":6.0,"key":"SMITH"},{"data":"Bludgeon","floor":13.0,"key":"SMITH"},{"floor":15.0,"key":"REST"},{"data":"1","floor":23.0,"key":"LIFT"},{"data":"2","floor":25.0,"key":"LIFT"},{"data":"3","floor":27.0,"key":"LIFT"},{"data":"Flame Barrier","floor":32.0,"key":"SMITH"},{"data":"Shrug It Off","floor":40,"key":"SMITH"},{"data":"Twin Strike","floor":49,"key":"SMITH"}],"neow_cost":"","seed_source_timestamp":0,"circlet_count":0,"master_deck":["Strike_R+1","Strike_R+1","Strike_R","Strike_R","Strike_R","Defend_R","Defend_R","Defend_R","Defend_R","Bash+1","Shrug It Off+1","Flex","Pommel Strike","Bludgeon+1","Flame Barrier+1","Shrug It Off","Armaments","Bludgeon","Body Slam+1","Thunderclap+1","Pommel Strike","Shrug It Off+1","Flex","Limit Break+1","Cleave+1","Battle Trance","Cleave+1","Inflame","Demon Form","Whirlwind+1","Pommel Strike+1","Twin Strike+1"],"special_seed":0,"relics":["Burning Blood","Paper Frog","Mercury Hourglass","Pen Nib","The Courier","Mark of Pain","Girya","Self Forming Clay","Potion Belt","Bottled Flame","Orichalcum","Lee\u0027s Waffle","Busted Crown","Gremlin Horn","Blood Vial","Whetstone","Thread and Needle"],"potions_floor_usage":[38,38,50,50,50],"damage_taken":[{"damage":5.0,"enemies":"Small Slimes","floor":1.0,"turns":3.0},{"damage":2.0,"enemies":"Jaw Worm","floor":3.0,"turns":5.0},{"damage":9.0,"enemies":"2 Louse","floor":7.0,"turns":4.0},{"damage":19.0,"enemies":"Lagavulin","floor":8.0,"turns":6.0},{"damage":10.0,"enemies":"Gremlin Gang","floor":10.0,"turns":4.0},{"damage":1.0,"enemies":"Large Slime","floor":11.0,"turns":5.0},{"damage":0.0,"enemies":"Gremlin Nob","floor":12.0,"turns":2.0},{"damage":14.0,"enemies":"The Guardian","floor":16.0,"turns":4.0},{"damage":0.0,"enemies":"Chosen","floor":18.0,"turns":4.0},{"damage":4.0,"enemies":"3 Byrds","floor":19.0,"turns":5.0},{"damage":14.0,"enemies":"Colosseum Slavers","floor":20.0,"turns":3.0},{"damage":18.0,"enemies":"Colosseum Nobs","floor":20.0,"turns":4.0},{"damage":20.0,"enemies":"Cultist and Chosen","floor":21.0,"turns":5.0},{"damage":10.0,"enemies":"Sentry and Sphere","floor":22.0,"turns":5.0},{"damage":7.0,"enemies":"Gremlin Leader","floor":24.0,"turns":4.0},{"damage":0.0,"enemies":"3 Cultists","floor":30.0,"turns":3.0},{"damage":0.0,"enemies":"Snake Plant","floor":31.0,"turns":1.0},{"damage":79,"enemies":"Automaton","floor":33,"turns":7},{"damage":0,"enemies":"Orb Walker","floor":35,"turns":1},{"damage":0,"enemies":"3 Darklings","floor":37,"turns":3},{"damage":0,"enemies":"Spire Growth","floor":38,"turns":2},{"damage":24,"enemies":"Maw","floor":41,"turns":6},{"damage":23,"enemies":"Giant Head","floor":42,"turns":6},{"damage":1,"enemies":"Transient","floor":44,"turns":5},{"damage":0,"enemies":"Mysterious Sphere","floor":45,"turns":2},{"damage":0,"enemies":"Sphere and 2 Shapes","floor":47,"turns":3},{"damage":0,"enemies":"3 Darklings","floor":48,"turns":4},{"damage":51,"enemies":"Donu and Deca","floor":50,"turns":6}],"seed_played":"1897270372355873202","potions_obtained":[{"floor":11.0,"key":"LiquidBronze"},{"floor":12.0,"key":"BloodPotion"},{"floor":16.0,"key":"Fire Potion"},{"floor":21.0,"key":"Explosive Potion"},{"floor":22.0,"key":"SmokeBomb"},{"floor":37,"key":"Fruit Juice"},{"floor":44,"key":"PowerPotion"},{"floor":47,"key":"SkillPotion"}],"is_trial":false,"path_per_floor":["M","?","M","T","?","R","M","E","T","M","M","E","R","?","R","B",null,"M","M","?","M","M","R","E","R","T","R","?","$","M","M","R","B",null,"M","?","M","M","$","R","M","E","T","M","?","?","M","M","R","B"],"character_chosen":"IRONCLAD","items_purchased":["Orichalcum","Lee\u0027s Waffle","Gremlin Horn","Inflame","Demon Form"],"campfire_rested":1,"item_purchase_floors":[29,29,39,39,39],"current_hp_per_floor":[73,62,66,66,66,66,63,50,50,46,51,57,57,57,80,72,78,80,80,60,54,50,50,49,49,49,49,49,87,87,87,87,14,69,75,75,81,92,92,92,74,57,57,64,72,72,80,88,88,45],"gold":468,"neow_bonus":"","is_prod":false,"is_daily":false,"chose_seed":false,"campfire_upgraded":5,"win_rate":0,"timestamp":1536697940,"path_taken":["M","?","M","?","?","R","M","E","T","?","M","E","R","?","R","BOSS","M","M","?","M","M","R","E","R","T","R","?","$","?","M","R","BOSS","M","?","M","M","$","R","M","E","T","M","?","?","?","M","R","BOSS"],"build_version":"2018-09-06","purchased_purges":0,"victory":true,"max_hp_per_floor":[80,80,80,80,80,80,80,80,80,80,80,80,80,80,80,80,80,80,80,80,80,80,80,80,80,80,80,80,87,87,87,87,87,87,87,87,87,92,92,92,92,92,92,92,92,92,92,92,92,92],"card_choices":[{"not_picked":["Cleave","Anger"],"picked":"Shrug It Off","floor":1.0},{"not_picked":["Shockwave","Thunderclap"],"picked":"Flex","floor":3.0},{"not_picked":["Twin Strike","Shrug It Off"],"picked":"Pommel Strike","floor":7.0},{"not_picked":["Flex","Anger"],"picked":"Bludgeon","floor":8.0},{"not_picked":["Rampage","Hemokinesis"],"picked":"Flame Barrier","floor":10.0},{"not_picked":["Pummel","Anger"],"picked":"Shrug It Off","floor":11.0},{"not_picked":["Corruption","Warcry"],"picked":"Armaments","floor":12.0},{"not_picked":["Barricade","Impervious"],"picked":"Bludgeon","floor":16.0},{"not_picked":["Iron Wave","Headbutt"],"picked":"Body Slam+1","floor":18.0},{"not_picked":["Clash","Anger"],"picked":"Thunderclap+1","floor":19.0},{"not_picked":["Armaments","Dual Wield"],"picked":"Pommel Strike","floor":20.0},{"not_picked":["Power Through","Anger"],"picked":"Shrug It Off","floor":21.0},{"not_picked":["Armaments","Carnage"],"picked":"Flex","floor":22.0},{"not_picked":["Searing Blow","Uppercut"],"picked":"Limit Break","floor":24.0},{"not_picked":["Power Through","Burning Pact"],"picked":"Cleave+1","floor":30.0},{"not_picked":["Whirlwind+1","Wild Strike"],"picked":"Battle Trance","floor":31.0},{"not_picked":["Offering","Demon Form"],"picked":"Double Tap","floor":33},{"not_picked":[],"picked":"Cleave+1","floor":35},{"not_picked":["Clash"],"picked":"SKIP","floor":37},{"not_picked":["Power Through"],"picked":"SKIP","floor":41},{"not_picked":[],"picked":"Whirlwind+1","floor":42},{"not_picked":[],"picked":"Pommel Strike+1","floor":44},{"not_picked":["Bloodletting+1"],"picked":"SKIP","floor":47},{"not_picked":[],"picked":"Twin Strike","floor":48}],"player_experience":588632,"relics_obtained":[{"floor":4.0,"key":"Paper Frog"},{"floor":8.0,"key":"Mercury Hourglass"},{"floor":9.0,"key":"Pen Nib"},{"floor":12.0,"key":"The Courier"},{"floor":20.0,"key":"Girya"},{"floor":20.0,"key":"Self Forming Clay"},{"floor":24.0,"key":"Potion Belt"},{"floor":26.0,"key":"Bottled Flame"},{"floor":42,"key":"Blood Vial"},{"floor":43,"key":"Whetstone"},{"floor":45,"key":"Thread and Needle"}],"event_choices":[{"event_name":"World of Goop","player_choice":"Gather Gold","floor":2.0,"damage_taken":0.0},{"event_name":"Living Wall","player_choice":"Grow","floor":5.0,"damage_taken":0.0},{"event_name":"Golden Wing","player_choice":"Gained Gold","floor":14.0,"damage_taken":0.0},{"event_name":"Colosseum","player_choice":"Fight","floor":20.0,"damage_taken":0.0},{"event_name":"Colosseum","player_choice":"Fought Nobs","floor":20.0,"damage_taken":0.0},{"event_name":"Upgrade Shrine","player_choice":"Upgraded","floor":28.0,"damage_taken":0.0},{"event_name":"Falling","player_choice":"Removed Skill","floor":36,"damage_taken":0},{"event_name":"Mysterious Sphere","player_choice":"Fight","floor":45,"damage_taken":0},{"event_name":"Golden Shrine","player_choice":"Pray","floor":46,"damage_taken":0}],"is_beta":false,"boss_relics":[{"not_picked":["Fusion Hammer","Ectoplasm"],"picked":"Mark of Pain"},{"not_picked":["Coffee Dripper","Calling Bell"],"picked":"Busted Crown"}],"items_purged_floors":[],"is_endless":false,"potions_floor_spawned":[11,12,16,18,20,21,22,37,38,44,47],"ascension_level":7}