{"gold_per_floor":[112,187,187,187,112,140,140,159,159,178,178,128,98,113,113,212,212,227,227,227,299,104,104,122,122,122,453,478,488,488,488,488,592,592,612,512,531,531,545,545,560,570,570,570,589,689,911,921,921,921],"floor_reached":51,"playtime":2174,"items_purged":["Defend_R","Defend_R"],"score":713,"play_id":"1bd44205-6503-47d1-bfb6-dc75f252aa27","local_time":"20180710150941","is_ascension_mode":false,"campfire_choices":[{"data":"Immolate","floor":7,"key":"SMITH"},{"data":"Searing Blow","floor":11,"key":"SMITH"},{"data":"Searing Blow+1","floor":15,"key":"SMITH"},{"data":"Searing Blow+2","floor":23,"key":"SMITH"},{"data":"Searing Blow+3","floor":25,"key":"SMITH"},{"data":"Searing Blow+4","floor":30,"key":"SMITH"},{"floor":32,"key":"REST"},{"data":"Searing Blow+5","floor":40,"key":"SMITH"},{"data":"Searing Blow+6","floor":44,"key":"SMITH"},{"floor":49,"key":"REST"}],"neow_cost":"TEN_PERCENT_HP_LOSS","seed_source_timestamp":1205415468447686,"circlet_count":0,"master_deck":["Strike_R+1","Strike_R","Defend_R+1","Defend_R+1","Bash","Immolate+1","Spot Weakness","Rampage","Ghostly Armor+1","Searing Blow+7","Double Tap","Flex","Pommel Strike+1","Flame Barrier+1","Power Through+1","Necronomicurse","Demon Form","Inflame+1","Armaments+1","Flex+1"],"relics":["Burning Blood","Mercury Hourglass","Anchor","Lizard Tail","FaceOfCleric","Dodecahedron","War Paint","Toxic Egg 2","Old Coin","Red Mask","Necronomicon","Busted Crown","Ornamental Fan"],"potions_floor_usage":[6,16,27,28,29,37,39,39,42,50],"damage_taken":[{"damage":4,"enemies":"Jaw Worm","floor":1,"turns":5},{"damage":22,"enemies":"Gremlin Nob","floor":6,"turns":4},{"damage":0,"enemies":"Small Slimes","floor":8,"turns":1},{"damage":0,"enemies":"2 Louse","floor":10,"turns":1},{"damage":0,"enemies":"Exordium Wildlife","floor":14,"turns":2},{"damage":13,"enemies":"Slime Boss","floor":16,"turns":8},{"damage":0,"enemies":"Chosen","floor":18,"turns":3},{"damage":0,"enemies":"2 Thieves","floor":24,"turns":1},{"damage":23,"enemies":"Slavers","floor":27,"turns":4},{"damage":18,"floor":28,"turns":4},{"damage":5,"enemies":"Snake Plant","floor":29,"turns":2},{"damage":63,"enemies":"Champ","floor":33,"turns":8},{"damage":0,"enemies":"3 Darklings","floor":35,"turns":1},{"damage":0,"enemies":"3 Shapes","floor":37,"turns":4},{"damage":31,"enemies":"Maw","floor":39,"turns":6},{"damage":0,"enemies":"3 Darklings","floor":41,"turns":2},{"damage":8,"enemies":"Sphere and 2 Shapes","floor":42,"turns":4},{"damage":26,"enemies":"Maw","floor":45,"turns":6},{"damage":1,"enemies":"3 Darklings","floor":48,"turns":3},{"damage":70,"enemies":"Time Eater","floor":50,"turns":10}],"seed_played":"-7191052243280156283","potions_obtained":[{"floor":1,"key":"Regen Potion"},{"floor":6,"key":"Regen Potion"},{"floor":16,"key":"GamblersBrew"},{"floor":27,"key":"Block Potion"},{"floor":28,"key":"GamblersBrew"},{"floor":33,"key":"EntropicBrew"},{"floor":37,"key":"Explosive Potion"},{"floor":41,"key":"Block Potion"},{"floor":48,"key":"Regen Potion"}],"is_trial":false,"path_per_floor":["M","?","?","?","$","E","R","M","T","M","R","?","?","M","R","B",null,"M","?","?","T","$","R","M","R","T","E","?","M","R","?","R","B",null,"M","$","M","?","M","R","M","M","T","R","M","?","?","M","R","B"],"character_chosen":"IRONCLAD","items_purchased":["War Paint","Flex"],"campfire_rested":2,"item_purchase_floors":[22,22],"current_hp_per_floor":[72,61,54,40,40,36,36,42,42,48,48,48,48,54,54,61,72,72,72,72,72,72,72,73,73,73,57,46,48,48,32,54,45,77,78,78,79,79,62,62,69,68,68,68,49,49,49,55,80,29],"gold":921,"neow_bonus":"THREE_RARE_CARDS","is_prod":false,"is_daily":false,"chose_seed":false,"campfire_upgraded":8,"win_rate":0,"timestamp":1531253381,"path_taken":["M","?","?","?","$","E","R","?","T","M","R","?","?","M","R","BOSS","M","?","?","?","?","R","M","R","T","E","?","?","R","?","R","BOSS","M","$","M","?","M","R","M","M","T","R","M","?","?","M","R","BOSS"],"build_version":"2018-07-05","purchased_purges":2,"victory":true,"max_hp_per_floor":[72,72,72,72,72,72,72,72,72,72,72,72,72,72,72,72,72,72,72,72,72,72,72,73,73,73,74,75,76,76,76,76,77,77,78,78,79,79,80,80,81,82,82,82,83,83,83,84,84,85],"card_choices":[{"not_picked":["Limit Break","Dark Embrace"],"picked":"Immolate","floor":0},{"not_picked":["Seeing Red","Flex"],"picked":"Spot Weakness","floor":1},{"not_picked":["Cleave","Anger"],"picked":"Rampage","floor":6},{"not_picked":["Thunderclap","Twin Strike"],"picked":"Ghostly Armor","floor":8},{"not_picked":["Spot Weakness","Berserk"],"picked":"Searing Blow","floor":10},{"not_picked":["Entrench","Disarm","Perfected Strike"],"picked":"SKIP","floor":14},{"not_picked":["Exhume","Offering"],"picked":"Double Tap","floor":16},{"not_picked":["Havoc","Burning Pact","Body Slam"],"picked":"SKIP","floor":18},{"not_picked":["Havoc","Sword Boomerang"],"picked":"Pommel Strike+1","floor":24},{"not_picked":["Disarm+1","Havoc+1"],"picked":"Flame Barrier+1","floor":27},{"not_picked":["Iron Wave","Clash+1"],"picked":"Power Through+1","floor":29},{"not_picked":["Limit Break+1","Bludgeon"],"picked":"Demon Form","floor":33},{"not_picked":["Iron Wave"],"picked":"SKIP","floor":35},{"not_picked":["Sentinel+1"],"picked":"SKIP","floor":37},{"not_picked":[],"picked":"Inflame+1","floor":39},{"not_picked":[],"picked":"Armaments+1","floor":41},{"not_picked":[],"picked":"Flex+1","floor":42},{"not_picked":["Entrench+1"],"picked":"SKIP","floor":45},{"not_picked":["Hemokinesis"],"picked":"SKIP","floor":48}],"player_experience":138987,"relics_obtained":[{"floor":6,"key":"Mercury Hourglass"},{"floor":9,"key":"Anchor"},{"floor":21,"key":"Dodecahedron"},{"floor":26,"key":"Toxic Egg 2"},{"floor":27,"key":"Old Coin"},{"floor":28,"key":"Red Mask"},{"floor":31,"key":"Necronomicon"},{"floor":43,"key":"Ornamental Fan"}],"event_choices":[{"event_name":"World of Goop","player_choice":"Gather Gold","floor":2,"damage_taken":0},{"event_name":"Golden Wing","player_choice":"Card Removal","floor":3,"damage_taken":0},{"event_name":"Shining Light","player_choice":"Entered Light","floor":4,"damage_taken":0},{"event_name":"The Cleric","player_choice":"Card Removal","floor":12,"damage_taken":0},{"event_name":"The Woman in Blue","player_choice":"Bought 2 Potions","floor":13,"damage_taken":0},{"event_name":"FaceTrader","player_choice":"Trade","floor":19,"damage_taken":0},{"event_name":"Back to Basics","player_choice":"Elegance","floor":20,"damage_taken":0},{"event_name":"Masked Bandits","player_choice":"Fought over 453 gold","floor":28,"damage_taken":0},{"event_name":"Cursed Tome","player_choice":"Obtained Book","floor":31,"damage_taken":0},{"event_name":"SensoryStone","player_choice":"Memory 1","floor":38,"damage_taken":0},{"event_name":"Golden Shrine","player_choice":"Pray","floor":46,"damage_taken":0},{"event_name":"Tomb of Lord Red Mask","player_choice":"Wore Mask","floor":47,"damage_taken":0}],"boss_relics":[{"not_picked":["Fusion Hammer","Astrolabe"],"picked":"Lizard Tail"},{"not_picked":["Black Blood","Runic Dome"],"picked":"Busted Crown"}],"items_purged_floors":[5,36],"is_endless":false,"potions_floor_spawned":[1,6,16,27,28,33,37,41,48],"ascension_level":0}