{"gold_per_floor":[109,109,123,298,298,331,331,347,347,378,390,410,410,425,425,523,523,540,554,454,472,372,397,397,414,439,451,563,153,153,185,185,288,288,300,313,326,236,247,257,15,32,32,32,50,68,68,68,68,68],"floor_reached":51,"playtime":2816,"items_purged":["Strike_B","Strike_B","Strike_B"],"score":751,"play_id":"ec2d43c0-71a6-4d7c-8e0d-366f555259d1","local_time":"20190619092347","is_ascension_mode":false,"campfire_choices":[{"data":"Zap","floor":7,"key":"SMITH"},{"floor":13,"key":"REST"},{"data":"Thunder Strike","floor":15,"key":"SMITH"},{"floor":24,"key":"REST"},{"floor":32,"key":"REST"},{"data":"Hologram","floor":47,"key":"SMITH"},{"data":"Hologram","floor":49,"key":"SMITH"}],"neow_cost":"NONE","seed_source_timestamp":175501968398132,"circlet_count":0,"master_deck":["Strike_B+1","Defend_B","Defend_B+1","Defend_B","Zap+1","Dualcast","Gash","Ball Lightning","Gash+1","Hologram","Thunder Strike+1","Gash","All For One","Doom and Gloom+1","BootSequence+1","Hologram+1","Hologram","Ball Lightning","Beam Cell","Hologram+1","Hologram","Cold Snap+1","Beam Cell","Coolheaded+1","Ball Lightning","Skim+1","Hologram+1"],"relics":["Cracked Core","Letter Opener","Happy Flower","Question Card","Sozu","Unceasing Top","MawBank","Kunai","Sundial","Pear","Philosopher\u0027s Stone","Cables","Mummified Hand"],"potions_floor_usage":[10,12,50,50],"damage_taken":[{"damage":11,"enemies":"Jaw Worm","floor":1,"turns":3},{"damage":0,"enemies":"2 Louse","floor":3,"turns":1},{"damage":26,"enemies":"Gremlin Nob","floor":6,"turns":4},{"damage":1,"enemies":"Cultist","floor":8,"turns":3},{"damage":13,"enemies":"Lagavulin","floor":10,"turns":4},{"damage":0,"enemies":"Looter","floor":11,"turns":2},{"damage":0,"enemies":"Exordium Thugs","floor":12,"turns":3},{"damage":8,"enemies":"Lots of Slimes","floor":14,"turns":3},{"damage":23,"enemies":"Slime Boss","floor":16,"turns":9},{"damage":9,"enemies":"Shell Parasite","floor":18,"turns":4},{"damage":0,"enemies":"3 Byrds","floor":19,"turns":3},{"damage":18,"enemies":"3 Cultists","floor":21,"turns":4},{"damage":31,"enemies":"Book of Stabbing","floor":23,"turns":4},{"damage":2,"enemies":"Shelled Parasite and Fungi","floor":25,"turns":3},{"damage":19,"enemies":"Slavers","floor":31,"turns":4},{"damage":49,"enemies":"Automaton","floor":33,"turns":8},{"damage":19,"enemies":"3 Darklings","floor":35,"turns":3},{"damage":0,"enemies":"Orb Walker","floor":36,"turns":2},{"damage":0,"enemies":"Spire Growth","floor":37,"turns":3},{"damage":2,"enemies":"4 Shapes","floor":39,"turns":3},{"damage":2,"enemies":"3 Darklings","floor":40,"turns":3},{"damage":9,"enemies":"Maw","floor":42,"turns":4},{"damage":6,"enemies":"Spire Growth","floor":45,"turns":3},{"damage":6,"enemies":"4 Shapes","floor":46,"turns":3},{"damage":28,"enemies":"Awakened One","floor":50,"turns":6}],"seed_played":"-4771052273697791820","potions_obtained":[{"floor":6,"key":"PowerPotion"},{"floor":11,"key":"Block Potion"},{"floor":12,"key":"Poison Potion"},{"floor":14,"key":"LiquidBronze"},{"floor":16,"key":"Dexterity Potion"}],"is_trial":false,"path_per_floor":["M","?","M","?","?","E","R","M","T","E","M","M","R","M","R","B",null,"M","M","$","M","$","E","R","M","T","$","?","$","?","E","R","B",null,"M","M","M","?","M","M","$","M","T","?","M","M","R","$","R","B",null],"character_chosen":"DEFECT","items_purchased":["Hologram","Kunai","Hologram","Cables"],"campfire_rested":3,"item_purchase_floors":[20,29,29,41],"current_hp_per_floor":[71,55,55,55,48,22,22,21,21,8,8,8,32,24,24,1,82,73,73,73,55,55,24,48,46,46,46,46,46,46,37,64,15,92,73,73,73,73,71,69,69,60,60,92,86,80,80,80,80,52],"gold":68,"neow_bonus":"TEN_PERCENT_HP_BONUS","is_prod":false,"is_daily":false,"chose_seed":false,"campfire_upgraded":4,"win_rate":0,"timestamp":1560954227,"path_taken":["M","?","M","?","?","E","R","M","T","E","M","M","R","?","R","BOSS","M","M","$","M","$","E","R","M","T","$","?","?","?","E","R","BOSS","M","M","M","?","?","M","$","M","T","?","?","M","R","?","R","BOSS"],"build_version":"2019-01-23","purchased_purges":3,"victory":true,"max_hp_per_floor":[82,82,82,82,82,82,82,82,82,82,82,82,82,82,82,82,82,82,82,82,82,82,82,82,82,82,82,82,82,82,92,92,92,92,92,92,92,92,92,92,92,92,92,92,92,92,92,92,92,92],"card_choices":[{"not_picked":["Redo","Genetic Algorithm"],"picked":"Gash","floor":1},{"not_picked":["Tempest","Rebound"],"picked":"Ball Lightning","floor":3},{"not_picked":["Rebound","Heatsinks","Capacitor"],"picked":"SKIP","floor":6},{"not_picked":["Scrape","Self Repair"],"picked":"Gash","floor":8},{"not_picked":["Melter","Compile Driver","Amplify"],"picked":"SKIP","floor":10},{"not_picked":["Sunder","Cold Snap","Darkness"],"picked":"Hologram","floor":11},{"not_picked":["Darkness","Stack","Streamline"],"picked":"Thunder Strike","floor":12},{"not_picked":["Stack","Fission","Conserve Battery"],"picked":"Gash","floor":14},{"not_picked":["Thunder Strike","Buffer","Rainbow"],"picked":"All For One","floor":16},{"not_picked":["Glacier","Skim","Hello World"],"picked":"Doom and Gloom+1","floor":18},{"not_picked":["Reprogram","Force Field","Turbo"],"picked":"BootSequence+1","floor":19},{"not_picked":["Steam","Recycle+1","Rebound"],"picked":"Hologram","floor":21},{"not_picked":["Glacier","Buffer","Conserve Battery+1"],"picked":"Ball Lightning","floor":23},{"not_picked":["Undo+1","Conserve Battery","Hologram"],"picked":"Beam Cell","floor":25},{"not_picked":["Storm","Core Surge","Barrage+1","Compile Driver+1"],"picked":"SKIP","floor":31},{"not_picked":["Turbo","Capacitor+1","Stack+1"],"picked":"Hologram","floor":35},{"not_picked":["Compile Driver+1","Auto Shields+1","Steam"],"picked":"Cold Snap+1","floor":36},{"not_picked":["Rebound","Doom and Gloom","Melter+1"],"picked":"Beam Cell","floor":37},{"not_picked":["Reinforced Body","Barrage","Consume"],"picked":"Coolheaded+1","floor":39},{"not_picked":["Redo","Hyperbeam","Stack+1"],"picked":"Ball Lightning","floor":40},{"not_picked":["Hello World","Redo+1","Static Discharge"],"picked":"Skim+1","floor":42},{"not_picked":["Redo+1","FTL","Coolheaded","Reprogram+1"],"picked":"SKIP","floor":45},{"not_picked":["Conserve Battery","Barrage+1","Auto Shields+1"],"picked":"Hologram+1","floor":46}],"player_experience":1473965,"relics_obtained":[{"floor":6,"key":"Letter Opener"},{"floor":9,"key":"Happy Flower"},{"floor":10,"key":"Question Card"},{"floor":23,"key":"Unceasing Top"},{"floor":26,"key":"MawBank"},{"floor":31,"key":"Pear"},{"floor":43,"key":"Mummified Hand"}],"event_choices":[{"damage_healed":0,"gold_gain":0,"player_choice":"Entered Light","damage_taken":16,"max_hp_gain":0,"max_hp_loss":0,"event_name":"Shining Light","floor":2,"gold_loss":0,"cards_upgraded":["Defend_B","Strike_B"]},{"damage_healed":0,"gold_gain":175,"player_choice":"AGREE","damage_taken":0,"max_hp_gain":0,"max_hp_loss":0,"event_name":"Liars Game","floor":4,"gold_loss":0,"cards_obtained":["Doubt"]},{"cards_removed":["Doubt"],"damage_healed":0,"gold_gain":0,"player_choice":"Card Removal","damage_taken":7,"max_hp_gain":0,"max_hp_loss":0,"event_name":"Golden Wing","floor":5,"gold_loss":0},{"damage_healed":0,"gold_gain":100,"player_choice":"Pray","damage_taken":0,"max_hp_gain":0,"max_hp_loss":0,"event_name":"Golden Shrine","floor":28,"gold_loss":0},{"damage_healed":0,"gold_gain":0,"player_choice":"Gave Potion","damage_taken":0,"relics_obtained":["Sundial"],"max_hp_gain":0,"max_hp_loss":0,"event_name":"WeMeetAgain","floor":30,"gold_loss":0},{"cards_removed":["Defend_B"],"damage_healed":0,"gold_gain":0,"player_choice":"Upgrade and Remove","damage_taken":0,"max_hp_gain":0,"max_hp_loss":0,"event_name":"Designer","floor":38,"gold_loss":90,"cards_upgraded":["Gash"]},{"damage_healed":32,"gold_gain":0,"player_choice":"Full Heal","damage_taken":0,"max_hp_gain":0,"max_hp_loss":0,"event_name":"Wheel of Change","floor":44,"gold_loss":0}],"is_beta":false,"boss_relics":[{"not_picked":["Coffee Dripper","Runic Dome"],"picked":"Sozu"},{"not_picked":["Snecko Eye","Fusion Hammer"],"picked":"Philosopher\u0027s Stone"}],"items_purged_floors":[20,22,29],"is_endless":false,"potions_floor_spawned":[6,11,12,14,16,18,21,23,33,37,42,45],"ascension_level":0}