{"gold_per_floor":[119,136,311,311,328,358,358,388,411,411,429,429,460,470,470,568,568,581,592,1,15,32,32,67,82,82,101,112,58,58,78,78,180,180,191,203,230,245,261,261,22,34,34,0,52,52,52,71,71,71,71,71,18,45,45],"floor_reached":55,"playtime":5355,"items_purged":["Doubt"],"score":733,"play_id":"d63a8a89-e7be-4c27-8c17-a685a682aaf8","local_time":"20181127131703","is_ascension_mode":false,"campfire_choices":[{"data":"Heavy Blade","floor":7.0,"key":"SMITH"},{"data":"Thunderclap","floor":12.0,"key":"SMITH"},{"floor":15.0,"key":"REST"},{"data":"1","floor":23.0,"key":"LIFT"},{"data":"2","floor":32.0,"key":"LIFT"},{"floor":40.0,"key":"RECALL"},{"data":"3","floor":47.0,"key":"LIFT"},{"floor":49.0,"key":"REST"},{"data":"Demon Form","floor":52.0,"key":"SMITH"}],"neow_cost":"PERCENT_DAMAGE","seed_source_timestamp":0,"circlet_count":0,"master_deck":["Strike_R","Strike_R","Strike_R","Strike_R","Strike_R","Defend_R","Defend_R","Defend_R","Defend_R","Bash","Spot Weakness","Shockwave+1","Cleave","Heavy Blade+1","Thunderclap+1","Immolate","Limit Break","Heavy Blade","Master of Strategy","Heavy Blade+1","Shrug It Off","Spot Weakness","Cleave","Limit Break","Demon Form+1","Clumsy","Heavy Blade","Doubt","Flex"],"special_seed":0,"relics":["Burning Blood","Ginger","Boot","Odd Mushroom","Anchor","Ice Cream","Letter Opener","Busted Crown","Girya","Kunai","Cursed Key","PreservedInsect","Bottled Tornado","Mummified Hand","Red Mask","Unceasing Top","Shuriken"],"potions_floor_usage":[55],"damage_taken":[{"damage":0.0,"enemies":"Small Slimes","floor":1.0,"turns":3.0},{"damage":0.0,"enemies":"2 Louse","floor":2.0,"turns":3.0},{"damage":1.0,"enemies":"Cultist","floor":5.0,"turns":4.0},{"damage":24.0,"enemies":"Gremlin Nob","floor":6.0,"turns":5.0},{"damage":11.0,"enemies":"The Mushroom Lair","floor":8.0,"turns":4.0},{"damage":3.0,"enemies":"Exordium Wildlife","floor":11.0,"turns":3.0},{"damage":26.0,"enemies":"Lagavulin","floor":13.0,"turns":6.0},{"damage":0.0,"enemies":"Gremlin Gang","floor":14.0,"turns":1.0},{"damage":40.0,"enemies":"Hexaghost","floor":16.0,"turns":7.0},{"damage":18.0,"enemies":"Shell Parasite","floor":18.0,"turns":3.0},{"damage":10.0,"enemies":"2 Thieves","floor":19.0,"turns":3.0},{"damage":19.0,"enemies":"Shelled Parasite and Fungi","floor":21.0,"turns":4.0},{"damage":0.0,"enemies":"Chosen and Byrds","floor":22.0,"turns":4.0},{"damage":8.0,"enemies":"Gremlin Leader","floor":24.0,"turns":4.0},{"damage":0.0,"enemies":"Cultist and Chosen","floor":25.0,"turns":3.0},{"damage":7.0,"enemies":"3 Cultists","floor":27.0,"turns":3.0},{"damage":0.0,"enemies":"Snake Plant","floor":28.0,"turns":3.0},{"damage":10.0,"enemies":"Centurion and Healer","floor":31.0,"turns":3.0},{"damage":20.0,"enemies":"Champ","floor":33.0,"turns":7.0},{"damage":5.0,"enemies":"3 Shapes","floor":35.0,"turns":3.0},{"damage":7.0,"enemies":"3 Darklings","floor":36.0,"turns":3.0},{"damage":0.0,"enemies":"Transient","floor":38.0,"turns":5.0},{"damage":0.0,"enemies":"Sphere and 2 Shapes","floor":39.0,"turns":3.0},{"damage":25.0,"enemies":"Maw","floor":42.0,"turns":3.0},{"damage":21.0,"enemies":"2 Orb Walkers","floor":45.0,"turns":3.0},{"damage":0.0,"enemies":"Transient","floor":48.0,"turns":5.0},{"damage":42.0,"enemies":"Donu and Deca","floor":50.0,"turns":4.0},{"damage":21.0,"enemies":"Shield and Spear","floor":54.0,"turns":3.0},{"damage":57,"enemies":"The Heart","floor":55,"turns":3}],"seed_played":"8813688013468329791","potions_obtained":[{"floor":1.0,"key":"LiquidBronze"},{"floor":8.0,"key":"Swift Potion"},{"floor":13.0,"key":"AttackPotion"},{"floor":18.0,"key":"Weak Potion"},{"floor":19.0,"key":"Energy Potion"},{"floor":24.0,"key":"BloodPotion"},{"floor":28.0,"key":"Weak Potion"},{"floor":38.0,"key":"Explosive Potion"},{"floor":39.0,"key":"PowerPotion"},{"floor":42.0,"key":"SpeedPotion"},{"floor":54.0,"key":"PowerPotion"}],"is_trial":false,"path_per_floor":["M","M","?","?","M","E","R","?","T","?","M","R","E","M","R","B",null,"M","M","$","M","M","R","E","M","T","M","M","$","?","M","R","B",null,"M","M","T","M","M","R","$","M","T","?","?","$","R","M","R","B",null,"R","$","E","B"],"character_chosen":"IRONCLAD","items_purchased":["Heavy Blade","Girya","Master of Strategy","Cleave","Bottled Tornado","Flex"],"campfire_rested":2,"item_purchase_floors":[20,20,20,29,41,53],"current_hp_per_floor":[62,68,68,68,73,55,55,50,50,50,53,53,33,39,63,29,80,68,64,64,51,57,57,55,61,61,60,66,66,66,62,62,48,80,80,79,79,80,80,80,80,61,61,61,46,46,46,52,76,40,80,80,80,65,8],"gold":45,"neow_bonus":"ONE_RARE_RELIC","is_prod":false,"is_daily":false,"chose_seed":false,"campfire_upgraded":3,"win_rate":0,"timestamp":1543346223,"path_taken":["M","M","?","?","M","E","R","?","T","?","M","R","E","M","R","BOSS","M","M","$","?","M","R","E","M","T","M","M","$","?","?","R","BOSS","M","M","?","M","M","R","$","M","T","?","?","?","R","M","R","BOSS","R","$","E","BOSS"],"build_version":"2018-11-15","purchased_purges":1,"victory":false,"max_hp_per_floor":[80,80,80,80,80,80,80,80,80,80,80,80,80,80,80,80,80,80,80,80,80,80,80,80,80,80,80,80,80,80,80,80,80,80,80,80,80,80,80,80,80,80,80,80,80,80,80,80,80,80,80,80,80,80,80],"card_choices":[{"not_picked":["Inflame","Shrug It Off"],"picked":"Spot Weakness","floor":1.0},{"not_picked":["True Grit","Thunderclap"],"picked":"Shockwave","floor":2.0},{"not_picked":["Headbutt","True Grit"],"picked":"Cleave","floor":5.0},{"not_picked":["Perfected Strike","Second Wind"],"picked":"Heavy Blade","floor":6.0},{"not_picked":["Feel No Pain","Burning Pact"],"picked":"Thunderclap","floor":8.0},{"not_picked":["Warcry","Body Slam","Combust"],"picked":"SKIP","floor":11.0},{"not_picked":["Dual Wield","Rampage"],"picked":"Immolate","floor":13.0},{"not_picked":["Metallicize","Infernal Blade","Rampage"],"picked":"SKIP","floor":14.0},{"not_picked":["Feed","Impervious"],"picked":"Limit Break","floor":16.0},{"not_picked":["Armaments"],"picked":"SKIP","floor":18.0},{"not_picked":["Evolve"],"picked":"SKIP","floor":19.0},{"not_picked":[],"picked":"Heavy Blade+1","floor":21.0},{"not_picked":[],"picked":"Shrug It Off","floor":22.0},{"not_picked":["Corruption"],"picked":"SKIP","floor":24.0},{"not_picked":[],"picked":"Spot Weakness","floor":25.0},{"not_picked":["Second Wind+1"],"picked":"SKIP","floor":27.0},{"not_picked":["Havoc"],"picked":"SKIP","floor":28.0},{"not_picked":["Clash"],"picked":"SKIP","floor":31.0},{"not_picked":[],"picked":"Demon Form","floor":33.0},{"not_picked":["Wild Strike"],"picked":"SKIP","floor":35.0},{"not_picked":["Reckless Charge+1"],"picked":"SKIP","floor":36.0},{"not_picked":["Armaments"],"picked":"SKIP","floor":38.0},{"not_picked":[],"picked":"Heavy Blade","floor":39.0},{"not_picked":["Seeing Red"],"picked":"SKIP","floor":42.0},{"not_picked":["Thunderclap"],"picked":"SKIP","floor":48.0},{"not_picked":["Uppercut"],"picked":"SKIP","floor":54.0}],"player_experience":1061513,"relics_obtained":[{"floor":6.0,"key":"Boot"},{"floor":8.0,"key":"Odd Mushroom"},{"floor":9.0,"key":"Anchor"},{"floor":13.0,"key":"Letter Opener"},{"floor":24.0,"key":"Kunai"},{"floor":37.0,"key":"PreservedInsect"},{"floor":43.0,"key":"Mummified Hand"},{"floor":45.0,"key":"Unceasing Top"},{"floor":54.0,"key":"Shuriken"}],"event_choices":[{"damage_healed":0.0,"max_hp_gain":0.0,"max_hp_loss":0.0,"gold_gain":175.0,"event_name":"Liars Game","player_choice":"AGREE","floor":3.0,"gold_loss":0.0,"damage_taken":0.0,"cards_obtained":["Doubt"]},{"damage_healed":0.0,"max_hp_gain":0.0,"max_hp_loss":0.0,"gold_gain":0.0,"event_name":"Living Wall","player_choice":"Grow","floor":4.0,"gold_loss":0.0,"damage_taken":0.0,"cards_upgraded":["Shockwave"]},{"damage_healed":0.0,"max_hp_gain":0.0,"max_hp_loss":0.0,"gold_gain":0.0,"event_name":"Mushrooms","player_choice":"Fought Mushrooms","floor":8.0,"gold_loss":0.0,"damage_taken":0.0},{"damage_healed":0.0,"max_hp_gain":0.0,"max_hp_loss":0.0,"gold_gain":0.0,"event_name":"WeMeetAgain","player_choice":"Gave Potion","floor":10.0,"gold_loss":0.0,"damage_taken":0.0,"relics_obtained":["Ice Cream"]},{"damage_healed":0.0,"max_hp_gain":0.0,"max_hp_loss":0.0,"gold_gain":0.0,"event_name":"Duplicator","player_choice":"Copied","floor":30.0,"gold_loss":0.0,"damage_taken":0.0,"cards_obtained":["Limit Break"]},{"damage_healed":0.0,"max_hp_gain":0.0,"max_hp_loss":0.0,"gold_gain":0.0,"event_name":"Tomb of Lord Red Mask","player_choice":"Paid","floor":44.0,"gold_loss":34.0,"damage_taken":0.0,"relics_obtained":["Red Mask"]},{"damage_healed":0.0,"max_hp_gain":0.0,"max_hp_loss":0.0,"gold_gain":0.0,"event_name":"Mysterious Sphere","player_choice":"Fight","floor":45.0,"gold_loss":0.0,"damage_taken":0.0}],"is_beta":false,"boss_relics":[{"not_picked":["Sozu","Fusion Hammer"],"picked":"Busted Crown"},{"not_picked":["Lizard Tail","Astrolabe"],"picked":"Cursed Key"}],"items_purged_floors":[20],"is_endless":false,"potions_floor_spawned":[1,8,13,18,19,24,25,28,38,39,42,45,54],"killed_by":"The Heart","ascension_level":0}