{"gold_per_floor":[111,61,61,236,254,254,254,285,285,285,316,341,180,194,194,313,313,327,351,106,205,205,205,246,246,272,288,288],"floor_reached":28,"playtime":2454,"items_purged":["Doubt"],"score":429,"play_id":"fca3a8f6-8c09-469d-99b7-022bacee73fd","local_time":"20181025211418","is_ascension_mode":true,"campfire_choices":[{"data":"Flying Knee","floor":6,"key":"SMITH"},{"data":"Dagger Spray","floor":10,"key":"SMITH"},{"floor":15,"key":"REST"},{"floor":23,"key":"REST"},{"floor":25,"key":"REST"}],"neow_cost":"NONE","seed_source_timestamp":706713285584256,"circlet_count":0,"master_deck":["Defend_G","Defend_G+1","Defend_G","Defend_G+1","Defend_G","Strike_G","Strike_G","Strike_G","Strike_G","Survivor","Neutralize","AscendersBane","Flying Knee","Injury","Flying Knee+1","Dagger Spray+1","Dagger Throw","Backflip","Flash of Steel+1","Slice","Corpse Explosion","Backflip","Blur","Cloak And Dagger"],"relics":["Ring of the Snake","NeowsBlessing","Golden Idol","Paper Crane","Oddly Smooth Stone","Mango","WristBlade","Membership Card","Omamori","Happy Flower"],"potions_floor_usage":[11,14,24,24],"damage_taken":[{"damage":0,"enemies":"2 Louse","floor":1,"turns":1},{"damage":0,"enemies":"Jaw Worm","floor":5,"turns":1},{"damage":0,"enemies":"3 Sentries","floor":8,"turns":1},{"damage":38,"enemies":"Gremlin Nob","floor":11,"turns":5},{"damage":0,"enemies":"Small Slimes","floor":12,"turns":2},{"damage":0,"enemies":"Gremlin Gang","floor":14,"turns":4},{"damage":30,"enemies":"Slime Boss","floor":16,"turns":16},{"damage":31,"enemies":"Chosen","floor":18,"turns":5},{"damage":6,"enemies":"3 Byrds","floor":19,"turns":2},{"damage":48,"enemies":"Book of Stabbing","floor":24,"turns":7},{"damage":24,"enemies":"Snecko","floor":27,"turns":6},{"damage":0,"enemies":"Shelled Parasite and Fungi","floor":28,"turns":2}],"seed_played":"-8664640386595102891","potions_obtained":[{"floor":5,"key":"AttackPotion"},{"floor":12,"key":"SpeedPotion"},{"floor":19,"key":"LiquidBronze"},{"floor":27,"key":"EntropicBrew"}],"is_trial":false,"path_per_floor":["M","?","?","?","M","R","?","E","T","R","E","M","$","M","R","B",null,"M","M","$","?","?","R","E","R","T","M"],"character_chosen":"THE_SILENT","items_purchased":["Flash of Steel","Membership Card","Fruit Juice"],"campfire_rested":3,"item_purchase_floors":[13,20,20],"current_hp_per_floor":[63,63,63,63,63,63,49,49,49,49,25,25,25,25,50,20,68,37,31,31,31,31,56,13,39,39,15,15],"gold":288,"neow_bonus":"THREE_ENEMY_KILL","is_prod":false,"is_daily":false,"chose_seed":false,"campfire_upgraded":2,"win_rate":0,"timestamp":1540520058,"path_taken":["M","?","?","?","?","R","?","E","T","R","E","M","$","M","R","BOSS","M","M","$","?","?","R","E","R","T","M","M"],"build_version":"2018-10-25","purchased_purges":1,"victory":false,"max_hp_per_floor":[70,70,70,70,70,70,70,70,70,70,84,84,84,84,84,84,84,84,84,84,84,84,84,89,89,89,89,89],"card_choices":[{"not_picked":["Acrobatics","Setup"],"picked":"Flying Knee","floor":1},{"not_picked":["Deflect","PiercingWail"],"picked":"Flying Knee","floor":5},{"not_picked":["Choke","Prepared"],"picked":"Dagger Spray","floor":8},{"not_picked":["Finisher","Accuracy"],"picked":"Dagger Throw","floor":11},{"not_picked":["Bane","Blade Dance"],"picked":"Backflip","floor":12},{"not_picked":["Dagger Throw","Blade Dance"],"picked":"Slice","floor":14},{"not_picked":["After Image","Venomology"],"picked":"Corpse Explosion","floor":16},{"not_picked":["Bane","PiercingWail","Outmaneuver"],"picked":"SKIP","floor":18},{"not_picked":["Masterful Stab","Calculated Gamble"],"picked":"Backflip","floor":19},{"not_picked":["Well Laid Plans","Expertise"],"picked":"Blur","floor":24},{"not_picked":["Deflect","Prepared+1"],"picked":"Cloak And Dagger","floor":27}],"player_experience":864889,"relics_obtained":[{"floor":8,"key":"Paper Crane"},{"floor":9,"key":"Oddly Smooth Stone"},{"floor":11,"key":"Mango"},{"floor":24,"key":"Omamori"},{"floor":26,"key":"Happy Flower"}],"event_choices":[{"cards_removed":["Strike_G"],"damage_healed":0,"gold_gain":0,"player_choice":"Card Removal","damage_taken":0,"max_hp_gain":0,"max_hp_loss":0,"event_name":"The Cleric","floor":2,"gold_loss":50},{"damage_healed":0,"gold_gain":0,"player_choice":"Take Wound","damage_taken":0,"relics_obtained":["Golden Idol"],"max_hp_gain":0,"max_hp_loss":0,"event_name":"Golden Idol","floor":3,"gold_loss":0,"cards_obtained":["Injury"]},{"damage_healed":0,"gold_gain":175,"player_choice":"AGREE","damage_taken":0,"max_hp_gain":0,"max_hp_loss":0,"event_name":"Liars Game","floor":4,"gold_loss":0,"cards_obtained":["Doubt"]},{"damage_healed":0,"gold_gain":0,"player_choice":"Entered Light","damage_taken":14,"max_hp_gain":0,"max_hp_loss":0,"event_name":"Shining Light","floor":7,"gold_loss":0,"cards_upgraded":["Defend_G","Defend_G"]},{"damage_healed":0,"gold_gain":99,"player_choice":"Stole From Cult","damage_taken":0,"max_hp_gain":0,"max_hp_loss":0,"event_name":"Nest","floor":21,"gold_loss":0},{"damage_healed":0,"gold_gain":0,"player_choice":"Upgraded","damage_taken":0,"max_hp_gain":0,"max_hp_loss":0,"event_name":"Upgrade Shrine","floor":22,"gold_loss":0,"cards_upgraded":["Flash of Steel"]}],"is_beta":false,"boss_relics":[{"not_picked":["Runic Dome","Black Star"],"picked":"WristBlade"}],"items_purged_floors":[13],"is_endless":false,"potions_floor_spawned":[5,12,19,27],"killed_by":"Shelled Parasite and Fungi","ascension_level":10}