{"gold_per_floor":[15,25,100,275,225,241,254,272,272,282,156,168,168,188,188,188],"floor_reached":16,"playtime":1005,"items_purged":["Defend_R"],"score":96,"play_id":"b36b9e9c-c2fc-4002-b4b3-f443c86206fa","local_time":"20180628095345","is_ascension_mode":false,"campfire_choices":[{"data":"Body Slam","floor":15,"key":"SMITH"}],"neow_cost":"NO_GOLD","seed_source_timestamp":150848570498469,"circlet_count":0,"master_deck":["Strike_R","Strike_R","Strike_R","Defend_R","Defend_R","Bash","Dropkick","Fiend Fire","Twin Strike","Twin Strike","Carnage","Flex","Iron Wave","Body Slam+1","Iron Wave","Entrench","Seeing Red"],"relics":["Burning Blood","Toolbox"],"potions_floor_usage":[14,16,16],"damage_taken":[{"damage":7,"enemies":"2 Louse","floor":1,"turns":2},{"damage":0,"enemies":"Small Slimes","floor":2,"turns":3},{"damage":11,"enemies":"Jaw Worm","floor":6,"turns":2},{"damage":11,"enemies":"Exordium Wildlife","floor":7,"turns":3},{"damage":11,"enemies":"Lots of Slimes","floor":8,"turns":4},{"damage":0,"enemies":"2 Fungi Beasts","floor":10,"turns":2},{"damage":6,"enemies":"Exordium Wildlife","floor":12,"turns":4},{"damage":3,"enemies":"Lots of Slimes","floor":14,"turns":4},{"damage":58,"enemies":"Hexaghost","floor":16,"turns":9}],"seed_played":"-7297375250044823854","potions_obtained":[{"floor":6,"key":"Poison Potion"},{"floor":8,"key":"EssenceOfSteel"},{"floor":10,"key":"LiquidBronze"}],"is_trial":false,"path_per_floor":["M","M","?","?","?","M","M","M","T","M","$","M","?","M","R"],"character_chosen":"IRONCLAD","items_purchased":["Iron Wave"],"campfire_rested":0,"item_purchase_floors":[11],"current_hp_per_floor":[79,80,69,69,69,64,59,54,54,60,60,60,53,56,56,0],"gold":188,"neow_bonus":"TRANSFORM_TWO_CARDS","is_prod":false,"is_daily":false,"chose_seed":false,"campfire_upgraded":1,"win_rate":0.0,"timestamp":1530197625,"path_taken":["M","M","?","?","?","?","M","M","T","?","$","M","?","M","R","BOSS"],"build_version":"2018-06-21v2","purchased_purges":1,"victory":false,"max_hp_per_floor":[80,80,80,80,80,80,80,80,80,80,80,80,80,80,80,80],"card_choices":[{"not_picked":["Reckless Charge","Iron Wave"],"picked":"Twin Strike","floor":1},{"not_picked":["Warcry","Iron Wave"],"picked":"Twin Strike","floor":2},{"not_picked":["Iron Wave","Burning Pact"],"picked":"Carnage","floor":6},{"not_picked":["Perfected Strike","Second Wind"],"picked":"Flex","floor":7},{"not_picked":["Evolve","Pommel Strike"],"picked":"Iron Wave","floor":8},{"not_picked":["Twin Strike","Second Wind"],"picked":"Body Slam","floor":10},{"not_picked":["Armaments","Clothesline"],"picked":"Entrench","floor":12},{"not_picked":["Demon Form","Thunderclap"],"picked":"Seeing Red","floor":14}],"player_experience":59465,"relics_obtained":[{"floor":9,"key":"Toolbox"}],"event_choices":[{"event_name":"World of Goop","player_choice":"Gather Gold","floor":3,"damage_taken":0},{"event_name":"Liars Game","player_choice":"agreed","floor":4,"damage_taken":0},{"event_name":"The Cleric","player_choice":"Card Removal","floor":5,"damage_taken":0},{"event_name":"Golden Wing","player_choice":"Card Removal","floor":13,"damage_taken":0}],"boss_relics":[],"items_purged_floors":[11],"is_endless":false,"potions_floor_spawned":[6,8,10,12],"killed_by":"Hexaghost","ascension_level":0}