{"gold_per_floor":[13,28,28,41,57,57,232,296,296,42,59,70,85,111,111,211,211,225,239,239,258,57,57],"floor_reached":23,"playtime":2202,"items_purged":["Doubt","Defend_G"],"score":224,"play_id":"0edb371e-d790-4366-aefa-b12062294f0e","local_time":"20180816125903","is_ascension_mode":true,"campfire_choices":[{"data":"Cloak And Dagger","floor":6,"key":"SMITH"},{"floor":15,"key":"REST"}],"neow_cost":"NO_GOLD","seed_source_timestamp":0,"circlet_count":0,"master_deck":["Defend_G","Defend_G+1","Strike_G","Survivor","Neutralize","Cloak And Dagger+1","Deadly Poison","Leg Sweep","Deadly Poison+1","Slice","Master of Strategy","Bane","Bouncing Flask","Acrobatics","Tools of the Trade","Envenom","Tactician+1","Finisher+1","Accuracy+1","Outmaneuver+1","Tactician+1","RitualDagger","Deflect+1"],"special_seed":0,"relics":["Ring of the Snake","War Paint","Smiling Mask","Calipers","Astrolabe","Strawberry"],"potions_floor_usage":[12,14,16,21],"damage_taken":[{"damage":0.0,"enemies":"Jaw Worm","floor":1.0,"turns":5.0},{"damage":2.0,"enemies":"Small Slimes","floor":2.0,"turns":4.0},{"damage":0.0,"enemies":"Cultist","floor":4.0,"turns":4.0},{"damage":1,"enemies":"2 Fungi Beasts","floor":5,"turns":6},{"damage":6,"enemies":"Gremlin Nob","floor":8,"turns":4},{"damage":0,"enemies":"Looter","floor":11,"turns":3},{"damage":0,"enemies":"3 Louse","floor":12,"turns":4},{"damage":10,"enemies":"Large Slime","floor":13,"turns":4},{"damage":9,"enemies":"Lagavulin","floor":14,"turns":5},{"damage":18,"enemies":"Hexaghost","floor":16,"turns":8},{"damage":7,"enemies":"3 Byrds","floor":18,"turns":6},{"damage":18,"enemies":"2 Thieves","floor":19,"turns":4},{"damage":13,"enemies":"Snake Plant","floor":21,"turns":4},{"damage":15,"enemies":"Slavers","floor":23,"turns":2}],"seed_played":"3154537831995902043","potions_obtained":[{"floor":4.0,"key":"Fire Potion"},{"floor":8,"key":"Regen Potion"},{"floor":11,"key":"AttackPotion"},{"floor":12,"key":"LiquidBronze"},{"floor":18,"key":"FearPotion"},{"floor":19,"key":"Block Potion"}],"is_trial":false,"path_per_floor":["M","M","?","M","M","R","?","?","T","$","M","M","M","E","R","B",null,"M","M","?","M","$"],"character_chosen":"THE_SILENT","items_purchased":["Master of Strategy","Strawberry"],"campfire_rested":1,"item_purchase_floors":[10,22],"current_hp_per_floor":[70,68,61,61,60,60,60,54,54,54,54,54,44,47,68,50,70,63,45,39,26,33,18],"gold":57,"neow_bonus":"REMOVE_TWO","is_prod":false,"is_daily":false,"chose_seed":false,"campfire_upgraded":1,"win_rate":0,"timestamp":1534442343,"path_taken":["M","M","?","M","M","R","?","?","T","$","M","M","M","E","R","BOSS","M","M","?","M","$","E"],"build_version":"2018-08-09","purchased_purges":2,"victory":false,"max_hp_per_floor":[70,70,70,70,70,70,70,70,70,70,70,70,70,70,70,70,70,70,70,70,70,77,77],"card_choices":[{"not_picked":["Poisoned Stab","Dagger Throw"],"picked":"Cloak And Dagger","floor":1.0},{"not_picked":["Underhanded Strike","All Out Attack"],"picked":"Deadly Poison","floor":2.0},{"not_picked":["Masterful Stab","Reflex"],"picked":"Leg Sweep","floor":4.0},{"not_picked":["Flechettes","Bane"],"picked":"Deadly Poison","floor":5},{"not_picked":["Crippling Poison","Distraction"],"picked":"Slice","floor":8},{"not_picked":["Prepared","Finisher"],"picked":"Bane","floor":11},{"not_picked":["Caltrops","PiercingWail"],"picked":"Bouncing Flask","floor":12},{"not_picked":["Prepared","Flying Knee"],"picked":"Acrobatics","floor":13},{"not_picked":["Slice","Well Laid Plans"],"picked":"Tools of the Trade","floor":14},{"not_picked":["Grand Finale","Tools of the Trade"],"picked":"Envenom","floor":16},{"not_picked":["Setup+1","Prepared"],"picked":"Outmaneuver+1","floor":18},{"not_picked":["Sucker Punch","Slice+1"],"picked":"Tactician+1","floor":19},{"not_picked":["Distraction","Setup"],"picked":"Deflect+1","floor":21}],"player_experience":506206,"relics_obtained":[{"floor":8,"key":"War Paint"},{"floor":9,"key":"Smiling Mask"},{"floor":14,"key":"Calipers"}],"event_choices":[{"event_name":"Golden Wing","player_choice":"Card Removal","floor":3.0,"damage_taken":0.0},{"event_name":"Liars Game","player_choice":"agreed","floor":7,"damage_taken":0},{"event_name":"Dead Adventurer","player_choice":"Searched \u00271\u0027 times","floor":8,"damage_taken":0},{"event_name":"Nest","player_choice":"Joined the Cult","floor":20,"damage_taken":0}],"is_beta":false,"boss_relics":[{"not_picked":["Pandora\u0027s Box","Ectoplasm"],"picked":"Astrolabe"}],"items_purged_floors":[10,22],"is_endless":false,"potions_floor_spawned":[4,8,11,12,13,18,19],"killed_by":"Slavers","ascension_level":3}