{"gold_per_floor":[109,128,128,91,108,108,120,120,120,151,151,162,162,176,176,274,274,288,304,317,327,327,327,340,340,364,364,380,380,390,490,490,490],"floor_reached":33,"playtime":4623,"items_purged":[],"score":276,"play_id":"287f2417-36cf-4183-82b0-979d2ee2e3e6","local_time":"20190617140929","is_ascension_mode":false,"campfire_choices":[{"data":"Redo","floor":6.0,"key":"SMITH"},{"data":"Genetic Algorithm","floor":8.0,"key":"SMITH"},{"data":"Dualcast","floor":13.0,"key":"SMITH"},{"floor":15.0,"key":"REST"},{"data":"Zap","floor":23,"key":"SMITH"},{"data":"Auto Shields","floor":25,"key":"SMITH"},{"data":"Strike_B","floor":27,"key":"SMITH"},{"data":"Strike_B","floor":32,"key":"SMITH"}],"neow_cost":"NONE","seed_source_timestamp":0,"circlet_count":0,"master_deck":["Strike_B","Strike_B","Strike_B+1","Strike_B+1","Defend_B","Defend_B","Defend_B","Defend_B","Zap+1","Dualcast+1","Conserve Battery+1","Cold Snap+1","Redo+1","Genetic Algorithm+1","Auto Shields+1","Cold Snap+1","Hologram+1","Lockon+1","Capacitor+1","Redo+1","FTL+1","Ball Lightning+1","Barrage+1"],"special_seed":0,"relics":["FrozenCore","Mummified Hand","Molten Egg 2","Bag of Preparation","Pear","Calipers","Question Card"],"potions_floor_usage":[],"damage_taken":[{"damage":6.0,"enemies":"Cultist","floor":1.0,"turns":3.0},{"damage":0.0,"enemies":"2 Louse","floor":2.0,"turns":2.0},{"damage":0.0,"enemies":"Small Slimes","floor":5.0,"turns":2.0},{"damage":0.0,"enemies":"Exordium Wildlife","floor":7.0,"turns":4.0},{"damage":26.0,"enemies":"Gremlin Nob","floor":10.0,"turns":4.0},{"damage":1.0,"enemies":"Red Slaver","floor":12.0,"turns":4.0},{"damage":1.0,"enemies":"2 Fungi Beasts","floor":14.0,"turns":3.0},{"damage":12.0,"enemies":"The Guardian","floor":16.0,"turns":15.0},{"damage":11.0,"enemies":"Spheric Guardian","floor":18.0,"turns":8.0},{"damage":0.0,"enemies":"3 Byrds","floor":19.0,"turns":9.0},{"damage":1.0,"enemies":"Snecko","floor":20.0,"turns":8.0},{"damage":7,"enemies":"Snake Plant","floor":21,"turns":7},{"damage":6,"enemies":"Centurion and Healer","floor":24,"turns":16},{"damage":10,"enemies":"Sentry and Sphere","floor":28,"turns":9},{"damage":4,"enemies":"Snecko","floor":30,"turns":8},{"damage":4,"enemies":"Colosseum Slavers","floor":31,"turns":5},{"damage":7,"enemies":"Colosseum Nobs","floor":31,"turns":5},{"damage":42,"enemies":"Collector","floor":33,"turns":11}],"seed_played":"1932702101439808280","potions_obtained":[{"floor":1.0,"key":"Poison Potion"},{"floor":5.0,"key":"Strength Potion"},{"floor":12.0,"key":"SpeedPotion"}],"is_trial":false,"path_per_floor":["M","M","?","?","M","R","M","R","T","E","?","M","R","M","R","B",null,"M","M","M","M","?","R","M","R","T","R","M","T","M","?","R","B"],"character_chosen":"DEFECT","items_purchased":[],"campfire_rested":1,"item_purchase_floors":[],"current_hp_per_floor":[76,76,60,60,60,60,60,60,60,34,34,33,33,32,56,44,82,71,71,70,63,63,63,57,57,57,57,47,57,53,42,42,0],"gold":490,"neow_bonus":"TEN_PERCENT_HP_BONUS","is_prod":false,"is_daily":false,"chose_seed":false,"campfire_upgraded":7,"win_rate":0.0,"timestamp":1560773369,"path_taken":["M","?","?","?","M","R","M","R","T","E","?","M","R","M","R","BOSS","M","M","M","M","?","R","M","R","T","R","M","?","?","?","R","BOSS"],"build_version":"2019-01-23","purchased_purges":0,"victory":false,"max_hp_per_floor":[82,82,82,82,82,82,82,82,82,82,82,82,82,82,82,82,82,82,82,82,82,82,82,82,82,82,82,82,92,92,92,92,92],"card_choices":[{"not_picked":["Defragment","Gash"],"picked":"Conserve Battery","floor":1.0},{"not_picked":["Double Energy","Ball Lightning"],"picked":"Cold Snap","floor":2.0},{"not_picked":["Cold Snap","Compile Driver"],"picked":"Redo","floor":5.0},{"not_picked":["Stack","Heatsinks"],"picked":"Genetic Algorithm","floor":7.0},{"not_picked":["Force Field","Biased Cognition"],"picked":"Auto Shields","floor":10.0},{"not_picked":["Stack","Beam Cell+1"],"picked":"Cold Snap+1","floor":12.0},{"not_picked":["Leap","Gash+1","White Noise"],"picked":"SKIP","floor":14.0},{"not_picked":["Steam","Leap"],"picked":"Hologram+1","floor":18.0},{"not_picked":["Ball Lightning+1","Stack"],"picked":"Lockon+1","floor":19.0},{"not_picked":["Hologram+1","Go for the Eyes+1"],"picked":"Capacitor+1","floor":20},{"not_picked":["Double Energy","Hologram+1"],"picked":"Redo+1","floor":21},{"not_picked":["Capacitor","Tempest"],"picked":"FTL+1","floor":24},{"not_picked":["Cold Snap+1","Steam Power+1","Storm"],"picked":"SKIP","floor":28},{"not_picked":["Redo+1","Gash+1"],"picked":"Ball Lightning+1","floor":30},{"not_picked":["Melter+1","Rainbow"],"picked":"Barrage+1","floor":31}],"player_experience":64266,"relics_obtained":[{"floor":9.0,"key":"Mummified Hand"},{"floor":10.0,"key":"Molten Egg 2"},{"floor":26,"key":"Bag of Preparation"},{"floor":29,"key":"Pear"},{"floor":31,"key":"Calipers"},{"floor":31,"key":"Question Card"}],"event_choices":[{"damage_healed":0.0,"max_hp_gain":0.0,"max_hp_loss":0.0,"gold_gain":0.0,"event_name":"Shining Light","player_choice":"Entered Light","floor":3.0,"gold_loss":0.0,"damage_taken":16.0,"cards_upgraded":["Conserve Battery","Cold Snap"]},{"damage_healed":0.0,"max_hp_gain":0.0,"max_hp_loss":0.0,"gold_gain":0.0,"event_name":"World of Goop","player_choice":"Left Gold","floor":4.0,"gold_loss":37.0,"damage_taken":0.0},{"damage_healed":0.0,"max_hp_gain":0.0,"max_hp_loss":0.0,"gold_gain":0.0,"event_name":"Liars Game","player_choice":"Ignored","floor":11.0,"gold_loss":0.0,"damage_taken":0.0},{"damage_healed":0,"gold_gain":0,"player_choice":"Ignored","damage_taken":0,"max_hp_gain":0,"max_hp_loss":0,"event_name":"Vampires","floor":22,"gold_loss":0},{"damage_healed":0,"gold_gain":0,"player_choice":"Fight","damage_taken":0,"max_hp_gain":0,"max_hp_loss":0,"event_name":"Colosseum","floor":31,"gold_loss":0},{"damage_healed":0,"gold_gain":0,"player_choice":"Fought Nobs","damage_taken":0,"max_hp_gain":0,"max_hp_loss":0,"event_name":"Colosseum","floor":31,"gold_loss":0}],"is_beta":false,"boss_relics":[{"not_picked":["Fusion Hammer","Astrolabe"],"picked":"FrozenCore"}],"items_purged_floors":[],"is_endless":false,"potions_floor_spawned":[1,5,12,14,16,21,24,30,31],"killed_by":"Collector","ascension_level":0}