{"gold_per_floor":[109,109,59,33,33,33,49,49,49,64,83,102,122,69,69,168,168,179,81,81,81,96,125,25,39,39,39,55,66,66,84,84,184,184,196,71,71,85,85,85,99,99,150,150,0,100,114,132,132,132],"floor_reached":51,"playtime":2665,"items_purged":["Defend_B","Defend_B","Dualcast","Decay"],"score":734,"play_id":"b21c2193-570e-4ee8-b7be-7b3ecbb91195","local_time":"20190606140126","daily_mods":["Heirloom"],"is_ascension_mode":false,"campfire_choices":[{"data":"Gash","floor":6,"key":"SMITH"},{"data":"Gash","floor":15,"key":"SMITH"},{"floor":32,"key":"REST"},{"data":"Reboot","floor":40,"key":"SMITH"},{"data":"Gash","floor":44,"key":"SMITH"},{"floor":49,"key":"REST"}],"neow_cost":"","seed_source_timestamp":0,"circlet_count":0,"master_deck":["Defend_B+1","Gash+1","Gash+1","Cold Snap","Hologram","Coolheaded","Reboot+1","Hologram+1","Streamline+1","Genetic Algorithm+1","Hologram","Gash+1","Streamline+1","Coolheaded","Tempest"],"relics":["Cracked Core","Unceasing Top","Shuriken","Astrolabe","Centennial Puzzle","Vajra","Singing Bowl","Darkstone Periapt","Empty Cage","Anchor","Incense Burner"],"potions_floor_usage":[12,33,33,33,33,50],"damage_taken":[{"damage":6,"enemies":"2 Louse","floor":1,"turns":2},{"damage":1,"enemies":"Cultist","floor":7,"turns":3},{"damage":3,"enemies":"Jaw Worm","floor":10,"turns":3},{"damage":2,"enemies":"Large Slime","floor":11,"turns":5},{"damage":3,"enemies":"Gremlin Gang","floor":12,"turns":5},{"damage":2,"enemies":"2 Fungi Beasts","floor":13,"turns":2},{"damage":19,"enemies":"Hexaghost","floor":16,"turns":9},{"damage":14,"enemies":"Spheric Guardian","floor":18,"turns":4},{"damage":12,"enemies":"2 Thieves","floor":22,"turns":3},{"damage":2,"enemies":"Gremlin Leader","floor":23,"turns":6},{"damage":14,"enemies":"Snake Plant","floor":25,"turns":3},{"damage":12,"enemies":"Shelled Parasite and Fungi","floor":28,"turns":4},{"damage":8,"enemies":"3 Cultists","floor":29,"turns":5},{"damage":16,"enemies":"Snake Plant","floor":31,"turns":3},{"damage":17,"enemies":"Champ","floor":33,"turns":7},{"damage":8,"enemies":"Orb Walker","floor":35,"turns":3},{"damage":9,"enemies":"3 Shapes","floor":38,"turns":3},{"damage":10,"enemies":"3 Darklings","floor":41,"turns":4},{"damage":0,"enemies":"Mind Bloom Boss Battle","floor":46,"turns":4},{"damage":12,"enemies":"Maw","floor":47,"turns":5},{"damage":11,"enemies":"Writhing Mass","floor":48,"turns":4},{"damage":87,"enemies":"Time Eater","floor":50,"turns":9}],"seed_played":"-1089735379310401897","potions_obtained":[{"floor":1,"key":"SpeedPotion"},{"floor":12,"key":"SpeedPotion"},{"floor":13,"key":"Dexterity Potion"},{"floor":16,"key":"EntropicBrew"},{"floor":33,"key":"Block Potion"}],"is_trial":true,"path_per_floor":["M","?","?","$","?","R","M","$","T","M","M","M","M","$","R","B",null,"M","$","?","?","M","E","$","M","T","?","M","M","?","M","R","B",null,"M","$","?","M","?","R","M","$","T","R","$","?","M","M","R","B",null],"character_chosen":"DEFECT","items_purchased":["Gash","Coolheaded","Gash"],"campfire_rested":2,"item_purchase_floors":[4,14,19],"current_hp_per_floor":[69,54,54,54,54,54,53,53,53,50,48,45,43,43,43,24,75,61,61,61,61,49,47,47,33,33,39,29,23,23,9,35,20,89,83,83,83,76,82,82,74,74,74,74,74,76,66,57,89,2],"gold":132,"neow_bonus":"","is_prod":false,"is_daily":false,"chose_seed":true,"campfire_upgraded":4,"win_rate":0,"timestamp":1559847686,"path_taken":["M","?","?","$","?","R","?","?","T","M","M","?","M","$","R","BOSS","M","$","?","?","M","E","$","?","T","?","M","M","?","?","R","BOSS","M","$","?","?","?","R","M","?","T","R","$","?","M","M","R","BOSS"],"build_version":"2019-01-23","purchased_purges":4,"victory":true,"max_hp_per_floor":[75,75,75,75,75,75,75,75,75,75,75,75,75,75,75,75,75,75,75,75,75,75,75,75,75,75,81,83,85,85,87,87,89,89,91,91,91,93,99,99,101,101,101,101,101,103,105,107,107,107],"card_choices":[{"not_picked":["Steam Power","Sweeping Beam","Cold Snap"],"picked":"SKIP","floor":1},{"not_picked":["Reinforced Body","Glacier"],"picked":"Gash","floor":7},{"not_picked":["Sweeping Beam","Buffer","BootSequence"],"picked":"SKIP","floor":10},{"not_picked":["Rebound","Beam Cell","Fusion"],"picked":"SKIP","floor":11},{"not_picked":["Aggregate","Steam"],"picked":"Cold Snap","floor":12},{"not_picked":["White Noise","Force Field"],"picked":"Hologram","floor":13},{"not_picked":["Seek","Buffer"],"picked":"Reboot","floor":16},{"not_picked":["Melter+1","Undo+1"],"picked":"Hologram","floor":18},{"not_picked":["Lockon","Ball Lightning+1"],"picked":"Streamline+1","floor":22},{"not_picked":["Darkness","Hologram"],"picked":"Coolheaded","floor":23},{"not_picked":["Defragment","Stack","Sweeping Beam+1"],"picked":"SKIP","floor":25},{"not_picked":["Gash","Turbo","Stack"],"picked":"Singing Bowl","floor":28},{"not_picked":["Consume","Self Repair","BootSequence"],"picked":"Singing Bowl","floor":29},{"not_picked":["Redo","Genetic Algorithm+1","Sweeping Beam+1"],"picked":"Singing Bowl","floor":31},{"not_picked":["Electrodynamics","Biased Cognition","Fission"],"picked":"Singing Bowl","floor":33},{"not_picked":["Hologram+1","Sweeping Beam+1","Force Field"],"picked":"Singing Bowl","floor":35},{"not_picked":["Genetic Algorithm","Chaos+1","Beam Cell"],"picked":"Singing Bowl","floor":38},{"not_picked":["Go for the Eyes+1","Consume+1","Recycle+1"],"picked":"Singing Bowl","floor":41},{"not_picked":["Hello World","Conserve Battery+1","Steam+1"],"picked":"Singing Bowl","floor":46},{"not_picked":["Beam Cell","Turbo+1","Double Energy"],"picked":"Singing Bowl","floor":47},{"not_picked":["Turbo+1","Compile Driver+1","Hologram+1"],"picked":"Singing Bowl","floor":48}],"player_experience":1414612,"relics_obtained":[{"floor":9,"key":"Shuriken"},{"floor":23,"key":"Vajra"},{"floor":26,"key":"Singing Bowl"},{"floor":43,"key":"Anchor"},{"floor":46,"key":"Incense Burner"}],"event_choices":[{"damage_healed":0,"gold_gain":0,"player_choice":"Entered Light","damage_taken":15,"max_hp_gain":0,"max_hp_loss":0,"event_name":"Shining Light","floor":2,"gold_loss":0,"cards_upgraded":["Defend_B","Strike_B"]},{"cards_removed":["Strike_B"],"damage_healed":0,"gold_gain":0,"player_choice":"Card Removal","damage_taken":0,"max_hp_gain":0,"max_hp_loss":0,"event_name":"The Cleric","floor":3,"gold_loss":50},{"damage_healed":0,"gold_gain":0,"player_choice":"0 cards matched","damage_taken":0,"max_hp_gain":0,"max_hp_loss":0,"event_name":"Match and Keep!","floor":5,"gold_loss":0,"cards_obtained":[]},{"damage_healed":0,"gold_gain":0,"player_choice":"Stole Relic","damage_taken":0,"relics_obtained":["Centennial Puzzle"],"max_hp_gain":0,"max_hp_loss":0,"event_name":"Addict","floor":20,"gold_loss":0,"cards_obtained":["Shame"]},{"cards_removed":["Shame"],"damage_healed":0,"gold_gain":0,"player_choice":"Removed Curses","damage_taken":0,"max_hp_gain":0,"max_hp_loss":0,"event_name":"Fountain of Cleansing","floor":21,"gold_loss":0},{"damage_healed":0,"gold_gain":0,"player_choice":"Opened","damage_taken":0,"relics_obtained":["Darkstone Periapt"],"max_hp_gain":0,"max_hp_loss":0,"event_name":"The Mausoleum","floor":27,"gold_loss":0,"cards_obtained":["Writhe"]},{"cards_removed":["Strike_B"],"damage_healed":0,"gold_gain":0,"player_choice":"Offered Basic","damage_taken":0,"max_hp_gain":0,"max_hp_loss":0,"event_name":"Bonfire Elementals","floor":30,"gold_loss":0},{"damage_healed":0,"gold_gain":0,"player_choice":"1 cards matched","damage_taken":0,"max_hp_gain":0,"max_hp_loss":0,"event_name":"Match and Keep!","floor":37,"gold_loss":0,"cards_obtained":["Tempest"]},{"damage_healed":0,"gold_gain":0,"player_choice":"Cursed","damage_taken":0,"max_hp_gain":0,"max_hp_loss":0,"event_name":"Wheel of Change","floor":39,"gold_loss":0,"cards_obtained":["Decay"]},{"damage_healed":0,"gold_gain":0,"player_choice":"Fight","damage_taken":0,"max_hp_gain":0,"max_hp_loss":0,"event_name":"MindBloom","floor":46,"gold_loss":0}],"is_beta":false,"boss_relics":[{"not_picked":["Tiny House","Pandora\u0027s Box"],"picked":"Astrolabe"},{"not_picked":["Coffee Dripper","Sozu"],"picked":"Empty Cage"}],"items_purged_floors":[19,24,36,45],"is_endless":false,"potions_floor_spawned":[1,12,13,16,22,28,33,46,48],"ascension_level":0}