{"gold_per_floor":[114,133,146,98,118,148,148,148,148,191,204,223,280,193,193,318,318,343,362,362,380,305,346,346],"floor_reached":24,"playtime":1350,"items_purged":[],"score":228,"play_id":"6f36a192-a5da-4d2b-9180-2cc658071673","local_time":"20190317111144","is_ascension_mode":false,"campfire_choices":[{"data":"Streamline","floor":7,"key":"SMITH"},{"data":"Doom and Gloom","floor":15,"key":"SMITH"}],"neow_cost":"NONE","seed_source_timestamp":320970043870837,"circlet_count":0,"master_deck":["Strike_B","Strike_B","Strike_B","Defend_B","Defend_B","Defend_B","Defend_B","Zap","Dualcast","Streamline+1","Ball Lightning","FTL","Cold Snap","Stack","Leap","Conserve Battery","Capacitor","Doom and Gloom+1","Barrage","Multi-Cast","Barrage","Cold Snap","Sunder","Hologram+1"],"relics":["Cracked Core","Pocketwatch","Golden Idol","Incense Burner","Gambling Chip","Inserter","Nilry\u0027s Codex","FossilizedHelix"],"potions_floor_usage":[23],"damage_taken":[{"damage":6,"enemies":"Jaw Worm","floor":1,"turns":3},{"damage":0,"enemies":"2 Louse","floor":2,"turns":2},{"damage":5,"enemies":"Small Slimes","floor":3,"turns":3},{"damage":5,"enemies":"Looter","floor":5,"turns":3},{"damage":22,"enemies":"Lagavulin","floor":6,"turns":6},{"damage":8,"enemies":"3 Sentries","floor":10,"turns":6},{"damage":0,"enemies":"2 Fungi Beasts","floor":11,"turns":2},{"damage":2,"enemies":"Lots of Slimes","floor":12,"turns":3},{"damage":9,"enemies":"Hexaghost","floor":16,"turns":6},{"damage":0,"enemies":"Chosen","floor":18,"turns":3},{"damage":4,"enemies":"3 Byrds","floor":19,"turns":4},{"damage":8,"enemies":"Snecko","floor":21,"turns":4},{"damage":32,"enemies":"Slavers","floor":23,"turns":4},{"damage":16,"enemies":"Shelled Parasite and Fungi","floor":24,"turns":3}],"seed_played":"8478412882383587504","potions_obtained":[{"floor":1,"key":"SpeedPotion"},{"floor":5,"key":"Explosive Potion"},{"floor":10,"key":"EssenceOfSteel"},{"floor":11,"key":"SkillPotion"},{"floor":19,"key":"SteroidPotion"},{"floor":23,"key":"LiquidBronze"}],"is_trial":false,"path_per_floor":["M","M","M","$","M","E","R","?","T","E","M","M","?","$","R","B",null,"M","M","?","M","?","E","M"],"character_chosen":"DEFECT","items_purchased":["Cold Snap","Doom and Gloom","Barrage"],"campfire_rested":0,"item_purchase_floors":[4,14,14],"current_hp_per_floor":[76,76,71,71,66,44,44,44,44,36,36,34,34,34,34,25,76,76,72,56,48,48,16,0],"gold":346,"neow_bonus":"TEN_PERCENT_HP_BONUS","is_prod":false,"is_daily":false,"chose_seed":false,"campfire_upgraded":2,"win_rate":0,"timestamp":1552839104,"path_taken":["M","M","M","$","M","E","R","?","T","E","M","M","?","$","R","BOSS","M","M","?","M","?","E","M"],"build_version":"2019-01-23","purchased_purges":0,"victory":false,"max_hp_per_floor":[82,82,82,82,82,82,82,76,76,76,76,76,76,76,76,76,76,76,76,76,76,76,76,76],"card_choices":[{"not_picked":["Double Energy","Glacier"],"picked":"Streamline","floor":1},{"not_picked":["Fusion","Darkness"],"picked":"Ball Lightning","floor":2},{"not_picked":["Rebound","Reprogram"],"picked":"FTL","floor":3},{"not_picked":["Coolheaded","Stack","Rebound"],"picked":"SKIP","floor":5},{"not_picked":["Coolheaded","Turbo"],"picked":"Stack","floor":6},{"not_picked":["Reprogram","Sweeping Beam"],"picked":"Leap","floor":10},{"not_picked":["Rebound","Sweeping Beam"],"picked":"Conserve Battery","floor":11},{"not_picked":["Recycle","Rebound"],"picked":"Capacitor","floor":12},{"not_picked":["Hyperbeam","Seek"],"picked":"Multi-Cast","floor":16},{"not_picked":["Rebound","Genetic Algorithm"],"picked":"Barrage","floor":18},{"not_picked":["Loop","Rebound"],"picked":"Cold Snap","floor":19},{"not_picked":["Conserve Battery","Compile Driver"],"picked":"Sunder","floor":21},{"not_picked":["BootSequence+1","Meteor Strike"],"picked":"Hologram+1","floor":23}],"player_experience":1202594,"relics_obtained":[{"floor":6,"key":"Pocketwatch"},{"floor":9,"key":"Incense Burner"},{"floor":10,"key":"Gambling Chip"},{"floor":20,"key":"Nilry\u0027s Codex"},{"floor":23,"key":"FossilizedHelix"}],"event_choices":[{"damage_healed":0,"gold_gain":0,"player_choice":"Lose Max HP","damage_taken":0,"relics_obtained":["Golden Idol"],"max_hp_gain":0,"max_hp_loss":6,"event_name":"Golden Idol","floor":8,"gold_loss":0},{"damage_healed":0,"gold_gain":57,"player_choice":"Gained Gold","damage_taken":0,"max_hp_gain":0,"max_hp_loss":0,"event_name":"Golden Wing","floor":13,"gold_loss":0},{"damage_healed":0,"gold_gain":0,"player_choice":"Obtained Book","damage_taken":16,"max_hp_gain":0,"max_hp_loss":0,"event_name":"Cursed Tome","floor":20,"gold_loss":0},{"cards_removed":["Strike_B"],"damage_healed":0,"gold_gain":0,"player_choice":"Gave Gold","damage_taken":0,"max_hp_gain":0,"max_hp_loss":0,"event_name":"Beggar","floor":22,"gold_loss":75}],"is_beta":false,"boss_relics":[{"not_picked":["Snecko Eye","Coffee Dripper"],"picked":"Inserter"}],"items_purged_floors":[],"is_endless":false,"potions_floor_spawned":[1,5,10,11,19,21,23],"killed_by":"Shelled Parasite and Fungi","ascension_level":0}