{"gold_per_floor":[114,134,60,60,60,96,96,116,143,143,163,88,128,146,146,270,270],"floor_reached":17,"playtime":1124,"items_purged":["Strike_R"],"score":165,"play_id":"2b411044-4229-40cd-84dd-235f789e8387","local_time":"20181126080359","is_ascension_mode":false,"campfire_choices":[{"floor":7,"key":"REST"},{"floor":10,"key":"RECALL"},{"floor":15,"key":"REST"}],"neow_cost":"NONE","seed_source_timestamp":516382635642503,"circlet_count":0,"master_deck":["Bash","Pommel Strike","Flex","Twin Strike","Flame Barrier","Perfected Strike","Wild Strike","Pommel Strike","Armaments"],"relics":["Burning Blood","Golden Idol","Red Skull","Vajra","StoneCalendar","Pandora\u0027s Box"],"potions_floor_usage":[8,16],"damage_taken":[{"damage":5,"enemies":"2 Louse","floor":1,"turns":2},{"damage":3,"enemies":"Jaw Worm","floor":2,"turns":4},{"damage":31,"enemies":"Lagavulin","floor":6,"turns":7},{"damage":0,"enemies":"Small Slimes","floor":8,"turns":4},{"damage":5,"enemies":"3 Louse","floor":11,"turns":3},{"damage":22,"enemies":"3 Sentries","floor":13,"turns":5},{"damage":8,"enemies":"Lots of Slimes","floor":14,"turns":4},{"damage":30,"enemies":"Hexaghost","floor":16,"turns":8}],"seed_played":"-3523820725019509200","potions_obtained":[{"floor":1,"key":"BloodPotion"},{"floor":6,"key":"Block Potion"},{"floor":8,"key":"Block Potion"},{"floor":16,"key":"LiquidBronze"}],"is_trial":false,"path_per_floor":["M","M","$","?","?","E","R","M","T","R","M","$","E","M","R","B",null],"character_chosen":"IRONCLAD","items_purchased":["Flame Barrier"],"campfire_rested":2,"item_purchase_floors":[3],"current_hp_per_floor":[80,80,80,60,53,28,52,58,58,58,59,59,43,41,65,41,41],"gold":270,"neow_bonus":"THREE_CARDS","is_prod":false,"is_daily":false,"chose_seed":false,"campfire_upgraded":0,"win_rate":0,"timestamp":1543241039,"path_taken":["M","M","$","?","?","E","R","M","T","R","?","$","E","M","R","BOSS"],"build_version":"2018-11-15","purchased_purges":1,"victory":false,"max_hp_per_floor":[80,80,80,80,80,80,80,80,80,80,80,80,80,80,80,80,80],"card_choices":[{"not_picked":["Disarm","Reckless Charge"],"picked":"Pommel Strike","floor":0},{"not_picked":["Dropkick","Warcry"],"picked":"Flex","floor":1},{"not_picked":["Dropkick","Shrug It Off"],"picked":"Twin Strike","floor":2},{"not_picked":["Barricade","Corruption","Seeing Red"],"picked":"SKIP","floor":6},{"not_picked":["Anger","Seeing Red"],"picked":"Perfected Strike","floor":8},{"not_picked":["Heavy Blade","Disarm"],"picked":"Wild Strike","floor":11},{"not_picked":["Clothesline","True Grit"],"picked":"Pommel Strike","floor":13},{"not_picked":["Body Slam","Shockwave"],"picked":"Armaments","floor":14}],"player_experience":1047147,"relics_obtained":[{"floor":6,"key":"Red Skull"},{"floor":9,"key":"Vajra"},{"floor":13,"key":"StoneCalendar"}],"event_choices":[{"damage_healed":0,"gold_gain":0,"player_choice":"Take Damage","damage_taken":20,"relics_obtained":["Golden Idol"],"max_hp_gain":0,"max_hp_loss":0,"event_name":"Golden Idol","floor":4,"gold_loss":0},{"cards_removed":["Strike_R"],"damage_healed":0,"gold_gain":0,"player_choice":"Card Removal","damage_taken":7,"max_hp_gain":0,"max_hp_loss":0,"event_name":"Golden Wing","floor":5,"gold_loss":0}],"is_beta":false,"boss_relics":[{"not_picked":["Fusion Hammer","Lizard Tail"],"picked":"Pandora\u0027s Box"}],"items_purged_floors":[12],"is_endless":false,"potions_floor_spawned":[1,6,8,16],"ascension_level":0}