{"gold_per_floor":[109,122,297,297,314,314,344,344,344,15,42,42,62,25,25,25],"floor_reached":16,"playtime":1175,"items_purged":["Doubt"],"score":166,"play_id":"012414c5-3c05-4029-92b6-e7287c988f06","local_time":"20190626175200","is_ascension_mode":true,"campfire_choices":[{"floor":6,"key":"REST"},{"floor":8,"key":"REST"},{"floor":15,"key":"REST"}],"neow_cost":"NONE","seed_source_timestamp":971653389191600,"circlet_count":0,"master_deck":["Strike_B","Strike_B+1","Strike_B","Strike_B","Defend_B+1","Defend_B","Defend_B","Defend_B","Zap","Dualcast","Double Energy","Redo","Cold Snap","Cold Snap","BootSequence","Storm"],"relics":["Cracked Core","Lantern","Darkstone Periapt","Shuriken","Bag of Marbles"],"potions_floor_usage":[5,11,16],"damage_taken":[{"damage":0,"enemies":"2 Louse","floor":1,"turns":3},{"damage":0,"enemies":"Small Slimes","floor":2,"turns":3},{"damage":6,"enemies":"Jaw Worm","floor":5,"turns":4},{"damage":54,"enemies":"Gremlin Nob","floor":7,"turns":5},{"damage":0,"enemies":"3 Sentries","floor":11,"turns":6},{"damage":0,"enemies":"2 Fungi Beasts","floor":13,"turns":3},{"damage":68,"enemies":"Hexaghost","floor":16,"turns":14}],"seed_played":"-7049971658554778661","potions_obtained":[{"floor":1,"key":"FocusPotion"},{"floor":2,"key":"SneckoOil"},{"floor":13,"key":"Poison Potion"}],"is_trial":false,"path_per_floor":["M","M","?","?","M","R","E","R","T","$","E","?","M","$","R","B"],"character_chosen":"DEFECT","items_purchased":["Shuriken","Storm"],"campfire_rested":3,"item_purchase_floors":[10,14],"current_hp_per_floor":[75,75,75,60,54,75,21,43,43,43,43,43,43,43,65,0],"gold":25,"neow_bonus":"RANDOM_COMMON_RELIC","is_prod":false,"is_daily":false,"chose_seed":false,"campfire_upgraded":0,"win_rate":0,"timestamp":1561596720,"path_taken":["M","M","?","?","M","R","E","R","T","?","E","?","M","?","R","BOSS"],"build_version":"2019-01-23","purchased_purges":1,"victory":false,"max_hp_per_floor":[75,75,75,75,75,75,75,75,75,75,75,75,75,75,75,75],"card_choices":[{"not_picked":["Rebound","Hologram"],"picked":"Double Energy","floor":1},{"not_picked":["Hello World","Sweeping Beam"],"picked":"Redo","floor":2},{"not_picked":["Go for the Eyes","Hologram"],"picked":"Cold Snap","floor":5},{"not_picked":["Hello World","Conserve Battery"],"picked":"Cold Snap","floor":7},{"not_picked":["Hello World","Lockon"],"picked":"BootSequence","floor":11},{"not_picked":["Undo","Stack","Heatsinks"],"picked":"SKIP","floor":13}],"player_experience":563431,"relics_obtained":[{"floor":7,"key":"Darkstone Periapt"},{"floor":11,"key":"Bag of Marbles"}],"event_choices":[{"damage_healed":0,"gold_gain":175,"player_choice":"AGREE","damage_taken":0,"max_hp_gain":0,"max_hp_loss":0,"event_name":"Liars Game","floor":3,"gold_loss":0,"cards_obtained":["Doubt"]},{"damage_healed":0,"gold_gain":0,"player_choice":"Entered Light","damage_taken":15,"max_hp_gain":0,"max_hp_loss":0,"event_name":"Shining Light","floor":4,"gold_loss":0,"cards_upgraded":["Strike_B","Defend_B"]},{"damage_healed":0,"gold_gain":0,"player_choice":"Ignored","damage_taken":0,"max_hp_gain":0,"max_hp_loss":0,"event_name":"Golden Wing","floor":12,"gold_loss":0}],"is_beta":false,"boss_relics":[],"items_purged_floors":[10],"is_endless":false,"potions_floor_spawned":[1,2,13],"killed_by":"Hexaghost","ascension_level":5}