{"gold_per_floor":[109,126,126,144,160,194,194,214,237,250,250,280,75,106,106,106],"floor_reached":16,"playtime":1735,"items_purged":["Strike_G"],"score":151,"play_id":"9e0302c2-bc8b-441a-88ab-6af3af4bb7fb","local_time":"20190508215946","is_ascension_mode":true,"campfire_choices":[{"floor":7.0,"key":"REST"},{"data":"Leg Sweep","floor":11.0,"key":"SMITH"},{"data":"Footwork","floor":15.0,"key":"SMITH"}],"neow_cost":"NONE","seed_source_timestamp":0,"circlet_count":0,"master_deck":["Defend_G","Defend_G","Defend_G","Defend_G","Defend_G","Strike_G","Strike_G+1","Strike_G","Strike_G","Survivor","Neutralize","Poisoned Stab+1","Crippling Poison","Backflip","Prepared","Bullet Time","Leg Sweep+1","Footwork+1","Finesse","Dagger Spray"],"special_seed":0,"relics":["Ring of the Snake","Lantern","Tiny Chest","Whetstone"],"potions_floor_usage":[16],"damage_taken":[{"damage":12.0,"enemies":"Small Slimes","floor":1.0,"turns":4.0},{"damage":1.0,"enemies":"Cultist","floor":2.0,"turns":3.0},{"damage":2.0,"enemies":"Jaw Worm","floor":4.0,"turns":4.0},{"damage":10.0,"enemies":"Exordium Wildlife","floor":5.0,"turns":5.0},{"damage":33.0,"enemies":"3 Sentries","floor":6.0,"turns":12.0},{"damage":4.0,"enemies":"Large Slime","floor":8.0,"turns":7.0},{"damage":7.0,"enemies":"3 Louse","floor":10.0,"turns":3.0},{"damage":0.0,"enemies":"Lagavulin","floor":14.0,"turns":8.0},{"damage":20,"enemies":"Slime Boss","floor":16,"turns":9}],"seed_played":"-4484293660057393241","potions_obtained":[{"floor":3.0,"key":"FairyPotion"},{"floor":3.0,"key":"Strength Potion"},{"floor":3.0,"key":"Weak Potion"},{"floor":4.0,"key":"SteroidPotion"},{"floor":6.0,"key":"SpeedPotion"},{"floor":8.0,"key":"FearPotion"},{"floor":10.0,"key":"Block Potion"}],"is_trial":false,"path_per_floor":["M","M","?","M","M","E","R","M","T","M","R","?","$","E","R","B"],"character_chosen":"THE_SILENT","items_purchased":["Footwork","Finesse"],"campfire_rested":1,"item_purchase_floors":[13,13],"current_hp_per_floor":[65,64,64,62,52,19,42,38,38,31,31,19,19,19,19,0],"gold":106,"neow_bonus":"TEN_PERCENT_HP_BONUS","is_prod":false,"is_daily":false,"chose_seed":false,"campfire_upgraded":2,"win_rate":0,"timestamp":1557345586,"path_taken":["M","M","?","M","?","E","R","M","T","M","R","?","$","E","R","BOSS"],"build_version":"2019-01-23","purchased_purges":1,"victory":false,"max_hp_per_floor":[77,77,77,77,77,77,77,77,77,77,77,77,77,77,77,77],"card_choices":[{"not_picked":["Prepared","Outmaneuver"],"picked":"Poisoned Stab","floor":1.0},{"not_picked":["Caltrops","Slice"],"picked":"Crippling Poison","floor":2.0},{"not_picked":["All Out Attack","Caltrops"],"picked":"Backflip","floor":4.0},{"not_picked":["Sucker Punch","Backflip","Distraction"],"picked":"SKIP","floor":5.0},{"not_picked":["Acrobatics","Blade Dance"],"picked":"Prepared","floor":6.0},{"not_picked":["Flying Knee","Skewer"],"picked":"Bullet Time","floor":8.0},{"not_picked":["Endless Agony","Bane"],"picked":"Leg Sweep","floor":10.0},{"not_picked":["Flechettes","Accuracy"],"picked":"Dagger Spray","floor":14.0}],"player_experience":289444,"relics_obtained":[{"floor":6.0,"key":"Lantern"},{"floor":14.0,"key":"Whetstone"}],"event_choices":[{"damage_healed":0.0,"max_hp_gain":0.0,"max_hp_loss":0.0,"gold_gain":0.0,"event_name":"Lab","player_choice":"Got Potions","floor":3.0,"gold_loss":0.0,"damage_taken":0.0},{"damage_healed":0.0,"max_hp_gain":0.0,"max_hp_loss":0.0,"gold_gain":0.0,"event_name":"Scrap Ooze","player_choice":"Success","floor":12.0,"gold_loss":0.0,"damage_taken":12.0,"relics_obtained":["Tiny Chest"]}],"is_beta":false,"boss_relics":[],"items_purged_floors":[13],"is_endless":false,"potions_floor_spawned":[4,6,8,10],"killed_by":"Slime Boss","ascension_level":2}