{"gold_per_floor":[111,57,57,57,80,116,116,291,291,329,344,344,375,390,390,520,520,544,544,544,231,247,271,314,119,142,186,186,204,219,233,233,359,359,377,377,19,44,62,62,101,101,101,142,142,157,157,490,490,490],"floor_reached":50,"playtime":2539,"items_purged":["Doubt"],"score":1128,"play_id":"81adeb0e-6de4-4cad-8cea-b3f75d5d03a9","local_time":"20180927140326","is_ascension_mode":true,"campfire_choices":[{"data":"Flame Barrier","floor":7.0,"key":"SMITH"},{"data":"Wild Strike","floor":12.0,"key":"SMITH"},{"data":"Havoc","floor":15.0,"key":"SMITH"},{"floor":28.0,"key":"REST"},{"floor":32.0,"key":"REST"},{"floor":40.0,"key":"REST"},{"floor":42.0,"key":"REST"},{"data":"Perfected Strike","floor":47.0,"key":"SMITH"},{"data":"Demon Form","floor":49.0,"key":"SMITH"}],"neow_cost":"NONE","seed_source_timestamp":0,"circlet_count":0,"master_deck":["Strike_R","Strike_R","Strike_R","Strike_R","Strike_R+1","Defend_R","Defend_R","Defend_R","Defend_R","Bash","AscendersBane","Pommel Strike","Perfected Strike+1","Wild Strike","Flame Barrier+1","Wild Strike+1","Anger","Feed","Havoc+1","Immolate","Pommel Strike+1","Perfected Strike+1","Dramatic Entrance","Pommel Strike","Shockwave+1","Inflame","Dash","Sweeping Beam","Power Through","Perfected Strike+1","Demon Form+1","Wild Strike+1","Perfected Strike+1","Endless Agony+1","Iron Wave+1","Feed","Thunderclap+1"],"special_seed":0,"relics":["Burning Blood","Ginger","Letter Opener","Potion Belt","Kunai","Sozu","Nloth\u0027s Gift","Whetstone","Blue Candle","PrismaticShard","Dream Catcher","Bottled Tornado","Eternal Feather","DollysMirror","Blood Vial","Ancient Tea Set","Darkstone Periapt","Smiling Mask"],"potions_floor_usage":[],"damage_taken":[{"damage":0.0,"enemies":"Jaw Worm","floor":1.0,"turns":1.0},{"damage":0.0,"enemies":"Small Slimes","floor":5.0,"turns":1.0},{"damage":0.0,"enemies":"Gremlin Nob","floor":6.0,"turns":1.0},{"damage":19.0,"enemies":"Lagavulin","floor":10.0,"turns":5.0},{"damage":3.0,"enemies":"2 Louse","floor":11.0,"turns":2.0},{"damage":0.0,"enemies":"Gremlin Nob","floor":13.0,"turns":2.0},{"damage":0.0,"enemies":"Exordium Wildlife","floor":14.0,"turns":2.0},{"damage":48.0,"enemies":"The Guardian","floor":16.0,"turns":11.0},{"damage":11.0,"enemies":"2 Thieves","floor":18.0,"turns":3.0},{"damage":0.0,"enemies":"Spheric Guardian","floor":22.0,"turns":2.0},{"damage":0.0,"enemies":"3 Cultists","floor":23.0,"turns":3.0},{"damage":14.0,"enemies":"Slavers","floor":24.0,"turns":3.0},{"damage":47.0,"enemies":"Book of Stabbing","floor":27.0,"turns":4.0},{"damage":24.0,"enemies":"Snake Plant","floor":29.0,"turns":2.0},{"damage":1.0,"enemies":"Cultist and Chosen","floor":30.0,"turns":3.0},{"damage":1.0,"enemies":"Centurion and Healer","floor":31.0,"turns":5.0},{"damage":67.0,"enemies":"Champ","floor":33.0,"turns":7.0},{"damage":29.0,"enemies":"3 Darklings","floor":35.0,"turns":3.0},{"damage":9.0,"enemies":"3 Shapes","floor":38.0,"turns":3.0},{"damage":21.0,"enemies":"Transient","floor":39.0,"turns":5.0},{"damage":50.0,"enemies":"2 Orb Walkers","floor":41.0,"turns":4.0},{"damage":0.0,"enemies":"Giant Head","floor":44.0,"turns":5.0},{"damage":0.0,"enemies":"Sphere and 2 Shapes","floor":46.0,"turns":2.0},{"damage":52,"enemies":"Donu and Deca","floor":50,"turns":4}],"seed_played":"6289693682145207336","potions_obtained":[{"floor":1.0,"key":"LiquidBronze"},{"floor":13.0,"key":"SteroidPotion"}],"is_trial":false,"path_per_floor":["M","$","?","?","M","E","R","?","T","E","M","R","E","M","R","B",null,"M","?","?","$","M","M","E","$","T","E","R","M","M","M","R","B",null,"M","?","$","M","M","R","E","R","T","E","?","M","R","?","R"],"character_chosen":"IRONCLAD","items_purchased":["Perfected Strike","Whetstone","Dramatic Entrance","PrismaticShard","DollysMirror","Blood Vial"],"campfire_rested":4,"item_purchase_floors":[2,21,21,25,37,37],"current_hp_per_floor":[78,78,58,58,64,70,70,70,70,57,60,60,66,72,72,30,68,63,63,63,63,69,75,70,70,70,29,53,35,40,45,69,8,64,41,41,41,40,27,69,30,76,76,84,84,86,86,86,86,34],"gold":490,"neow_bonus":"THREE_ENEMY_KILL","is_prod":false,"is_daily":false,"chose_seed":false,"campfire_upgraded":5,"win_rate":0,"timestamp":1538075006,"path_taken":["M","$","?","?","M","E","R","?","T","E","M","R","E","M","R","BOSS","M","?","?","$","M","?","E","?","T","E","R","M","M","M","R","BOSS","M","?","$","M","?","R","E","R","T","E","?","M","R","?","R","BOSS"],"build_version":"2018-09-20","purchased_purges":1,"victory":false,"max_hp_per_floor":[80,80,80,80,80,80,80,80,80,80,80,80,80,80,80,80,80,80,80,80,80,80,80,83,83,83,83,83,83,83,83,83,83,83,83,83,83,83,83,83,86,86,86,86,86,86,86,86,86,86],"card_choices":[{"not_picked":["Dropkick","Thunderclap"],"picked":"Pommel Strike","floor":1.0},{"not_picked":["Pummel","Clothesline"],"picked":"Wild Strike","floor":5.0},{"not_picked":["Seeing Red","Infernal Blade"],"picked":"Flame Barrier","floor":6.0},{"not_picked":["Inflame","Offering"],"picked":"Wild Strike","floor":10.0},{"not_picked":["Clash","Reckless Charge"],"picked":"Anger","floor":11.0},{"not_picked":["True Grit","Rupture"],"picked":"Feed","floor":13.0},{"not_picked":["Blood for Blood","Carnage"],"picked":"Havoc","floor":14.0},{"not_picked":["Reaper","Berserk"],"picked":"Immolate","floor":16.0},{"not_picked":["Combust","Headbutt"],"picked":"Pommel Strike","floor":18.0},{"not_picked":["Corruption","Evolve"],"picked":"Pommel Strike","floor":22.0},{"not_picked":["Heavy Blade","Anger"],"picked":"Shockwave+1","floor":23.0},{"not_picked":["Shockwave","Sword Boomerang"],"picked":"Inflame","floor":24.0},{"not_picked":["Storm","Clothesline"],"picked":"Dash","floor":27.0},{"not_picked":["Streamline","Steam"],"picked":"Sweeping Beam","floor":28.0},{"not_picked":["Panache","Hologram+1","Havoc"],"picked":"SKIP","floor":29.0},{"not_picked":["Streamline","Quick Slash"],"picked":"Power Through","floor":30.0},{"not_picked":["Ball Lightning","Corruption"],"picked":"Perfected Strike","floor":31.0},{"not_picked":["Creative AI","Dark Embrace"],"picked":"Demon Form","floor":33.0},{"not_picked":["Cold Snap","Beam Cell+1"],"picked":"Wild Strike+1","floor":35.0},{"not_picked":["Well Laid Plans","Quick Slash"],"picked":"Endless Agony+1","floor":38.0},{"not_picked":["Steam+1","Searing Blow","Deflect+1"],"picked":"SKIP","floor":39.0},{"not_picked":["Flying Knee","Body Slam"],"picked":"Iron Wave+1","floor":40.0},{"not_picked":["Offering","Gash","Conserve Battery"],"picked":"SKIP","floor":41.0},{"not_picked":["Evolve","Coolheaded+1"],"picked":"Feed","floor":44.0},{"not_picked":["Rampage","Deflect"],"picked":"Thunderclap+1","floor":46.0}],"player_experience":646034,"relics_obtained":[{"floor":6.0,"key":"Ginger"},{"floor":9.0,"key":"Letter Opener"},{"floor":10.0,"key":"Potion Belt"},{"floor":13.0,"key":"Kunai"},{"floor":24.0,"key":"Blue Candle"},{"floor":26.0,"key":"Dream Catcher"},{"floor":27.0,"key":"Bottled Tornado"},{"floor":41.0,"key":"Ancient Tea Set"},{"floor":43.0,"key":"Darkstone Periapt"},{"floor":44.0,"key":"Smiling Mask"}],"event_choices":[{"event_name":"Golden Idol","player_choice":"Take Damage","floor":3.0,"damage_taken":0.0},{"event_name":"Living Wall","player_choice":"Grow","floor":4.0,"damage_taken":0.0},{"event_name":"Liars Game","player_choice":"agreed","floor":8.0,"damage_taken":0.0},{"event_name":"Duplicator","player_choice":"One dupe","floor":19.0,"damage_taken":0.0},{"event_name":"N\u0027loth","player_choice":"Traded a NeowsBlessing","floor":20.0,"damage_taken":0.0},{"event_name":"Tomb of Lord Red Mask","player_choice":"Ignored","floor":36.0,"damage_taken":0.0},{"event_name":"SensoryStone","player_choice":"Memory 1","floor":45.0,"damage_taken":0.0},{"event_name":"The Moai Head","player_choice":"Gave Idol","floor":48.0,"damage_taken":0.0}],"is_beta":false,"boss_relics":[{"not_picked":["Runic Dome","Runic Cube"],"picked":"Sozu"},{"not_picked":["Fusion Hammer","Astrolabe"],"picked":"Eternal Feather"}],"items_purged_floors":[21],"is_endless":false,"potions_floor_spawned":[1,13,23,30,33,35,39],"killed_by":"Donu and Deca","ascension_level":12}