{"gold_per_floor":[110,60,60,86,96,96,109,38,110,135,155,155,188,39,39,140,140,136,148,160,75,90,90,122,132,157,157,172,172,172,172,172,172],"floor_reached":33,"playtime":1954,"items_purged":["Pain"],"score":364,"play_id":"ca8aeaed-9b77-4c6a-8b4a-caf28ac12c9b","local_time":"20190630122856","is_ascension_mode":true,"campfire_choices":[{"floor":6,"key":"RECALL"},{"floor":12,"key":"REST"},{"floor":15,"key":"REST"},{"floor":23,"key":"REST"},{"floor":27,"key":"REST"},{"floor":29,"key":"REST"},{"data":"Noxious Fumes","floor":32,"key":"SMITH"}],"neow_cost":"NONE","seed_source_timestamp":1297099584162300,"circlet_count":0,"master_deck":["Defend_G+1","Defend_G","Defend_G","Defend_G","Strike_G+1","Strike_G+1","Strike_G","Strike_G","Strike_G","Survivor+1","Neutralize","Skewer","Acrobatics","Noxious Fumes+1","Poisoned Stab","Backflip","Adrenaline","Doubt","Doubt","Poisoned Stab","Noxious Fumes","Deadly Poison","Envenom","Deadly Poison","Riddle With Holes"],"relics":["Velvet Choker","War Paint","Darkstone Periapt","Whetstone","FossilizedHelix","Oddly Smooth Stone","Calling Bell","MawBank","Letter Opener","Incense Burner","MutagenicStrength","Anchor","Ornamental Fan"],"potions_floor_usage":[10,13,13,16,24,24,33],"damage_taken":[{"damage":2,"enemies":"Jaw Worm","floor":1,"turns":3},{"damage":0,"enemies":"2 Louse","floor":5,"turns":2},{"damage":1,"enemies":"Cultist","floor":7,"turns":4},{"damage":15,"enemies":"Lagavulin","floor":10,"turns":6},{"damage":4,"enemies":"Exordium Wildlife","floor":11,"turns":4},{"damage":12,"enemies":"3 Sentries","floor":13,"turns":6},{"damage":24,"enemies":"Slime Boss","floor":16,"turns":11},{"damage":19,"enemies":"2 Thieves","floor":18,"turns":4},{"damage":6,"enemies":"Chosen","floor":22,"turns":4},{"damage":29,"enemies":"Book of Stabbing","floor":24,"turns":5},{"damage":25,"enemies":"Centurion and Healer","floor":25,"turns":6},{"damage":0,"enemies":"Snecko","floor":28,"turns":4},{"damage":89,"enemies":"Automaton","floor":33,"turns":8}],"seed_played":"6376624141300792432","potions_obtained":[{"floor":5,"key":"GamblersBrew"},{"floor":7,"key":"Explosive Potion"},{"floor":10,"key":"Weak Potion"},{"floor":11,"key":"SkillPotion"},{"floor":16,"key":"Strength Potion"},{"floor":22,"key":"Regen Potion"},{"floor":28,"key":"SpeedPotion"}],"is_trial":false,"path_per_floor":["M","?","$","T","M","R","M","$","T","E","M","R","E","$","R","B",null,"M","?","?","$","M","R","E","M","T","R","M","R","T","?","R","B"],"character_chosen":"THE_SILENT","items_purchased":["Noxious Fumes","Oddly Smooth Stone","Deadly Poison"],"campfire_rested":5,"item_purchase_floors":[8,14,21],"current_hp_per_floor":[68,68,68,68,68,68,67,67,67,52,48,69,57,57,70,46,82,63,63,63,63,57,83,68,43,43,69,69,88,88,88,88,0],"gold":172,"neow_bonus":"BOSS_RELIC","is_prod":false,"is_daily":false,"chose_seed":false,"campfire_upgraded":1,"win_rate":0,"timestamp":1561922936,"path_taken":["M","?","?","?","M","R","M","$","T","E","M","R","E","$","R","BOSS","M","?","?","$","?","R","E","M","T","R","M","R","?","?","R","BOSS"],"build_version":"2019-01-23","purchased_purges":1,"victory":false,"max_hp_per_floor":[70,70,70,70,70,70,70,70,70,70,70,70,70,70,70,70,88,88,88,88,88,88,88,88,88,88,88,88,88,88,88,88,88],"card_choices":[{"not_picked":["Slice","Finisher","Underhanded Strike"],"picked":"SKIP","floor":1},{"not_picked":["Underhanded Strike","Eviscerate"],"picked":"Skewer","floor":5},{"not_picked":["Dagger Spray","Caltrops"],"picked":"Acrobatics","floor":7},{"not_picked":["Dodge and Roll","Bane"],"picked":"Poisoned Stab","floor":10},{"not_picked":["Dagger Spray","Masterful Stab","Dodge and Roll"],"picked":"SKIP","floor":11},{"not_picked":["Riddle With Holes","Escape Plan"],"picked":"Backflip","floor":13},{"not_picked":["Storm of Steel","Phantasmal Killer"],"picked":"Adrenaline","floor":16},{"not_picked":["Setup","Cloak And Dagger"],"picked":"Poisoned Stab","floor":18},{"not_picked":["Masterful Stab+1","Prepared+1"],"picked":"Envenom","floor":22},{"not_picked":["Dodge and Roll","Blade Dance"],"picked":"Deadly Poison","floor":24},{"not_picked":["Acrobatics","Blade Dance"],"picked":"Riddle With Holes","floor":25},{"not_picked":["Backflip","Flying Knee","Slice"],"picked":"SKIP","floor":28}],"player_experience":584005,"relics_obtained":[{"floor":4,"key":"War Paint"},{"floor":9,"key":"Darkstone Periapt"},{"floor":10,"key":"Whetstone"},{"floor":13,"key":"FossilizedHelix"},{"floor":17,"key":"MawBank"},{"floor":17,"key":"Letter Opener"},{"floor":17,"key":"Incense Burner"},{"floor":24,"key":"Anchor"},{"floor":30,"key":"Ornamental Fan"}],"event_choices":[{"cards_removed":["Defend_G"],"damage_healed":0,"gold_gain":0,"player_choice":"Card Removal","damage_taken":0,"max_hp_gain":0,"max_hp_loss":0,"event_name":"The Cleric","floor":2,"gold_loss":50},{"damage_healed":0,"gold_gain":0,"player_choice":"Inject Mutagens","damage_taken":0,"relics_obtained":["MutagenicStrength"],"max_hp_gain":0,"max_hp_loss":0,"event_name":"Drug Dealer","floor":19,"gold_loss":0},{"damage_healed":0,"gold_gain":0,"player_choice":"Copied","damage_taken":0,"max_hp_gain":0,"max_hp_loss":0,"event_name":"Duplicator","floor":20,"gold_loss":0,"cards_obtained":["Noxious Fumes"]},{"damage_healed":0,"gold_gain":0,"player_choice":"Ignored","damage_taken":0,"max_hp_gain":0,"max_hp_loss":0,"event_name":"Vampires","floor":31,"gold_loss":0}],"is_beta":false,"boss_relics":[{"not_picked":["Lizard Tail","Runic Pyramid"],"picked":"Calling Bell"}],"items_purged_floors":[21],"is_endless":false,"potions_floor_spawned":[5,7,10,11,16,22,28],"killed_by":"Automaton","ascension_level":5}