{"gold_per_floor":[112,123,143,160,179,179,179,198,198,215,215,215,215,98,98,198,198,217,217,217,232,232,232],"floor_reached":23,"playtime":2474,"items_purged":[],"score":183,"play_id":"0b9a5615-cbfc-430f-a4c9-341a1d5767fb","local_time":"20180713200930","is_ascension_mode":false,"campfire_choices":[{"data":"Iron Wave","floor":6,"key":"SMITH"},{"floor":12,"key":"REST"},{"data":"Strike_R","floor":15,"key":"SMITH"}],"neow_cost":"","seed_source_timestamp":34866573449459,"circlet_count":0,"master_deck":["Strike_R","Strike_R","Strike_R+1","Strike_R","Strike_R+1","Defend_R","Defend_R","Defend_R","Bash","Cleave","Body Slam","Iron Wave+1","Shrug It Off","Metallicize","Pommel Strike","Twin Strike","Clash","Flame Barrier","Feed","Shrug It Off+1","Inflame","Second Wind"],"relics":["Burning Blood","Ancient Tea Set","Darkstone Periapt","Runic Cube","Meat on the Bone"],"potions_floor_usage":[4,16,16],"damage_taken":[{"damage":5,"enemies":"Cultist","floor":1,"turns":4},{"damage":2,"enemies":"2 Louse","floor":2,"turns":2},{"damage":3,"enemies":"Small Slimes","floor":3,"turns":4},{"damage":23,"enemies":"Exordium Wildlife","floor":4,"turns":6},{"damage":3,"enemies":"2 Fungi Beasts","floor":5,"turns":5},{"damage":8,"enemies":"Exordium Thugs","floor":8,"turns":6},{"damage":0,"enemies":"Large Slime","floor":10,"turns":5},{"damage":55,"enemies":"The Guardian","floor":16,"turns":14},{"damage":2,"enemies":"3 Byrds","floor":18,"turns":4},{"damage":17,"enemies":"Shell Parasite","floor":21,"turns":7},{"damage":69,"enemies":"Book of Stabbing","floor":23,"turns":7}],"seed_played":"-5944370564449656666","potions_obtained":[{"floor":1,"key":"Explosive Potion"},{"floor":3,"key":"BloodPotion"},{"floor":10,"key":"BloodPotion"}],"is_trial":false,"path_per_floor":["M","M","M","M","M","R","?","M","T","M","?","R","?","$","R","B",null,"M","?","?","M","T"],"character_chosen":"IRONCLAD","items_purchased":["Clash","Flame Barrier"],"campfire_rested":1,"item_purchase_floors":[14,14],"current_hp_per_floor":[80,80,80,71,74,74,74,72,72,78,71,80,73,73,73,32,80,80,80,80,69,69,0],"gold":232,"neow_bonus":"","is_prod":false,"is_daily":false,"chose_seed":false,"campfire_upgraded":2,"win_rate":0.0,"timestamp":1531537770,"path_taken":["M","M","M","M","?","R","?","M","T","M","?","R","?","$","R","BOSS","M","?","?","?","?","E"],"build_version":"2018-07-12","purchased_purges":0,"victory":false,"max_hp_per_floor":[80,80,80,80,80,80,80,80,80,80,80,80,80,80,80,80,80,80,80,80,80,80,80],"card_choices":[{"not_picked":["Power Through","Warcry"],"picked":"Cleave","floor":1},{"not_picked":["Headbutt","Rampage"],"picked":"Body Slam","floor":2},{"not_picked":["Disarm","Warcry"],"picked":"Iron Wave","floor":3},{"not_picked":["Sword Boomerang","Warcry"],"picked":"Shrug It Off","floor":4},{"not_picked":["Pommel Strike","Searing Blow"],"picked":"Metallicize","floor":5},{"not_picked":["True Grit","Sword Boomerang"],"picked":"Pommel Strike","floor":8},{"not_picked":["True Grit","Anger"],"picked":"Twin Strike","floor":10},{"not_picked":["Berserk","Double Tap"],"picked":"Feed","floor":16},{"not_picked":["Anger","True Grit"],"picked":"Shrug It Off+1","floor":18},{"not_picked":["Combust","Carnage"],"picked":"Second Wind","floor":21}],"player_experience":0,"relics_obtained":[{"floor":9,"key":"Ancient Tea Set"},{"floor":22,"key":"Meat on the Bone"}],"event_choices":[{"event_name":"Living Wall","player_choice":"Grow","floor":7,"damage_taken":0},{"event_name":"Scrap Ooze","player_choice":"success","floor":11,"damage_taken":7},{"event_name":"Golden Wing","player_choice":"Card Removal","floor":13,"damage_taken":0},{"event_name":"Beggar","player_choice":"Ignored","floor":19,"damage_taken":0},{"event_name":"The Library","player_choice":"Read","floor":20,"damage_taken":0}],"boss_relics":[{"not_picked":["Cursed Key","Ectoplasm"],"picked":"Runic Cube"}],"items_purged_floors":[],"is_endless":false,"potions_floor_spawned":[1,3,10],"killed_by":"Book of Stabbing","ascension_level":0}