{"gold_per_floor":[109,124,203,183,30,30,63,78,78,88,123,123,136,152,152,231,281,291,31,31,51,69,69,69,69,69,87,105,137,149,161,161,161],"floor_reached":33,"playtime":1605,"items_purged":[],"score":648,"play_id":"4b10a309-5b43-4075-bb47-ae7e2122fae5","local_time":"20181008090054","is_ascension_mode":true,"campfire_choices":[{"data":"Searing Blow","floor":6.0,"key":"SMITH"},{"data":"Searing Blow+1","floor":12.0,"key":"SMITH"},{"data":"Searing Blow+2","floor":15.0,"key":"SMITH"},{"data":"Searing Blow+4","floor":23.0,"key":"SMITH"},{"floor":25.0,"key":"REST"},{"data":"Searing Blow+5","floor":32.0,"key":"SMITH"}],"neow_cost":"","seed_source_timestamp":0,"circlet_count":0,"master_deck":["Strike_R","Strike_R","Strike_R","Strike_R+1","Strike_R","Defend_R","Defend_R","Defend_R","Defend_R","Bash","AscendersBane","Searing Blow+6","Headbutt","Flame Barrier","Feed+1","Thunderclap+1","Dropkick+1","Shrug It Off","Reaper+1","Bludgeon+1","Headbutt+1","Flex","Thunderclap+1","Dropkick+1","Headbutt+1","Cleave+1","Power Through","Clothesline+1"],"special_seed":0,"relics":["Burning Blood","Pen Nib","Molten Egg 2","PreservedInsect","Letter Opener","Tiny House","Shuriken","MutagenicStrength","Darkstone Periapt","Unceasing Top"],"potions_floor_usage":[33],"damage_taken":[{"damage":7.0,"enemies":"Small Slimes","floor":1.0,"turns":3.0},{"damage":0.0,"enemies":"2 Louse","floor":2.0,"turns":3.0},{"damage":46.0,"enemies":"Lagavulin","floor":7.0,"turns":7.0},{"damage":1.0,"enemies":"Cultist","floor":8.0,"turns":3.0},{"damage":0.0,"enemies":"Looter","floor":10.0,"turns":2.0},{"damage":22.0,"enemies":"Gremlin Nob","floor":11.0,"turns":4.0},{"damage":1.0,"enemies":"Gremlin Gang","floor":13.0,"turns":4.0},{"damage":15.0,"enemies":"Exordium Thugs","floor":14.0,"turns":4.0},{"damage":0.0,"enemies":"Slime Boss","floor":16.0,"turns":2.0},{"damage":28.0,"enemies":"3 Byrds","floor":18.0,"turns":4.0},{"damage":0.0,"enemies":"Spheric Guardian","floor":21.0,"turns":3.0},{"damage":46.0,"enemies":"Cultist and Chosen","floor":22.0,"turns":7.0},{"damage":19.0,"enemies":"Centurion and Healer","floor":27.0,"turns":4.0},{"damage":22.0,"enemies":"Shelled Parasite and Fungi","floor":28.0,"turns":3.0},{"damage":7.0,"enemies":"Slavers","floor":29.0,"turns":2.0},{"damage":18.0,"enemies":"Snecko","floor":30.0,"turns":3.0},{"damage":22.0,"enemies":"3 Cultists","floor":31.0,"turns":5.0},{"damage":79,"enemies":"Champ","floor":33,"turns":5}],"seed_played":"-7817089130830970255","potions_obtained":[{"floor":4.0,"key":"Regen Potion"},{"floor":8.0,"key":"SteroidPotion"},{"floor":11.0,"key":"Poison Potion"},{"floor":13.0,"key":"EntropicBrew"},{"floor":17.0,"key":"Explosive Potion"},{"floor":21.0,"key":"SkillPotion"},{"floor":22.0,"key":"Strength Potion"},{"floor":30.0,"key":"SkillPotion"},{"floor":31.0,"key":"Strength Potion"}],"is_trial":false,"path_per_floor":["M","M","?","?","$","R","E","M","T","M","E","R","M","M","R","B",null,"M","$","?","M","M","R","?","R","T","M","M","E","M","M","R"],"character_chosen":"IRONCLAD","items_purchased":["Pen Nib","Shuriken"],"campfire_rested":1,"item_purchase_floors":[5,19],"current_hp_per_floor":[67,73,73,73,73,73,45,50,50,60,44,44,49,40,40,46,76,54,54,54,60,30,30,30,55,55,46,34,91,85,88,88,9],"gold":161,"neow_bonus":"","is_prod":false,"is_daily":false,"chose_seed":false,"campfire_upgraded":5,"win_rate":0,"timestamp":1539007254,"path_taken":["M","M","?","?","?","R","E","?","T","M","E","R","M","M","R","BOSS","M","$","?","?","M","R","?","R","T","M","M","E","M","M","R","BOSS"],"build_version":"2018-10-04v2","purchased_purges":0,"victory":false,"max_hp_per_floor":[75,75,75,75,75,75,75,75,75,79,79,79,79,79,79,79,84,84,84,84,84,84,84,84,84,84,88,92,92,92,96,96,96],"card_choices":[{"not_picked":["Clothesline","Flex"],"picked":"Searing Blow","floor":1.0},{"not_picked":["Feel No Pain","Warcry"],"picked":"Headbutt","floor":2.0},{"not_picked":["Armaments","Wild Strike"],"picked":"Flame Barrier","floor":7.0},{"not_picked":["Iron Wave+1","Armaments"],"picked":"Feed+1","floor":8.0},{"not_picked":["Body Slam+1","Armaments"],"picked":"Thunderclap+1","floor":10.0},{"not_picked":["Battle Trance","Sword Boomerang+1"],"picked":"Dropkick+1","floor":11.0},{"not_picked":["Limit Break","Clothesline+1"],"picked":"Shrug It Off","floor":13.0},{"not_picked":["Ghostly Armor","Body Slam+1"],"picked":"Reaper+1","floor":14.0},{"not_picked":["Impervious","Demon Form"],"picked":"Bludgeon+1","floor":16.0},{"not_picked":["Havoc","Flex"],"picked":"Headbutt+1","floor":17.0},{"not_picked":["Havoc+1","Heavy Blade+1"],"picked":"Flex","floor":18.0},{"not_picked":["Combust","Cleave+1"],"picked":"Thunderclap+1","floor":21.0},{"not_picked":["Clash+1","Iron Wave+1"],"picked":"Dropkick+1","floor":22.0},{"not_picked":["Havoc","Reckless Charge+1","True Grit"],"picked":"SKIP","floor":27.0},{"not_picked":["Iron Wave+1","Second Wind"],"picked":"Headbutt+1","floor":28.0},{"not_picked":["Clothesline+1","Exhume"],"picked":"Cleave+1","floor":29.0},{"not_picked":["Anger+1","Sword Boomerang+1"],"picked":"Power Through","floor":30.0},{"not_picked":["Intimidate","Dual Wield"],"picked":"Clothesline+1","floor":31.0}],"player_experience":715226,"relics_obtained":[{"floor":7.0,"key":"Molten Egg 2"},{"floor":9.0,"key":"PreservedInsect"},{"floor":11.0,"key":"Letter Opener"},{"floor":26.0,"key":"Darkstone Periapt"},{"floor":29.0,"key":"Unceasing Top"}],"event_choices":[{"event_name":"Golden Wing","player_choice":"Gained Gold","floor":3.0,"damage_taken":0.0},{"event_name":"The Woman in Blue","player_choice":"Bought 1 Potion","floor":4.0,"damage_taken":0.0},{"event_name":"Upgrade Shrine","player_choice":"Upgraded","floor":20.0,"damage_taken":0.0},{"event_name":"Drug Dealer","player_choice":"Inject Mutagens","floor":24.0,"damage_taken":0.0}],"is_beta":false,"boss_relics":[{"not_picked":["Pandora\u0027s Box","Black Blood"],"picked":"Tiny House"}],"items_purged_floors":[],"is_endless":false,"potions_floor_spawned":[8,11,13,14,21,22,30,31],"killed_by":"Champ","ascension_level":15}