{"gold_per_floor":[114,114,62,62,77,77,90,104,104,118,138,198,229,244,244,339,339,355,355,355,375,388,388,401,401,401,416,416,436,48,64,64,161,161,180,480,490,99,119,119,132,150,150,165,165,180,196,71,71,71],"floor_reached":51,"playtime":8697,"items_purged":["Decay","Strike_G","Strike_G"],"score":859,"play_id":"adb1abab-5682-4f0c-802a-3d41537f8ee0","local_time":"20180719095624","is_ascension_mode":false,"campfire_choices":[{"data":"Dagger Spray","floor":6.0,"key":"SMITH"},{"floor":15.0,"key":"REST"},{"data":"Envenom","floor":23,"key":"SMITH"},{"data":"Caltrops","floor":25,"key":"SMITH"},{"floor":32,"key":"REST"},{"floor":40,"key":"REST"},{"floor":45,"key":"REST"},{"floor":49,"key":"REST"}],"neow_cost":"NONE","seed_source_timestamp":0,"circlet_count":0,"master_deck":["Defend_G","Defend_G","Defend_G","Defend_G","Defend_G+1","Strike_G","Strike_G","Strike_G","Survivor+1","Neutralize","Flying Knee","Dagger Spray+1","Predator","Adrenaline","Underhanded Strike","Acrobatics","Dagger Throw","Caltrops+1","Backflip","Well Laid Plans","Envenom+1","All Out Attack","Prepared","Poisoned Stab","Deflect+1","Outmaneuver+1","Finisher+1","Bane+1","Tools of the Trade","Poisoned Stab+1","Expertise","Catalyst+1","Caltrops+1","Blur","Clumsy","Prepared+1","Bane+1"],"special_seed":0,"relics":["Ring of the Snake","Paper Crane","Pantograph","Bag of Preparation","Cursed Key","FaceOfCleric","Nloth\u0027s Gift","Molten Egg 2","Enchiridion","Bird Faced Urn","Lizard Tail","Old Coin","Snake Skull","Bag of Marbles","Bottled Tornado"],"potions_floor_usage":[16,16,21,22,31,33,33,42,42,42],"damage_taken":[{"damage":0.0,"enemies":"2 Louse","floor":1.0,"turns":3.0},{"damage":0.0,"enemies":"Small Slimes","floor":5.0,"turns":3.0},{"damage":0.0,"enemies":"Cultist","floor":7.0,"turns":3.0},{"damage":0.0,"enemies":"3 Louse","floor":8.0,"turns":2.0},{"damage":3.0,"enemies":"Exordium Wildlife","floor":10.0,"turns":3.0},{"damage":0.0,"enemies":"Large Slime","floor":11.0,"turns":4.0},{"damage":13.0,"enemies":"3 Sentries","floor":12.0,"turns":5.0},{"damage":8.0,"enemies":"Gremlin Nob","floor":13.0,"turns":4.0},{"damage":0.0,"enemies":"3 Louse","floor":14.0,"turns":2.0},{"damage":13,"enemies":"Slime Boss","floor":16,"turns":9},{"damage":0,"enemies":"3 Byrds","floor":18,"turns":3},{"damage":2,"enemies":"2 Thieves","floor":21,"turns":3},{"damage":4,"enemies":"Centurion and Healer","floor":22,"turns":5},{"damage":2,"enemies":"3 Cultists","floor":24,"turns":4},{"damage":17,"enemies":"Slaver and Parasite","floor":27,"turns":6},{"damage":11,"enemies":"Sentry and Sphere","floor":29,"turns":4},{"damage":0,"enemies":"3 Cultists","floor":31,"turns":4},{"damage":73,"enemies":"Collector","floor":33,"turns":7},{"damage":17,"enemies":"3 Shapes","floor":35,"turns":5},{"damage":32,"floor":36,"turns":6},{"damage":1,"enemies":"Orb Walker","floor":37,"turns":2},{"damage":29,"enemies":"Maw","floor":39,"turns":7},{"damage":15,"enemies":"3 Darklings","floor":41,"turns":5},{"damage":74,"enemies":"4 Shapes","floor":42,"turns":5},{"damage":4,"enemies":"Transient","floor":44,"turns":5},{"damage":34,"enemies":"Sphere and 2 Shapes","floor":46,"turns":5},{"damage":18,"enemies":"Maw","floor":47,"turns":5},{"damage":44,"enemies":"Donu and Deca","floor":50,"turns":7}],"seed_played":"3708604678773126487","potions_obtained":[{"floor":5.0,"key":"PowerPotion"},{"floor":7.0,"key":"SpeedPotion"},{"floor":11.0,"key":"LiquidBronze"},{"floor":12.0,"key":"Energy Potion"},{"floor":14.0,"key":"SteroidPotion"},{"floor":16,"key":"SpeedPotion"},{"floor":22,"key":"LiquidBronze"},{"floor":24,"key":"Energy Potion"},{"floor":29,"key":"SteroidPotion"},{"floor":37,"key":"Ancient Potion"},{"floor":39,"key":"LiquidBronze"},{"floor":41,"key":"SkillPotion"},{"floor":47,"key":"FearPotion"}],"is_trial":false,"path_per_floor":["M","?","$","?","M","R","M","M","T","M","M","?","E","M","R","B",null,"M","?","?","M","M","R","M","R","T","M","?","M","$","M","R","B",null,"M","?","M","$","M","R","M","M","T","M","R","M","M","$","R","B"],"character_chosen":"THE_SILENT","items_purchased":["Dagger Spray","Bird Faced Urn","Bane+1","Snake Skull","Bag of Marbles"],"campfire_rested":5,"item_purchase_floors":[3,30,30,38,38],"current_hp_per_floor":[70,56,56,61,61,61,61,61,61,58,58,45,37,37,59,62,75,75,75,75,74,71,71,70,70,70,54,38,28,28,37,61,9,82,73,56,60,60,42,67,63,50,50,57,83,62,55,55,82,50],"gold":71,"neow_bonus":"RANDOM_COMMON_RELIC","is_prod":false,"is_daily":false,"chose_seed":false,"campfire_upgraded":3,"win_rate":0.0,"timestamp":1532012184,"path_taken":["M","?","?","?","M","R","M","M","T","?","M","?","E","M","R","BOSS","M","?","?","M","?","R","M","R","T","M","?","M","$","M","R","BOSS","M","?","M","$","M","R","M","M","T","M","R","M","?","$","R","BOSS"],"build_version":"2018-07-12","purchased_purges":3,"victory":true,"max_hp_per_floor":[70,70,70,75,75,75,75,75,75,75,75,75,75,75,75,75,75,75,75,75,76,77,77,78,78,78,79,79,80,80,81,81,82,82,83,84,85,85,86,86,87,88,88,89,89,90,91,91,91,92],"card_choices":[{"not_picked":["Expertise","Backflip"],"picked":"Flying Knee","floor":1.0},{"not_picked":["Acrobatics","Outmaneuver"],"picked":"Predator","floor":5.0},{"not_picked":["Malaise","Dagger Spray"],"picked":"Adrenaline","floor":7.0},{"not_picked":["Skewer","Escape Plan"],"picked":"Underhanded Strike","floor":8.0},{"not_picked":["Poisoned Stab","Riddle With Holes"],"picked":"Acrobatics","floor":10.0},{"not_picked":["Crippling Poison","Leg Sweep"],"picked":"Dagger Throw","floor":11.0},{"not_picked":["All Out Attack","Acrobatics"],"picked":"Caltrops","floor":12.0},{"not_picked":["Bullet Time","Bane"],"picked":"Backflip","floor":13.0},{"not_picked":["Crippling Poison","Prepared"],"picked":"Well Laid Plans","floor":14.0},{"not_picked":["Bullet Time","Night Terror"],"picked":"Envenom","floor":16},{"not_picked":["Prepared","Catalyst"],"picked":"All Out Attack","floor":18},{"not_picked":["Heel Hook","Deadly Poison"],"picked":"Prepared","floor":21},{"not_picked":["Dagger Spray","Die Die Die"],"picked":"Poisoned Stab","floor":22},{"not_picked":["Eviscerate","Outmaneuver"],"picked":"Deflect+1","floor":24},{"not_picked":["Endless Agony+1","Underhanded Strike+1"],"picked":"Outmaneuver+1","floor":27},{"not_picked":["Dagger Throw+1","Outmaneuver"],"picked":"Finisher+1","floor":29},{"not_picked":["All Out Attack+1","Catalyst","Quick Slash+1"],"picked":"SKIP","floor":31},{"not_picked":["A Thousand Cuts","Night Terror"],"picked":"Tools of the Trade","floor":33},{"not_picked":["Outmaneuver+1","Quick Slash+1"],"picked":"Poisoned Stab+1","floor":35},{"not_picked":["Flying Knee+1","Dodge and Roll"],"picked":"Expertise","floor":36},{"not_picked":["Outmaneuver+1","After Image"],"picked":"Catalyst+1","floor":37},{"not_picked":["Dagger Throw+1","Outmaneuver","Deflect+1"],"picked":"SKIP","floor":39},{"not_picked":["Deadly Poison","Dodge and Roll"],"picked":"Caltrops+1","floor":41},{"not_picked":["Choke+1","Deadly Poison+1"],"picked":"Blur","floor":42},{"not_picked":["Venomology","Dagger Throw+1","Quick Slash+1"],"picked":"SKIP","floor":44},{"not_picked":["Dagger Throw+1","Quick Slash+1"],"picked":"Prepared+1","floor":46},{"not_picked":["All Out Attack+1","Quick Slash+1"],"picked":"Bane+1","floor":47}],"player_experience":220442,"relics_obtained":[{"floor":9.0,"key":"Paper Crane"},{"floor":12.0,"key":"Pantograph"},{"floor":13.0,"key":"Bag of Preparation"},{"floor":26,"key":"Molten Egg 2"},{"floor":28,"key":"Enchiridion"},{"floor":36,"key":"Old Coin"},{"floor":43,"key":"Bottled Tornado"}],"event_choices":[{"event_name":"Shining Light","player_choice":"Entered Light","floor":2.0,"damage_taken":0.0},{"event_name":"Big Fish","player_choice":"Donut","floor":4.0,"damage_taken":0.0},{"event_name":"Dead Adventurer","player_choice":"Searched \u00272\u0027 times","floor":12.0,"damage_taken":0.0},{"event_name":"FaceTrader","player_choice":"Trade","floor":19,"damage_taken":0},{"event_name":"N\u0027loth","player_choice":"Traded a Centennial Puzzle","floor":20,"damage_taken":0},{"event_name":"Cursed Tome","player_choice":"Obtained Book","floor":28,"damage_taken":0},{"event_name":"MindBloom","player_choice":"Fight","floor":36,"damage_taken":0}],"boss_relics":[{"not_picked":["Orrery","Philosopher\u0027s Stone"],"picked":"Cursed Key"},{"not_picked":["Snecko Eye","Ring of the Serpent"],"picked":"Lizard Tail"}],"items_purged_floors":[30,38,48],"is_endless":false,"potions_floor_spawned":[5,7,11,12,14,16,22,24,29,37,39,41,47],"ascension_level":0}