{"gold_per_floor":[114,125,125,138,156,188,203,203,203,218,218,243,255,255,255,359,359,341,25,25,45,60,60],"floor_reached":23,"playtime":2228,"items_purged":[],"score":205,"play_id":"f81c8e30-6887-4dfc-9349-aefc187da28c","local_time":"20190623041402","is_ascension_mode":false,"campfire_choices":[{"floor":8,"key":"REST"},{"floor":15,"key":"REST"}],"neow_cost":"NONE","seed_source_timestamp":0,"circlet_count":0,"master_deck":["Defend_G","Defend_G","Defend_G","Defend_G","Defend_G","Strike_G","Strike_G","Strike_G","Strike_G","Survivor","Neutralize","Distraction","Underhanded Strike","Iron Wave","All Out Attack+1","Dodge and Roll","Cloak And Dagger","Infinite Blades","Dagger Spray","Cloak And Dagger","Tactician","Die Die Die","Cloak And Dagger","Accuracy","Dagger Throw","All Out Attack","Deflect","Dramatic Entrance","Shame","Reflex","Slice+1"],"special_seed":0,"relics":["Ring of the Snake","FossilizedHelix","Incense Burner","Thread and Needle","Du-Vu Doll"],"potions_floor_usage":[16,22,23],"damage_taken":[{"damage":1,"enemies":"Cultist","floor":1,"turns":4},{"damage":1,"enemies":"2 Louse","floor":2,"turns":2},{"damage":0,"enemies":"Jaw Worm","floor":4,"turns":3},{"damage":0,"enemies":"2 Fungi Beasts","floor":5,"turns":2},{"damage":52,"enemies":"Lagavulin","floor":6,"turns":10},{"damage":0,"enemies":"Large Slime","floor":7,"turns":8},{"damage":0,"enemies":"3 Louse","floor":10,"turns":2},{"damage":13,"enemies":"3 Sentries","floor":12,"turns":5},{"damage":0,"enemies":"Lots of Slimes","floor":13,"turns":3},{"damage":50,"enemies":"Hexaghost","floor":16,"turns":17},{"damage":1,"enemies":"2 Thieves","floor":18,"turns":4},{"damage":0,"enemies":"Chosen","floor":21,"turns":4},{"damage":25,"enemies":"Snake Plant","floor":22,"turns":6},{"damage":56,"enemies":"Gremlin Leader","floor":23,"turns":5}],"seed_played":"8314254038330702861","potions_obtained":[{"floor":4,"key":"SpeedPotion"},{"floor":12,"key":"Weak Potion"},{"floor":13,"key":"Fruit Juice"},{"floor":16,"key":"Ancient Potion"},{"floor":18,"key":"Energy Potion"}],"is_trial":false,"path_per_floor":["M","M","?","M","M","E","M","R","T","M","?","E","M","?","R","B",null,"M","$","?","M","M","E"],"character_chosen":"THE_SILENT","items_purchased":["Accuracy","Dagger Throw","All Out Attack","Deflect","Dramatic Entrance"],"campfire_rested":2,"item_purchase_floors":[19,19,19,19,19],"current_hp_per_floor":[76,75,75,75,75,23,23,46,46,46,46,33,33,33,56,11,82,81,81,81,81,56,0],"gold":60,"neow_bonus":"TEN_PERCENT_HP_BONUS","is_prod":false,"is_daily":false,"chose_seed":false,"campfire_upgraded":0,"win_rate":0,"timestamp":1561234442,"path_taken":["M","M","?","M","?","E","M","R","T","M","?","E","M","?","R","BOSS","M","$","?","M","M","E"],"build_version":"2019-01-23","purchased_purges":0,"victory":false,"max_hp_per_floor":[77,77,77,77,77,77,77,77,77,77,77,77,77,77,77,82,82,82,82,82,82,82,82],"card_choices":[{"not_picked":["Blade Dance","Choke"],"picked":"Distraction","floor":1},{"not_picked":["Escape Plan","Blade Dance"],"picked":"Underhanded Strike","floor":2},{"not_picked":["Dagger Throw","Crippling Poison"],"picked":"All Out Attack","floor":4},{"not_picked":["Bane","Poisoned Stab"],"picked":"Dodge and Roll","floor":5},{"not_picked":["Prepared","Doppelganger"],"picked":"Cloak And Dagger","floor":6},{"not_picked":["Bane","Blade Dance"],"picked":"Infinite Blades","floor":7},{"not_picked":["Endless Agony","Poisoned Stab"],"picked":"Dagger Spray","floor":10},{"not_picked":["Reflex","Escape Plan"],"picked":"Cloak And Dagger","floor":12},{"not_picked":["Distraction","Quick Slash"],"picked":"Tactician","floor":13},{"not_picked":["Adrenaline","Wraith Form v2"],"picked":"Die Die Die","floor":16},{"not_picked":["Backflip","Footwork"],"picked":"Cloak And Dagger","floor":18},{"not_picked":["Dodge and Roll","Heel Hook"],"picked":"Reflex","floor":21},{"not_picked":["Crippling Poison","Backflip"],"picked":"Slice+1","floor":22}],"player_experience":272389,"relics_obtained":[{"floor":6,"key":"FossilizedHelix"},{"floor":9,"key":"Incense Burner"},{"floor":12,"key":"Thread and Needle"}],"event_choices":[{"cards_removed":["Strike_G"],"damage_healed":0,"gold_gain":0,"player_choice":"Took Card","damage_taken":0,"max_hp_gain":0,"max_hp_loss":0,"event_name":"NoteForYourself","floor":3,"gold_loss":0,"cards_obtained":["Iron Wave"]},{"damage_healed":0,"gold_gain":0,"player_choice":"Grow","damage_taken":0,"max_hp_gain":0,"max_hp_loss":0,"event_name":"Living Wall","floor":11,"gold_loss":0,"cards_upgraded":["All Out Attack"]},{"damage_healed":0,"gold_gain":0,"player_choice":"Ignored","damage_taken":0,"max_hp_gain":0,"max_hp_loss":0,"event_name":"Shining Light","floor":14,"gold_loss":0},{"damage_healed":0,"gold_gain":0,"player_choice":"Stole Relic","damage_taken":0,"relics_obtained":["Du-Vu Doll"],"max_hp_gain":0,"max_hp_loss":0,"event_name":"Addict","floor":20,"gold_loss":0,"cards_obtained":["Shame"]}],"is_beta":false,"boss_relics":[{"not_picked":["Snecko Eye","Pandora\u0027s Box","Philosopher\u0027s Stone"]}],"items_purged_floors":[],"is_endless":false,"potions_floor_spawned":[4,12,13,16,18],"killed_by":"Gremlin Leader","ascension_level":0}