{"gold_per_floor":[116,116,131,131,131,158,173,183,258,258,287,287,298,310,310,410,410,424,424,438,449,18,18,30,49,49,78,78,90,90,110,110,207,207,239,251,280,312,324,160,193,43,68,68,68,68,79,92,92,92],"floor_reached":51,"playtime":6471,"items_purged":["Shame","Shame"],"score":1060,"play_id":"99b5784b-1f7d-4d53-b331-9131aa4d7761","local_time":"20181022134329","is_ascension_mode":true,"campfire_choices":[{"floor":10.0,"key":"REST"},{"data":"Blade Dance","floor":12.0,"key":"SMITH"},{"data":"Dagger Spray","floor":15.0,"key":"SMITH"},{"floor":23.0,"key":"REST"},{"data":"Slice","floor":28.0,"key":"SMITH"},{"floor":32.0,"key":"REST"},{"floor":44,"key":"REST"},{"data":"Flash of Steel","floor":46,"key":"SMITH"},{"floor":49,"key":"REST"}],"neow_cost":"NONE","seed_source_timestamp":0,"circlet_count":0,"master_deck":["Defend_G","Defend_G","Defend_G","Defend_G","Defend_G","Strike_G","Strike_G","Strike_G","Survivor","Neutralize","Blade Dance+1","Deflect","Cloak And Dagger+1","Quick Slash","Dagger Throw","Dagger Spray+1","Dagger Throw","Bullet Time+1","Slice+1","Deflect+1","Blade Dance+1","Apotheosis+1","Madness+1","Slice+1","Predator+1","Infinite Blades","Dagger Spray","A Thousand Cuts","Clumsy","Clumsy","Finisher+1","Cloak And Dagger+1","Flash of Steel+1","Cloak And Dagger+1","Deflect+1","Blade Dance+1","Cloak And Dagger+1","Writhe","Backstab","Backflip+1","Dodge and Roll+1","Slice","Predator+1","Outmaneuver+1","Infinite Blades+1","Dagger Spray"],"special_seed":0,"relics":["Ring of the Snake","NeowsBlessing","Thread and Needle","Toxic Egg 2","Blue Candle","Kunai","Bird Faced Urn","WristBlade","Happy Flower","Regal Pillow","Darkstone Periapt","FossilizedHelix","Calling Bell","MawBank","Mercury Hourglass","Prayer Wheel","WingedGreaves","Vajra"],"potions_floor_usage":[41,48,50],"damage_taken":[{"damage":0.0,"enemies":"Jaw Worm","floor":1.0,"turns":1.0},{"damage":0.0,"enemies":"Small Slimes","floor":3.0,"turns":1.0},{"damage":0.0,"enemies":"Gremlin Nob","floor":6.0,"turns":1.0},{"damage":0.0,"enemies":"Cultist","floor":7.0,"turns":3.0},{"damage":0.0,"enemies":"Exordium Wildlife","floor":8.0,"turns":3.0},{"damage":9.0,"enemies":"Lagavulin","floor":11.0,"turns":8.0},{"damage":0.0,"enemies":"Large Slime","floor":13.0,"turns":5.0},{"damage":1.0,"enemies":"3 Louse","floor":14.0,"turns":4.0},{"damage":26.0,"enemies":"Hexaghost","floor":16.0,"turns":15.0},{"damage":0.0,"enemies":"3 Byrds","floor":18.0,"turns":4.0},{"damage":5.0,"enemies":"Shell Parasite","floor":20.0,"turns":5.0},{"damage":17.0,"enemies":"Snake Plant","floor":21.0,"turns":7.0},{"damage":0.0,"enemies":"Snecko","floor":24.0,"turns":4.0},{"damage":0.0,"enemies":"Sentry and Sphere","floor":25.0,"turns":2.0},{"damage":6.0,"enemies":"Gremlin Leader","floor":27.0,"turns":6.0},{"damage":0.0,"enemies":"3 Cultists","floor":29.0,"turns":4.0},{"damage":14.0,"enemies":"Cultist and Chosen","floor":31.0,"turns":5.0},{"damage":47.0,"enemies":"Champ","floor":33.0,"turns":13.0},{"damage":0.0,"enemies":"Orb Walker","floor":35.0,"turns":3.0},{"damage":13.0,"enemies":"3 Shapes","floor":37.0,"turns":5.0},{"damage":11.0,"enemies":"Jaw Worm Horde","floor":38.0,"turns":4.0},{"damage":81,"enemies":"Giant Head","floor":41,"turns":9},{"damage":41,"enemies":"Writhing Mass","floor":47,"turns":9},{"damage":4,"enemies":"Spire Growth","floor":48,"turns":4},{"damage":54,"enemies":"Awakened One","floor":50,"turns":10}],"seed_played":"-3619792730819179945","potions_obtained":[{"floor":1.0,"key":"Dexterity Potion"},{"floor":13.0,"key":"Fruit Juice"},{"floor":14.0,"key":"Energy Potion"},{"floor":16.0,"key":"EssenceOfSteel"},{"floor":21.0,"key":"Poison Potion"},{"floor":24.0,"key":"Regen Potion"},{"floor":25.0,"key":"EssenceOfSteel"},{"floor":35.0,"key":"Strength Potion"},{"floor":47,"key":"Regen Potion"},{"floor":48,"key":"EssenceOfSteel"}],"is_trial":false,"path_per_floor":["M","?","M","T","?","E","M","M","T","R","E","R","M","M","R","B",null,"M","?","M","M","$","R","M","M","T","E","R","M","?","M","R","B",null,"M","?","M","M","?","$","E","$","T","R","?","R","M","M","R","B"],"character_chosen":"THE_SILENT","items_purchased":["Regal Pillow","Apotheosis+1","Madness+1","Backstab","Backflip+1","Slice"],"campfire_rested":5,"item_purchase_floors":[22,22,22,40,40,42],"current_hp_per_floor":[63,56,56,56,44,44,44,44,44,65,56,56,56,55,55,29,60,60,60,55,38,38,70,70,70,70,64,64,64,51,53,75,33,86,88,88,77,68,99,99,20,20,20,66,66,66,27,35,81,33],"gold":92,"neow_bonus":"THREE_ENEMY_KILL","is_prod":false,"is_daily":false,"chose_seed":false,"campfire_upgraded":4,"win_rate":0,"timestamp":1540233809,"path_taken":["M","?","M","?","?","E","M","M","T","R","E","R","M","M","R","BOSS","M","?","?","M","$","R","M","M","T","E","R","M","?","?","R","BOSS","M","?","M","M","?","$","E","$","T","R","?","R","M","?","R","BOSS"],"build_version":"2018-10-18","purchased_purges":2,"victory":true,"max_hp_per_floor":[70,70,70,70,70,70,70,70,70,70,70,70,70,70,70,70,70,70,70,70,70,70,70,70,70,70,70,70,70,75,75,75,80,98,98,98,98,98,104,104,104,104,104,104,104,104,104,104,104,104],"card_choices":[{"not_picked":["Masterful Stab","Acrobatics"],"picked":"Blade Dance","floor":1.0},{"not_picked":["Prepared","Acrobatics"],"picked":"Deflect","floor":3.0},{"not_picked":["Blade Dance+1","Dodge and Roll+1"],"picked":"Cloak And Dagger+1","floor":6.0},{"not_picked":["Dagger Throw","Prepared+1"],"picked":"Quick Slash","floor":7.0},{"not_picked":["Noxious Fumes","Deadly Poison+1"],"picked":"Dagger Throw","floor":8.0},{"not_picked":["Catalyst+1","Sucker Punch"],"picked":"Dagger Spray","floor":11.0},{"not_picked":["Acrobatics+1","Eviscerate"],"picked":"Dagger Throw","floor":13.0},{"not_picked":["Bouncing Flask+1","Riddle With Holes","Setup+1"],"picked":"SKIP","floor":14.0},{"not_picked":["Night Terror+1","Grand Finale"],"picked":"Bullet Time+1","floor":16.0},{"not_picked":["Dagger Throw","Blur+1"],"picked":"Slice","floor":18.0},{"not_picked":["Underhanded Strike+1","Eviscerate+1"],"picked":"Deflect+1","floor":20.0},{"not_picked":["Slice","Bane+1"],"picked":"Blade Dance+1","floor":21.0},{"not_picked":["Setup+1","Deadly Poison+1","Distraction+1"],"picked":"SKIP","floor":24.0},{"not_picked":["Dagger Throw","Predator"],"picked":"Slice+1","floor":25.0},{"not_picked":["Acrobatics+1","Dodge and Roll+1"],"picked":"Predator+1","floor":27.0},{"not_picked":["Underhanded Strike","Backflip+1"],"picked":"Infinite Blades","floor":29.0},{"not_picked":["Catalyst+1","Heel Hook"],"picked":"Dagger Spray","floor":31.0},{"not_picked":["Phantasmal Killer+1","Wraith Form v2"],"picked":"A Thousand Cuts","floor":33.0},{"not_picked":["Dodge and Roll+1","PiercingWail+1"],"picked":"Finisher+1","floor":35.0},{"not_picked":["Bane+1","Tactician+1"],"picked":"Cloak And Dagger+1","floor":35.0},{"not_picked":["Enlightenment+1","Madness+1"],"picked":"Flash of Steel","floor":36.0},{"not_picked":["Backflip+1","Slice+1"],"picked":"Cloak And Dagger+1","floor":37.0},{"not_picked":["Prepared+1","Predator"],"picked":"Deflect+1","floor":37.0},{"not_picked":["Deflect+1","Finisher"],"picked":"Blade Dance+1","floor":38.0},{"not_picked":["Distraction+1","PiercingWail+1"],"picked":"Cloak And Dagger+1","floor":38.0},{"not_picked":["Bullet Time+1","Caltrops"],"picked":"Dodge and Roll+1","floor":41},{"not_picked":["Footwork+1","PiercingWail+1"],"picked":"Predator+1","floor":47},{"not_picked":["Catalyst+1","Deadly Poison+1"],"picked":"Outmaneuver+1","floor":47},{"not_picked":["Sucker Punch+1","Flying Knee+1"],"picked":"Infinite Blades+1","floor":48},{"not_picked":["Outmaneuver+1","Bane+1"],"picked":"Dagger Spray","floor":48}],"player_experience":833188,"relics_obtained":[{"floor":4.0,"key":"Thread and Needle"},{"floor":6.0,"key":"Blue Candle"},{"floor":9.0,"key":"Kunai"},{"floor":11.0,"key":"Bird Faced Urn"},{"floor":26.0,"key":"Darkstone Periapt"},{"floor":27.0,"key":"FossilizedHelix"},{"floor":34.0,"key":"MawBank"},{"floor":34.0,"key":"Mercury Hourglass"},{"floor":34.0,"key":"Prayer Wheel"},{"floor":41,"key":"WingedGreaves"},{"floor":43,"key":"Vajra"}],"event_choices":[{"cards_removed":["Strike_G"],"damage_healed":0.0,"max_hp_gain":0.0,"max_hp_loss":0.0,"gold_gain":0.0,"event_name":"Golden Wing","player_choice":"Card Removal","floor":2.0,"gold_loss":0.0,"damage_taken":7.0},{"damage_healed":0.0,"max_hp_gain":0.0,"max_hp_loss":0.0,"gold_gain":0.0,"event_name":"Scrap Ooze","player_choice":"Success","floor":5.0,"gold_loss":0.0,"damage_taken":12.0,"relics_obtained":["Toxic Egg 2"]},{"damage_healed":0.0,"max_hp_gain":0.0,"max_hp_loss":0.0,"gold_gain":0.0,"event_name":"Addict","player_choice":"Stole Relic","floor":19.0,"gold_loss":0.0,"damage_taken":0.0,"relics_obtained":["Happy Flower"],"cards_obtained":["Shame"]},{"damage_healed":0.0,"max_hp_gain":5.0,"max_hp_loss":0.0,"gold_gain":0.0,"event_name":"Forgotten Altar","player_choice":"Shed Blood","floor":30.0,"gold_loss":0.0,"damage_taken":18.0},{"damage_healed":0.0,"max_hp_gain":0.0,"max_hp_loss":0.0,"gold_gain":0.0,"event_name":"SensoryStone","player_choice":"Memory 1","floor":36.0,"gold_loss":0.0,"damage_taken":0.0},{"damage_healed":25.0,"max_hp_gain":0.0,"max_hp_loss":0.0,"gold_gain":0.0,"event_name":"Winding Halls","player_choice":"Writhe","floor":39.0,"gold_loss":0.0,"damage_taken":0.0,"cards_obtained":["Writhe"]},{"cards_removed":["Strike_G"],"damage_healed":0,"gold_gain":0,"player_choice":"Removed Attack","damage_taken":0,"max_hp_gain":0,"max_hp_loss":0,"event_name":"Falling","floor":45,"gold_loss":0}],"is_beta":false,"boss_relics":[{"not_picked":["Lizard Tail","Fusion Hammer"],"picked":"WristBlade"},{"not_picked":["Pandora\u0027s Box","Snecko Eye"],"picked":"Calling Bell"}],"items_purged_floors":[40,42],"is_endless":false,"potions_floor_spawned":[1,13,14,16,20,21,24,25,35,47,48],"ascension_level":8}