{"gold_per_floor":[116,116,191,204,129,159,159,192,217,232,232,232,242,242,242,337,337,349,366,366,67,67,96,96,96,119,149,149,182,182,213,213,312,312,326,340,136,146,157,482,482,492,492,523,523,623,385,413,413,413,413,413,6,34,34],"floor_reached":56,"playtime":5575,"items_purged":["Regret","Intimidate"],"score":1635,"play_id":"5f656cc4-671c-4eba-b377-9d66bf801f8b","local_time":"20190528162413","is_ascension_mode":true,"campfire_choices":[{"floor":7.0,"key":"REST"},{"data":"Inflame","floor":12.0,"key":"SMITH"},{"data":"Bash","floor":15.0,"key":"SMITH"},{"floor":24.0,"key":"DIG"},{"floor":30.0,"key":"DIG"},{"floor":32.0,"key":"DIG"},{"data":"Double Tap","floor":41.0,"key":"SMITH"},{"floor":49.0,"key":"RECALL"},{"data":"Limit Break","floor":52.0,"key":"SMITH"}],"neow_cost":"NONE","seed_source_timestamp":0,"circlet_count":0,"master_deck":["Bash+1","Carnage+1","Reaper","Inflame+1","Pummel","Dropkick","Double Tap+1","Power Through","Offering","Spot Weakness","Blood for Blood","Rage+1","Shrug It Off","Uppercut","Exhume","Limit Break+1","Dropkick+1","Warcry+1","Inflame+1","Heavy Blade+1","Offering"],"special_seed":0,"relics":["Burning Blood","Juzu Bracelet","Omamori","Bag of Marbles","Meat on the Bone","Lantern","Pandora\u0027s Box","Shovel","Oddly Smooth Stone","Prayer Wheel","Vajra","PreservedInsect","Dream Catcher","Centennial Puzzle","Art of War","Potion Belt","Black Star","Medical Kit","Old Coin","Matryoshka","Self Forming Clay","Champion Belt","Pen Nib","Bronze Scales","Mango","Ancient Tea Set","Ginger","Bag of Preparation","Toy Ornithopter","Kunai","Thread and Needle"],"potions_floor_usage":[55],"damage_taken":[{"damage":8.0,"enemies":"2 Louse","floor":1.0,"turns":3.0},{"damage":9.0,"enemies":"Jaw Worm","floor":4.0,"turns":2.0},{"damage":55.0,"enemies":"3 Sentries","floor":6.0,"turns":12.0},{"damage":20.0,"enemies":"Gremlin Nob","floor":8.0,"turns":4.0},{"damage":0.0,"enemies":"Small Slimes","floor":10.0,"turns":2.0},{"damage":14.0,"enemies":"3 Louse","floor":13.0,"turns":4.0},{"damage":47.0,"enemies":"Hexaghost","floor":16.0,"turns":8.0},{"damage":18.0,"enemies":"3 Byrds","floor":18.0,"turns":3.0},{"damage":6.0,"enemies":"Chosen","floor":19.0,"turns":2.0},{"damage":17.0,"enemies":"Book of Stabbing","floor":23.0,"turns":4.0},{"damage":24.0,"enemies":"Slavers","floor":27.0,"turns":4.0},{"damage":7.0,"enemies":"Book of Stabbing","floor":29.0,"turns":2.0},{"damage":9.0,"enemies":"Gremlin Leader","floor":31.0,"turns":2.0},{"damage":57.0,"enemies":"Champ","floor":33.0,"turns":7.0},{"damage":6.0,"enemies":"Orb Walker","floor":35.0,"turns":1.0},{"damage":28.0,"enemies":"3 Darklings","floor":36.0,"turns":7.0},{"damage":22.0,"enemies":"Writhing Mass","floor":38.0,"turns":2.0},{"damage":48.0,"enemies":"4 Shapes","floor":39.0,"turns":3.0},{"damage":6.0,"enemies":"Reptomancer","floor":40.0,"turns":2.0},{"damage":6.0,"enemies":"Spire Growth","floor":42.0,"turns":2.0},{"damage":12.0,"enemies":"Giant Head","floor":44.0,"turns":3.0},{"damage":6.0,"enemies":"Mind Bloom Boss Battle","floor":46.0,"turns":3.0},{"damage":30.0,"enemies":"Nemesis","floor":48.0,"turns":3.0},{"damage":42.0,"enemies":"Donu and Deca","floor":50.0,"turns":3.0},{"damage":6,"enemies":"Shield and Spear","floor":54,"turns":2},{"damage":48,"enemies":"The Heart","floor":55,"turns":5}],"seed_played":"7636964630684829089","potions_obtained":[{"floor":6.0,"key":"Poison Potion"},{"floor":13.0,"key":"Dexterity Potion"},{"floor":16.0,"key":"GamblersBrew"},{"floor":19.0,"key":"GamblersBrew"},{"floor":23.0,"key":"Regen Potion"},{"floor":29.0,"key":"Block Potion"},{"floor":36.0,"key":"BloodPotion"},{"floor":42.0,"key":"SneckoOil"},{"floor":44.0,"key":"FearPotion"}],"is_trial":false,"path_per_floor":["M","?","?","M","$","E","R","E","T","M","?","R","M","?","R","B",null,"M","M","?","$","?","E","R","$","T","E","T","E","R","E","R","B",null,"M","M","$","M","M","E","R","M","T","E","?","?","$","E","R","B",null,"R","$","E","B",null],"character_chosen":"IRONCLAD","items_purchased":["Shovel","Medical Kit","Offering","Bag of Preparation","Toy Ornithopter","Block Potion"],"campfire_rested":1,"item_purchase_floors":[21,37,47,53,53,53],"current_hp_per_floor":[78,78,67,64,64,15,39,25,25,55,55,55,51,51,51,32,80,77,77,77,77,77,66,66,66,66,79,79,78,78,75,75,36,80,80,80,80,64,71,80,80,80,80,80,80,94,94,70,70,55,94,94,94,94,57],"gold":34,"neow_bonus":"RANDOM_COMMON_RELIC","is_prod":false,"is_daily":false,"chose_seed":false,"campfire_upgraded":4,"win_rate":0,"timestamp":1559053453,"path_taken":["M","?","?","M","$","E","R","E","T","M","?","R","M","?","R","BOSS","M","M","?","$","?","E","R","$","T","E","?","E","R","E","R","BOSS","M","M","$","M","M","E","R","M","T","E","?","?","$","E","R","BOSS","R","$","E","BOSS"],"build_version":"2019-01-23","purchased_purges":2,"victory":true,"max_hp_per_floor":[80,80,80,80,80,80,80,80,80,80,80,80,80,80,80,80,80,80,80,80,80,80,80,80,80,80,80,80,80,80,80,80,80,80,80,80,80,80,80,80,80,80,80,80,80,94,94,94,94,94,94,94,94,94,94],"card_choices":[{"not_picked":["True Grit","Iron Wave"],"picked":"Intimidate","floor":1.0},{"not_picked":["True Grit","Fire Breathing","Sentinel"],"picked":"SKIP","floor":4.0},{"not_picked":["Sword Boomerang","Cleave"],"picked":"Carnage","floor":6.0},{"not_picked":["Rupture","Warcry"],"picked":"Reaper","floor":8.0},{"not_picked":["Combust","Wild Strike"],"picked":"Inflame","floor":10.0},{"not_picked":["Armaments","Heavy Blade","Flex"],"picked":"SKIP","floor":13.0},{"not_picked":["Ghostly Armor","Clash+1","Twin Strike"],"picked":"SKIP","floor":18.0},{"not_picked":["Armaments","Iron Wave"],"picked":"Rage+1","floor":19.0},{"not_picked":["Power Through","Havoc+1"],"picked":"Exhume","floor":23.0},{"not_picked":["Uppercut","Ghostly Armor","Cleave"],"picked":"SKIP","floor":27.0},{"not_picked":["Rupture","Dark Embrace","Twin Strike+1"],"picked":"SKIP","floor":29.0},{"not_picked":["Corruption","Rupture","Blood for Blood"],"picked":"SKIP","floor":31.0},{"not_picked":["Corruption","Rupture","Blood for Blood"],"picked":"SKIP","floor":31.0},{"not_picked":["Double Tap","Exhume"],"picked":"Limit Break","floor":33.0},{"not_picked":["Havoc","Clash+1"],"picked":"Dropkick+1","floor":35.0},{"not_picked":["Anger","Armaments","Heavy Blade"],"picked":"SKIP","floor":35.0},{"not_picked":["Flex","Havoc"],"picked":"Warcry+1","floor":36.0},{"not_picked":["True Grit","Clothesline","Combust"],"picked":"SKIP","floor":36.0},{"not_picked":["Clash+1","True Grit+1"],"picked":"Inflame+1","floor":38.0},{"not_picked":["Cleave","Headbutt+1","Sentinel+1"],"picked":"SKIP","floor":38.0},{"not_picked":["Spot Weakness+1","Anger+1","Corruption+1"],"picked":"SKIP","floor":39.0},{"not_picked":["Dark Embrace","Clash","Battle Trance+1"],"picked":"SKIP","floor":39.0},{"not_picked":["Twin Strike","Clash+1","Anger+1"],"picked":"SKIP","floor":40.0},{"not_picked":["Thunderclap+1","Headbutt","Evolve+1"],"picked":"SKIP","floor":42.0},{"not_picked":["Hemokinesis","Thunderclap","Bloodletting"],"picked":"SKIP","floor":42.0},{"not_picked":["Heavy Blade","Body Slam","Headbutt"],"picked":"SKIP","floor":44.0},{"not_picked":["Second Wind+1","Power Through+1"],"picked":"Heavy Blade+1","floor":46.0},{"not_picked":["Rage+1","Flex+1","Perfected Strike"],"picked":"SKIP","floor":48.0},{"not_picked":["Flex+1","Berserk","Shockwave"],"picked":"SKIP","floor":54}],"player_experience":338087,"relics_obtained":[{"floor":6.0,"key":"Bag of Marbles"},{"floor":8.0,"key":"Meat on the Bone"},{"floor":9.0,"key":"Lantern"},{"floor":23.0,"key":"Oddly Smooth Stone"},{"floor":24.0,"key":"Prayer Wheel"},{"floor":26.0,"key":"Vajra"},{"floor":27.0,"key":"PreservedInsect"},{"floor":29.0,"key":"Dream Catcher"},{"floor":30.0,"key":"Centennial Puzzle"},{"floor":31.0,"key":"Art of War"},{"floor":32.0,"key":"Potion Belt"},{"floor":40.0,"key":"Old Coin"},{"floor":40.0,"key":"Matryoshka"},{"floor":43.0,"key":"Self Forming Clay"},{"floor":43.0,"key":"Champion Belt"},{"floor":44.0,"key":"Pen Nib"},{"floor":44.0,"key":"Bronze Scales"},{"floor":46.0,"key":"Mango"},{"floor":48.0,"key":"Ancient Tea Set"},{"floor":48.0,"key":"Ginger"},{"floor":54,"key":"Kunai"},{"floor":54,"key":"Thread and Needle"}],"event_choices":[{"damage_healed":0.0,"max_hp_gain":0.0,"max_hp_loss":0.0,"gold_gain":0.0,"event_name":"Big Fish","player_choice":"Box","floor":2.0,"gold_loss":0.0,"damage_taken":0.0,"relics_obtained":["Omamori"],"cards_obtained":["Regret"]},{"damage_healed":0.0,"max_hp_gain":0.0,"max_hp_loss":0.0,"gold_gain":75.0,"event_name":"World of Goop","player_choice":"Gather Gold","floor":3.0,"gold_loss":0.0,"damage_taken":11.0},{"damage_healed":0.0,"max_hp_gain":0.0,"max_hp_loss":0.0,"gold_gain":0.0,"event_name":"Upgrade Shrine","player_choice":"Upgraded","floor":11.0,"gold_loss":0.0,"damage_taken":0.0,"cards_upgraded":["Carnage"]},{"damage_healed":0.0,"max_hp_gain":0.0,"max_hp_loss":0.0,"gold_gain":0.0,"event_name":"Liars Game","player_choice":"Ignored","floor":14.0,"gold_loss":0.0,"damage_taken":0.0},{"damage_healed":0.0,"max_hp_gain":0.0,"max_hp_loss":0.0,"gold_gain":0.0,"cards_transformed":["Searing Blow","Searing Blow"],"event_name":"Drug Dealer","player_choice":"Became Test Subject","floor":20.0,"gold_loss":0.0,"damage_taken":0.0,"cards_obtained":["Shrug It Off","Uppercut"]},{"damage_healed":0.0,"max_hp_gain":0.0,"max_hp_loss":0.0,"gold_gain":0.0,"event_name":"Cursed Tome","player_choice":"Ignored","floor":22.0,"gold_loss":0.0,"damage_taken":0.0},{"damage_healed":0.0,"max_hp_gain":0.0,"max_hp_loss":0.0,"gold_gain":0.0,"event_name":"Tomb of Lord Red Mask","player_choice":"Ignored","floor":45.0,"gold_loss":0.0,"damage_taken":0.0},{"damage_healed":0.0,"max_hp_gain":0.0,"max_hp_loss":0.0,"gold_gain":0.0,"event_name":"MindBloom","player_choice":"Fight","floor":46.0,"gold_loss":0.0,"damage_taken":0.0}],"is_beta":false,"boss_relics":[{"not_picked":["Black Blood","Astrolabe"],"picked":"Pandora\u0027s Box"},{"not_picked":["Mark of Pain","Lizard Tail"],"picked":"Black Star"}],"items_purged_floors":[5,47],"is_endless":false,"potions_floor_spawned":[6,13,16,19,23,29,31,36,42,44],"ascension_level":4}