{"gold_per_floor":[111,123,137,62,62,91,91,91,115,80,99,26,78,111,111,111],"floor_reached":16,"playtime":624,"items_purged":["Doubt"],"score":198,"play_id":"c0924214-811b-41d6-829a-9967f1db1ffd","local_time":"20180927220339","is_ascension_mode":true,"campfire_choices":[{"data":"Iron Wave","floor":7.0,"key":"SMITH"},{"floor":15.0,"key":"REST"}],"neow_cost":"CURSE","seed_source_timestamp":0,"circlet_count":0,"master_deck":["Strike_R+1","Strike_R","Strike_R+1","Strike_R","Strike_R+1","Defend_R","Defend_R","Defend_R","Defend_R","Bash","AscendersBane","Uppercut","Shrug It Off+1","Headbutt","Iron Wave+1","Shrug It Off","Spot Weakness"],"special_seed":0,"relics":["Burning Blood","Whetstone","Bag of Marbles","Art of War"],"potions_floor_usage":[],"damage_taken":[{"damage":6.0,"enemies":"Cultist","floor":1.0,"turns":4.0},{"damage":10.0,"enemies":"2 Louse","floor":2.0,"turns":3.0},{"damage":11.0,"enemies":"Jaw Worm","floor":3.0,"turns":6.0},{"damage":25.0,"enemies":"Gremlin Nob","floor":6.0,"turns":5.0},{"damage":10.0,"enemies":"2 Fungi Beasts","floor":11.0,"turns":3.0},{"damage":29.0,"enemies":"Lagavulin","floor":14.0,"turns":5.0},{"damage":0,"enemies":"The Guardian","floor":16,"turns":1}],"seed_played":"-990671662596839109","potions_obtained":[{"floor":6.0,"key":"SmokeBomb"},{"floor":11.0,"key":"Weak Potion"}],"is_trial":false,"path_per_floor":["M","M","M","$","?","E","R","?","T","?","M","$","?","E","R"],"character_chosen":"IRONCLAD","items_purchased":["Spot Weakness"],"campfire_rested":1,"item_purchase_floors":[12],"current_hp_per_floor":[88,84,79,79,79,60,60,41,41,65,61,61,61,38,66,66],"gold":111,"neow_bonus":"TWENTY_PERCENT_HP_BONUS","is_prod":false,"is_daily":false,"chose_seed":false,"campfire_upgraded":1,"win_rate":0,"timestamp":1538103819,"path_taken":["M","?","M","$","?","E","R","?","T","?","?","?","?","E","R","BOSS"],"build_version":"2018-09-27","purchased_purges":1,"victory":false,"max_hp_per_floor":[96,96,96,96,96,96,96,96,96,96,96,96,96,96,96,96],"card_choices":[{"not_picked":["Thunderclap","Wild Strike"],"picked":"Uppercut","floor":1.0},{"not_picked":["Sword Boomerang","Intimidate"],"picked":"Shrug It Off","floor":2.0},{"not_picked":["Exhume","Metallicize"],"picked":"Headbutt","floor":3.0},{"not_picked":["True Grit","Corruption"],"picked":"Iron Wave","floor":6.0},{"not_picked":["Disarm","Iron Wave"],"picked":"Shrug It Off","floor":11.0},{"not_picked":["Combust","Seeing Red","Intimidate"],"picked":"SKIP","floor":14.0}],"player_experience":648573,"relics_obtained":[{"floor":6.0,"key":"Whetstone"},{"floor":9.0,"key":"Bag of Marbles"},{"floor":14.0,"key":"Art of War"}],"event_choices":[{"event_name":"Liars Game","player_choice":"disagreed","floor":5.0,"damage_taken":0.0},{"event_name":"Shining Light","player_choice":"Entered Light","floor":8.0,"damage_taken":0.0},{"event_name":"The Cleric","player_choice":"Healed","floor":10.0,"damage_taken":0.0},{"event_name":"Golden Wing","player_choice":"Gained Gold","floor":13.0,"damage_taken":0.0}],"is_beta":false,"boss_relics":[],"items_purged_floors":[4],"is_endless":false,"potions_floor_spawned":[6,11,14],"killed_by":"The Guardian","ascension_level":12}