{"gold_per_floor":[112,123,36,1,21,21,38,55,82,111,111,142,217,249,249,346,346,364,215,215,225,69,69,69,82,82,94,120,120],"floor_reached":29,"playtime":1945,"items_purged":[],"score":407,"play_id":"d794db37-856f-492c-b99a-b863030c4261","local_time":"20181104225318","is_ascension_mode":true,"campfire_choices":[{"data":"Zap","floor":6,"key":"SMITH"},{"floor":15,"key":"REST"},{"data":"Defragment","floor":23,"key":"SMITH"}],"neow_cost":"NONE","seed_source_timestamp":361494947031364,"circlet_count":0,"master_deck":["Strike_B","Strike_B","Strike_B","Strike_B","Defend_B","Defend_B","Defend_B","Defend_B","Zap+1","Dualcast","Go for the Eyes","Compile Driver","Ball Lightning","Static Discharge","Leap","Leap","Defragment","Glacier","Seek","Seek","Static Discharge","Loop","Defragment+1","Deep Breath","Stack+1","Lockon+1"],"relics":["Cracked Core","Regal Pillow","Anchor","Centennial Puzzle","Potion Belt","Torii","Busted Crown","PreservedInsect","Frozen Egg 2","Omamori"],"potions_floor_usage":[16,16,18,21],"damage_taken":[{"damage":6,"enemies":"2 Louse","floor":1,"turns":2},{"damage":0,"enemies":"Jaw Worm","floor":2,"turns":3},{"damage":0,"enemies":"Small Slimes","floor":5,"turns":2},{"damage":3,"enemies":"Exordium Wildlife","floor":7,"turns":3},{"damage":0,"enemies":"2 Fungi Beasts","floor":8,"turns":3},{"damage":7,"enemies":"Lagavulin","floor":10,"turns":7},{"damage":18,"enemies":"3 Sentries","floor":12,"turns":6},{"damage":3,"enemies":"Gremlin Nob","floor":14,"turns":3},{"damage":0,"enemies":"Slime Boss","floor":16,"turns":6},{"damage":0,"enemies":"Spheric Guardian","floor":18,"turns":4},{"damage":3,"enemies":"3 Byrds","floor":21,"turns":4},{"damage":14,"enemies":"Snake Plant","floor":25,"turns":3},{"damage":7,"enemies":"Shelled Parasite and Fungi","floor":27,"turns":7},{"damage":24,"enemies":"Slavers","floor":28,"turns":5},{"damage":0,"enemies":"Colosseum Slavers","floor":29,"turns":2}],"seed_played":"-2928314861443647181","potions_obtained":[{"floor":1,"key":"SteroidPotion"},{"floor":5,"key":"SpeedPotion"},{"floor":10,"key":"SpeedPotion"},{"floor":12,"key":"Fire Potion"},{"floor":16,"key":"PowerPotion"},{"floor":21,"key":"EssenceOfSteel"},{"floor":28,"key":"FearPotion"}],"is_trial":false,"path_per_floor":["M","M","$","?","M","R","M","M","T","E","$","E","?","E","R","B",null,"M","$","?","M","$","R","?","M","T","M","E","?"],"character_chosen":"DEFECT","items_purchased":["Ball Lightning","Static Discharge","PreservedInsect","Defragment","Deep Breath"],"campfire_rested":1,"item_purchase_floors":[3,3,19,22,22],"current_hp_per_floor":[62,62,62,75,75,75,72,72,72,65,65,47,36,33,70,70,74,74,74,74,71,71,71,71,57,57,50,26,26],"gold":120,"neow_bonus":"RANDOM_COMMON_RELIC","is_prod":false,"is_daily":false,"chose_seed":false,"campfire_upgraded":2,"win_rate":0,"timestamp":1541393598,"path_taken":["M","M","$","?","M","R","M","M","T","E","$","E","?","E","R","BOSS","M","$","?","M","$","R","?","M","T","M","E","?"],"build_version":"2018-11-01","purchased_purges":0,"victory":false,"max_hp_per_floor":[75,75,75,75,75,75,75,75,75,75,75,75,75,75,75,75,75,75,75,75,75,75,75,75,75,75,75,75,75],"card_choices":[{"not_picked":["Reinforced Body","Double Energy"],"picked":"Go for the Eyes","floor":1},{"not_picked":["Go for the Eyes","Coolheaded"],"picked":"Compile Driver","floor":2},{"not_picked":["Sweeping Beam","Scrape"],"picked":"Leap","floor":5},{"not_picked":["Reinforced Body","Blizzard"],"picked":"Leap","floor":7},{"not_picked":["All For One","Gash"],"picked":"Defragment","floor":8},{"not_picked":["Steam","Reprogram","Hologram"],"picked":"SKIP","floor":10},{"not_picked":["Compile Driver","Beam Cell"],"picked":"Glacier","floor":12},{"not_picked":["Rebound","Streamline"],"picked":"Seek","floor":14},{"not_picked":["Biased Cognition","Core Surge"],"picked":"Seek","floor":16},{"not_picked":[],"picked":"Static Discharge","floor":18},{"not_picked":["Beam Cell"],"picked":"SKIP","floor":21},{"not_picked":["Coolheaded"],"picked":"SKIP","floor":25},{"not_picked":[],"picked":"Stack+1","floor":27},{"not_picked":[],"picked":"Lockon+1","floor":28}],"player_experience":930648,"relics_obtained":[{"floor":9,"key":"Anchor"},{"floor":10,"key":"Centennial Puzzle"},{"floor":12,"key":"Potion Belt"},{"floor":14,"key":"Torii"},{"floor":26,"key":"Frozen Egg 2"},{"floor":28,"key":"Omamori"}],"event_choices":[{"damage_healed":18,"gold_gain":0,"player_choice":"Healed","damage_taken":0,"max_hp_gain":0,"max_hp_loss":0,"event_name":"The Cleric","floor":4,"gold_loss":35},{"damage_healed":0,"gold_gain":75,"player_choice":"Gather Gold","damage_taken":11,"max_hp_gain":0,"max_hp_loss":0,"event_name":"World of Goop","floor":13,"gold_loss":0},{"damage_healed":0,"gold_gain":0,"player_choice":"Read","damage_taken":0,"max_hp_gain":0,"max_hp_loss":0,"event_name":"The Library","floor":20,"gold_loss":0,"cards_obtained":["Loop"]},{"damage_healed":0,"gold_gain":0,"player_choice":"Fight","damage_taken":0,"max_hp_gain":0,"max_hp_loss":0,"event_name":"Colosseum","floor":29,"gold_loss":0}],"is_beta":false,"boss_relics":[{"not_picked":["Nuclear Battery","Lizard Tail"],"picked":"Busted Crown"}],"items_purged_floors":[],"is_endless":false,"potions_floor_spawned":[1,5,10,12,16,21,28],"killed_by":"Colosseum Slavers","ascension_level":6}