{"gold_per_floor":[117,135,135,150,225,225,250,276,345,373,384,150,150,185,185,287,287,301,301,301,105,30,58,58,58,85,97,22,33,53,72,72,172,172,192,53,53,71,22,54,54],"floor_reached":41,"playtime":3374,"items_purged":["Shame","Strike_R"],"score":813,"play_id":"a216d927-2ed9-40d2-9b7d-65e04310db7e","local_time":"20180920220619","is_ascension_mode":true,"campfire_choices":[{"data":"Thunderclap","floor":6.0,"key":"SMITH"},{"floor":13.0,"key":"REST"},{"floor":15.0,"key":"REST"},{"floor":24.0,"key":"REST"},{"data":"Juggernaut","floor":32.0,"key":"SMITH"}],"neow_cost":"NONE","seed_source_timestamp":0,"circlet_count":0,"master_deck":["Defend_R","Defend_R","Defend_R","Defend_R","Bash+1","AscendersBane","Pommel Strike+1","Thunderclap+1","Anger","Feed+1","Cleave+1","Whirlwind+1","Spot Weakness","Juggernaut+1","Disarm+1","Limit Break+1","Seeing Red+1","Twin Strike+1","Pommel Strike+1","Battle Trance","Headbutt+1","Flex+1","Heavy Blade+1","Flex","Whirlwind+1","Armaments+1","Heavy Blade+1","Ghostly Armor+1"],"special_seed":0,"relics":["Burning Blood","WingedGreaves","Regal Pillow","Mummified Hand","Molten Egg 2","Strawberry","Bottled Lightning","Astrolabe","MutagenicStrength","Sling","Magic Flower","Bag of Preparation","Orichalcum","Black Star","Question Card","Mercury Hourglass"],"potions_floor_usage":[33,38,40,40],"damage_taken":[{"damage":6.0,"enemies":"2 Louse","floor":1.0,"turns":4.0},{"damage":1.0,"enemies":"Cultist","floor":2.0,"turns":3.0},{"damage":9.0,"enemies":"Jaw Worm","floor":4.0,"turns":3.0},{"damage":20.0,"enemies":"3 Sentries","floor":7.0,"turns":6.0},{"damage":16.0,"enemies":"Gremlin Nob","floor":8.0,"turns":3.0},{"damage":17.0,"enemies":"Lagavulin","floor":10.0,"turns":6.0},{"damage":19.0,"enemies":"Exordium Thugs","floor":11.0,"turns":4.0},{"damage":32.0,"enemies":"Gremlin Nob","floor":14.0,"turns":4.0},{"damage":73.0,"enemies":"The Guardian","floor":16.0,"turns":10.0},{"damage":11.0,"enemies":"3 Byrds","floor":18.0,"turns":4.0},{"damage":38.0,"enemies":"Book of Stabbing","floor":23.0,"turns":5.0},{"damage":10.0,"enemies":"Shell Parasite","floor":27.0,"turns":3.0},{"damage":24.0,"enemies":"Sentry and Sphere","floor":29.0,"turns":4.0},{"damage":8.0,"enemies":"Centurion and Healer","floor":30.0,"turns":2.0},{"damage":0.0,"enemies":"3 Cultists","floor":31.0,"turns":1.0},{"damage":46,"enemies":"Champ","floor":33,"turns":8},{"damage":12,"enemies":"Orb Walker","floor":35,"turns":3},{"damage":7,"enemies":"3 Shapes","floor":38,"turns":3},{"damage":97,"enemies":"Nemesis","floor":40,"turns":7},{"damage":4,"enemies":"Sphere and 2 Shapes","floor":41,"turns":3}],"seed_played":"7116676382728292265","potions_obtained":[{"floor":2.0,"key":"SkillPotion"},{"floor":8.0,"key":"SkillPotion"},{"floor":11.0,"key":"BloodPotion"},{"floor":14.0,"key":"LiquidBronze"},{"floor":18.0,"key":"GamblersBrew"},{"floor":29.0,"key":"SpeedPotion"},{"floor":30.0,"key":"BloodPotion"},{"floor":33,"key":"SpeedPotion"},{"floor":38,"key":"AttackPotion"}],"is_trial":false,"path_per_floor":["M","M","?","M","?","R","E","E","T","E","M","$","R","E","R","B",null,"M","?","?","$","?","E","R","?","T","M","$","M","M","M","R","B",null,"M","$","?","M","$","E"],"character_chosen":"IRONCLAD","items_purchased":["Strawberry","Whirlwind+1","Sling","Whirlwind+1","Heavy Blade+1"],"campfire_rested":3,"item_purchase_floors":[12,12,21,36,39],"current_hp_per_floor":[72,77,77,74,63,63,49,39,39,28,19,26,68,55,95,32,82,81,60,60,60,60,28,75,75,75,74,74,59,66,75,75,55,98,95,95,95,103,103,15,11],"gold":54,"neow_bonus":"UPGRADE_CARD","is_prod":false,"is_daily":false,"chose_seed":false,"campfire_upgraded":2,"win_rate":0,"timestamp":1537499179,"path_taken":["M","M","?","?","?","R","E","E","T","E","?","$","R","E","R","BOSS","M","?","?","$","?","E","R","?","T","M","$","M","M","M","R","BOSS","M","?","?","M","?","E","M"],"build_version":"2018-09-20","purchased_purges":2,"victory":false,"max_hp_per_floor":[80,80,80,80,80,80,80,80,80,80,84,91,91,95,95,99,99,103,108,108,108,108,108,108,108,108,108,108,108,112,112,112,112,112,112,112,112,116,116,116,116],"card_choices":[{"not_picked":["Corruption","Sword Boomerang"],"picked":"Pommel Strike","floor":1.0},{"not_picked":["Clash","Havoc"],"picked":"Thunderclap","floor":2.0},{"not_picked":["Dual Wield","Sentinel"],"picked":"Anger","floor":4.0},{"not_picked":["Warcry","Clash","Armaments"],"picked":"SKIP","floor":7.0},{"not_picked":["Wild Strike","Clothesline","Dual Wield"],"picked":"SKIP","floor":8.0},{"not_picked":["Shockwave","Twin Strike"],"picked":"Feed","floor":10.0},{"not_picked":["Rupture","Armaments"],"picked":"Cleave+1","floor":11.0},{"not_picked":["Cleave+1","Corruption"],"picked":"Spot Weakness","floor":14.0},{"not_picked":["Double Tap","Limit Break"],"picked":"Juggernaut","floor":16.0},{"not_picked":["True Grit","Sword Boomerang+1"],"picked":"Twin Strike+1","floor":18.0},{"not_picked":["Heavy Blade+1","Reaper+1"],"picked":"Pommel Strike+1","floor":23.0},{"not_picked":["Cleave+1","Sever Soul+1"],"picked":"Battle Trance","floor":27.0},{"not_picked":["Warcry+1","Carnage+1"],"picked":"Headbutt+1","floor":29.0},{"not_picked":["Shrug It Off+1","Power Through"],"picked":"Flex+1","floor":30.0},{"not_picked":["Armaments","Sword Boomerang+1"],"picked":"Heavy Blade+1","floor":31.0},{"not_picked":["Barricade","Bludgeon+1"],"picked":"Demon Form","floor":33},{"not_picked":["Second Wind+1","Perfected Strike+1"],"picked":"Flex","floor":35},{"not_picked":["Wild Strike+1","Pommel Strike+1"],"picked":"Armaments+1","floor":38},{"not_picked":["Disarm+1","Headbutt+1"],"picked":"Ghostly Armor+1","floor":40}],"player_experience":631298,"relics_obtained":[{"floor":7.0,"key":"WingedGreaves"},{"floor":8.0,"key":"Regal Pillow"},{"floor":9.0,"key":"Mummified Hand"},{"floor":10.0,"key":"Molten Egg 2"},{"floor":14.0,"key":"Bottled Lightning"},{"floor":23.0,"key":"Magic Flower"},{"floor":26.0,"key":"Orichalcum"},{"floor":40,"key":"Question Card"},{"floor":40,"key":"Mercury Hourglass"}],"event_choices":[{"event_name":"Accursed Blacksmith","player_choice":"Forge","floor":3.0,"damage_taken":0.0},{"event_name":"World of Goop","player_choice":"Gather Gold","floor":5.0,"damage_taken":0.0},{"event_name":"Forgotten Altar","player_choice":"Shed Blood","floor":19.0,"damage_taken":0.0},{"event_name":"Drug Dealer","player_choice":"Inject Mutagens","floor":20.0,"damage_taken":0.0},{"event_name":"Beggar","player_choice":"Gave Gold","floor":22.0,"damage_taken":0.0},{"event_name":"Addict","player_choice":"Stole Relic","floor":25.0,"damage_taken":0.0},{"event_name":"Falling","player_choice":"Removed Power","floor":37,"damage_taken":0}],"is_beta":false,"boss_relics":[{"not_picked":["Runic Dome","Ectoplasm"],"picked":"Astrolabe"},{"not_picked":["Runic Pyramid","Philosopher\u0027s Stone"],"picked":"Black Star"}],"items_purged_floors":[28,36],"is_endless":false,"potions_floor_spawned":[2,8,11,14,18,29,30,33,35,38],"killed_by":"Sphere and 2 Shapes","ascension_level":11}