{"gold_per_floor":[118,73,85,85,65,97,97,97,97,97,115,40,5,22,22,123,123,141,156,156,156,156,156,182,182],"floor_reached":25,"playtime":1221,"items_purged":["Parasite"],"score":347,"play_id":"3d093513-7323-40c2-847b-23d95a745d3d","local_time":"20180928084746","is_ascension_mode":true,"campfire_choices":[{"data":"Searing Blow+1","floor":8.0,"key":"SMITH"},{"data":"Searing Blow+2","floor":10.0,"key":"SMITH"},{"data":"Searing Blow+3","floor":15.0,"key":"SMITH"},{"floor":23.0,"key":"REST"}],"neow_cost":"NONE","seed_source_timestamp":0,"circlet_count":0,"master_deck":["Strike_R","Strike_R","Strike_R","Strike_R","Strike_R","Defend_R","Defend_R","Defend_R","Defend_R","Bash","AscendersBane","Searing Blow+4","Thunderclap","Thunderclap","Body Slam","Impervious","Pommel Strike","Cleave","Writhe","Armaments"],"special_seed":0,"relics":["Burning Blood","Paper Frog","Potion Belt","Mark of Pain","Ornamental Fan","Boot","Nunchaku"],"potions_floor_usage":[25],"damage_taken":[{"damage":1.0,"enemies":"Cultist","floor":1.0,"turns":3.0},{"damage":14.0,"enemies":"Jaw Worm","floor":3.0,"turns":3.0},{"damage":65.0,"enemies":"3 Sentries","floor":6.0,"turns":9.0},{"damage":8.0,"enemies":"2 Louse","floor":11.0,"turns":2.0},{"damage":0.0,"enemies":"Looter","floor":14.0,"turns":1.0},{"damage":42.0,"enemies":"Hexaghost","floor":16.0,"turns":7.0},{"damage":19.0,"enemies":"Chosen","floor":18.0,"turns":5.0},{"damage":30.0,"enemies":"Spheric Guardian","floor":19.0,"turns":5.0},{"damage":35.0,"enemies":"Slavers","floor":24.0,"turns":7.0},{"damage":17,"enemies":"Centurion and Healer","floor":25,"turns":3}],"seed_played":"-6245367201540370090","potions_obtained":[{"floor":1.0,"key":"Ancient Potion"},{"floor":5.0,"key":"EssenceOfSteel"},{"floor":11.0,"key":"Explosive Potion"},{"floor":19.0,"key":"Fire Potion"},{"floor":24.0,"key":"Poison Potion"}],"is_trial":false,"path_per_floor":["M","$","M","?","?","E","?","R","T","R","M","$","?","M","R","B",null,"M","M","T","?","?","R","E"],"character_chosen":"IRONCLAD","items_purchased":["Thunderclap"],"campfire_rested":1,"item_purchase_floors":[2],"current_hp_per_floor":[85,85,77,77,77,18,40,40,40,40,38,38,59,65,65,29,71,58,34,34,34,34,59,30,13],"gold":182,"neow_bonus":"TEN_PERCENT_HP_BONUS","is_prod":false,"is_daily":false,"chose_seed":false,"campfire_upgraded":3,"win_rate":0,"timestamp":1538142466,"path_taken":["M","$","?","?","?","E","?","R","T","R","?","$","?","M","R","BOSS","M","M","?","?","?","R","E","?"],"build_version":"2018-09-27","purchased_purges":1,"victory":false,"max_hp_per_floor":[88,88,88,88,88,88,88,88,88,88,88,85,85,85,85,85,85,85,85,85,85,85,85,85,85],"card_choices":[{"not_picked":["True Grit","Armaments"],"picked":"Searing Blow","floor":1.0},{"not_picked":["Cleave","Warcry"],"picked":"Thunderclap","floor":3.0},{"not_picked":["Searing Blow","Wild Strike","Reckless Charge"],"picked":"SKIP","floor":6.0},{"not_picked":["Carnage","Armaments","Combust"],"picked":"SKIP","floor":11.0},{"not_picked":["Intimidate","Hemokinesis"],"picked":"Body Slam","floor":14.0},{"not_picked":["Immolate","Brutality"],"picked":"Impervious","floor":16.0},{"not_picked":["Whirlwind","Bloodletting"],"picked":"Pommel Strike","floor":18.0},{"not_picked":["Heavy Blade","Twin Strike"],"picked":"Cleave","floor":19.0},{"not_picked":["Blood for Blood","Warcry"],"picked":"Armaments","floor":24.0}],"player_experience":651182,"relics_obtained":[{"floor":6.0,"key":"Paper Frog"},{"floor":9.0,"key":"Potion Belt"},{"floor":20.0,"key":"Ornamental Fan"},{"floor":24.0,"key":"Nunchaku"}],"event_choices":[{"event_name":"Living Wall","player_choice":"Grow","floor":4.0,"damage_taken":0.0},{"event_name":"The Woman in Blue","player_choice":"Bought 1 Potion","floor":5.0,"damage_taken":0.0},{"event_name":"Mushrooms","player_choice":"Healed and dodged fight","floor":7.0,"damage_taken":0.0},{"event_name":"The Cleric","player_choice":"Healed","floor":13.0,"damage_taken":0.0},{"event_name":"Cursed Tome","player_choice":"Ignored","floor":21.0,"damage_taken":0.0},{"event_name":"The Mausoleum","player_choice":"Yes","floor":22.0,"damage_taken":0.0}],"is_beta":false,"boss_relics":[{"not_picked":["Ectoplasm","Runic Pyramid"],"picked":"Mark of Pain"}],"items_purged_floors":[12],"is_endless":false,"potions_floor_spawned":[1,6,11,19,24],"killed_by":"Centurion and Healer","ascension_level":12}