{"gold_per_floor":[112,112,32,45,45,45,61,61,61,61,95,95,111,111],"floor_reached":14,"playtime":1023,"items_purged":[],"score":88,"play_id":"ef41e642-a9c5-48f3-baf9-787face044f8","local_time":"20180625110641","is_ascension_mode":false,"campfire_choices":[{"data":"Seeing Red","floor":6,"key":"SMITH"},{"data":"Body Slam","floor":8,"key":"SMITH"}],"neow_cost":"NONE","seed_source_timestamp":2847277185655303,"circlet_count":0,"master_deck":["Strike_R","Strike_R","Strike_R","Defend_R","Defend_R","Defend_R","Defend_R","Bash","Body Slam+1","Seeing Red","Seeing Red+1","Dark Embrace","Pommel Strike","Cleave","Whirlwind"],"relics":["Lizard Tail","Question Card","Oddly Smooth Stone","Bottled Lightning"],"potions_floor_usage":[],"damage_taken":[{"damage":2,"enemies":"2 Louse","floor":1,"turns":4},{"damage":6,"enemies":"Cultist","floor":4,"turns":5},{"damage":0,"enemies":"Small Slimes","floor":7,"turns":6},{"damage":66,"enemies":"Gremlin Nob","floor":11,"turns":5},{"damage":7,"enemies":"Red Slaver","floor":13,"turns":4},{"damage":46,"enemies":"Lagavulin","floor":14,"turns":6}],"seed_played":"-3103858976696041232","potions_obtained":[{"floor":7,"key":"Swift Potion"},{"floor":11,"key":"SpeedPotion"}],"is_trial":false,"path_per_floor":["M","?","$","M","?","R","M","R","T","?","E","T","M"],"character_chosen":"IRONCLAD","items_purchased":["Seeing Red"],"campfire_rested":0,"item_purchase_floors":[3],"current_hp_per_floor":[78,78,78,72,72,72,72,72,72,72,6,6,40,0],"gold":111,"neow_bonus":"BOSS_RELIC","is_prod":false,"is_daily":false,"chose_seed":false,"campfire_upgraded":2,"win_rate":0.0,"timestamp":1529942801,"path_taken":["M","?","$","M","?","R","M","R","T","?","E","?","?","E"],"build_version":"2018-06-21v2","purchased_purges":0,"victory":false,"max_hp_per_floor":[80,80,80,80,80,80,80,80,80,80,80,80,80,80],"card_choices":[{"not_picked":["Headbutt","True Grit"],"picked":"Body Slam","floor":1},{"not_picked":["True Grit","Entrench"],"picked":"Dark Embrace","floor":4},{"not_picked":["Clothesline","Shockwave"],"picked":"Pommel Strike","floor":7},{"not_picked":["Twin Strike","Perfected Strike","Flex"],"picked":"Cleave","floor":11},{"not_picked":["Twin Strike","Sever Soul","Blood for Blood"],"picked":"Whirlwind","floor":13}],"player_experience":4249,"relics_obtained":[{"floor":9,"key":"Question Card"},{"floor":11,"key":"Oddly Smooth Stone"},{"floor":12,"key":"Bottled Lightning"}],"event_choices":[{"event_name":"Transmorgrifier","player_choice":"Transform","floor":2,"damage_taken":0},{"event_name":"Purifier","player_choice":"One Purge","floor":5,"damage_taken":0},{"event_name":"Liars Game","player_choice":"disagreed","floor":10,"damage_taken":0}],"boss_relics":[],"items_purged_floors":[],"is_endless":false,"potions_floor_spawned":[7,11],"killed_by":"Lagavulin","ascension_level":0}