{"gold_per_floor":[110,110,120,120,133,133,58,158,158,188,188,199,213,232,232,330,360,378,391,167,167,167,167,201,211,237,237,256,266,266],"floor_reached":30,"playtime":1871,"items_purged":["Defend_R","Defend_R"],"score":252,"play_id":"b0f0baad-01cd-411b-9879-d7845cea3b9b","local_time":"20180705081404","is_ascension_mode":false,"campfire_choices":[{"data":"Searing Blow+1","floor":6,"key":"SMITH"},{"data":"Searing Blow+2","floor":11,"key":"SMITH"},{"data":"Searing Blow+3","floor":15,"key":"SMITH"},{"data":"Searing Blow+4","floor":23,"key":"SMITH"},{"floor":27,"key":"REST"}],"neow_cost":"NONE","seed_source_timestamp":748844645013066,"circlet_count":0,"master_deck":["Strike_R","Strike_R","Strike_R","Defend_R+1","Defend_R","Bash","Dropkick","Searing Blow+5","Shrug It Off","Armaments","Anger","Heavy Blade","Pommel Strike","Demon Form","Anger","Whirlwind","Flex","Rampage+1"],"relics":["Burning Blood","Boot","Omamori","Ornamental Fan","Tiny House","Question Card","Blood Vial"],"potions_floor_usage":[10,14,19,24,29],"damage_taken":[{"damage":8,"enemies":"Jaw Worm","floor":1,"turns":4},{"damage":5,"enemies":"Small Slimes","floor":3,"turns":4},{"damage":0,"enemies":"2 Louse","floor":5,"turns":3},{"damage":12,"enemies":"3 Sentries","floor":10,"turns":8},{"damage":0,"enemies":"Looter","floor":12,"turns":5},{"damage":2,"enemies":"Blue Slaver","floor":13,"turns":2},{"damage":13,"enemies":"Lots of Slimes","floor":14,"turns":2},{"damage":10,"enemies":"Slime Boss","floor":16,"turns":6},{"damage":15,"enemies":"Spheric Guardian","floor":18,"turns":4},{"damage":18,"enemies":"Shell Parasite","floor":19,"turns":3},{"damage":27,"enemies":"Slavers","floor":24,"turns":5},{"damage":30,"enemies":"Snake Plant","floor":25,"turns":4},{"damage":21,"enemies":"3 Cultists","floor":28,"turns":5},{"damage":32,"enemies":"Slaver and Parasite","floor":29,"turns":4},{"damage":18,"enemies":"Gremlin Leader","floor":30,"turns":2}],"seed_played":"6858618725586545641","potions_obtained":[{"floor":1,"key":"Ancient Potion"},{"floor":5,"key":"SkillPotion"},{"floor":13,"key":"Explosive Potion"},{"floor":17,"key":"SneckoOil"},{"floor":19,"key":"Fire Potion"},{"floor":25,"key":"SteroidPotion"}],"is_trial":false,"path_per_floor":["M","?","M","?","M","R","$","?","T","E","R","M","M","M","R","B",null,"M","M","$","?","?","R","E","M","T","R","M","M"],"character_chosen":"IRONCLAD","items_purchased":["Whirlwind","Flex"],"campfire_rested":1,"item_purchase_floors":[20,20],"current_hp_per_floor":[78,78,79,72,78,78,78,78,78,72,72,78,80,73,73,69,85,76,64,64,69,69,69,48,24,24,49,36,12,0],"gold":266,"neow_bonus":"TRANSFORM_CARD","is_prod":false,"is_daily":false,"chose_seed":false,"campfire_upgraded":4,"win_rate":0,"timestamp":1530796444,"path_taken":["M","?","M","?","M","R","$","?","T","E","R","M","?","M","R","BOSS","M","M","$","?","?","R","E","?","T","R","M","M","E"],"build_version":"2018-06-28","purchased_purges":2,"victory":false,"max_hp_per_floor":[80,80,80,80,80,80,80,80,80,80,80,80,80,80,80,80,85,85,85,85,85,85,85,85,85,85,85,85,85,85],"card_choices":[{"not_picked":["Shockwave","True Grit"],"picked":"Searing Blow","floor":1},{"not_picked":["Headbutt","Corruption"],"picked":"Shrug It Off","floor":3},{"not_picked":["Body Slam","Havoc"],"picked":"Armaments","floor":5},{"not_picked":["Perfected Strike","Impervious","Dropkick"],"picked":"SKIP","floor":10},{"not_picked":["Shrug It Off","Second Wind"],"picked":"Anger","floor":12},{"not_picked":["Armaments","Anger"],"picked":"Heavy Blade","floor":13},{"not_picked":["Rage","Havoc"],"picked":"Pommel Strike","floor":14},{"not_picked":["Feed","Limit Break"],"picked":"Demon Form","floor":16},{"not_picked":["Wild Strike","Havoc"],"picked":"Anger","floor":17},{"not_picked":["Sword Boomerang","Rage"],"picked":"Body Slam+1","floor":18},{"not_picked":["Anger+1","Armaments","Feel No Pain+1"],"picked":"SKIP","floor":19},{"not_picked":["Juggernaut","Body Slam","Rupture"],"picked":"SKIP","floor":24},{"not_picked":["Twin Strike","Blood for Blood","Hemokinesis"],"picked":"Rampage+1","floor":25},{"not_picked":["Sword Boomerang+1","Armaments+1","Fire Breathing+1","Rage"],"picked":"SKIP","floor":28},{"not_picked":["Metallicize","Pummel","Entrench","Sword Boomerang"],"picked":"SKIP","floor":29}],"player_experience":78992,"relics_obtained":[{"floor":9,"key":"Omamori"},{"floor":10,"key":"Ornamental Fan"},{"floor":24,"key":"Question Card"},{"floor":26,"key":"Blood Vial"}],"event_choices":[{"event_name":"Living Wall","player_choice":"Grow","floor":2,"damage_taken":0},{"event_name":"Scrap Ooze","player_choice":"success","floor":4,"damage_taken":7},{"event_name":"Golden Shrine","player_choice":"Pray","floor":8,"damage_taken":0},{"event_name":"Bonfire Elementals","player_choice":"COMMON","floor":21,"damage_taken":0},{"event_name":"Back to Basics","player_choice":"Elegance","floor":22,"damage_taken":0}],"boss_relics":[{"not_picked":["Philosopher\u0027s Stone","Sozu"],"picked":"Tiny House"}],"items_purged_floors":[7,20],"is_endless":false,"potions_floor_spawned":[1,5,13,19,25],"killed_by":"Gremlin Leader","ascension_level":0}