{"gold_per_floor":[119,130,149,224,224,224,245,263,263,284,318,318,348,523,523,648,648,667,667],"floor_reached":19,"playtime":828,"items_purged":[],"score":169,"play_id":"3793a814-73c4-4cae-b584-25a4cfc114e8","local_time":"20190314155227","is_ascension_mode":false,"campfire_choices":[{"data":"Ball Lightning","floor":6.0,"key":"SMITH"},{"floor":12.0,"key":"REST"},{"floor":15.0,"key":"REST"}],"neow_cost":"NONE","seed_source_timestamp":0,"circlet_count":0,"master_deck":["Strike_B","Strike_B","Strike_B","Strike_B","Defend_B","Defend_B","Defend_B","Defend_B","Zap","Dualcast","Deep Breath","Ball Lightning+1","Redo","Go for the Eyes","Ball Lightning","Ball Lightning","Chaos","Doubt","Go for the Eyes","Echo Form","Auto Shields"],"special_seed":0,"relics":["Cracked Core","Golden Idol","Shuriken","Mercury Hourglass","Dream Catcher","Nuclear Battery"],"potions_floor_usage":[],"damage_taken":[{"damage":1.0,"enemies":"Jaw Worm","floor":1.0,"turns":4.0},{"damage":0.0,"enemies":"2 Louse","floor":2.0,"turns":2.0},{"damage":2.0,"enemies":"Small Slimes","floor":3.0,"turns":3.0},{"damage":0.0,"enemies":"3 Louse","floor":7.0,"turns":2.0},{"damage":0.0,"enemies":"Exordium Wildlife","floor":8.0,"turns":3.0},{"damage":10.0,"enemies":"Looter","floor":10.0,"turns":2.0},{"damage":30.0,"enemies":"Lagavulin","floor":11.0,"turns":5.0},{"damage":7.0,"enemies":"Slime Boss","floor":16.0,"turns":6.0},{"damage":25.0,"enemies":"3 Byrds","floor":18.0,"turns":4.0},{"damage":51,"enemies":"Masked Bandits","floor":19,"turns":3}],"seed_played":"-2801522740785321151","potions_obtained":[{"floor":3.0,"key":"EssenceOfSteel"},{"floor":8.0,"key":"Strength Potion"},{"floor":10.0,"key":"Dexterity Potion"}],"is_trial":false,"path_per_floor":["M","M","M","?","?","R","M","M","T","M","E","R","?","?","R","B",null,"M","?"],"character_chosen":"DEFECT","items_purchased":[],"campfire_rested":2,"item_purchase_floors":[],"current_hp_per_floor":[74,74,72,61,43,43,43,43,43,33,3,25,25,25,47,40,75,50,0],"gold":667,"neow_bonus":"RANDOM_COLORLESS","is_prod":false,"is_daily":false,"chose_seed":false,"campfire_upgraded":1,"win_rate":0,"timestamp":1552596747,"path_taken":["M","M","M","?","?","R","M","?","T","M","E","R","?","?","R","BOSS","M","?"],"build_version":"2019-01-23","purchased_purges":0,"victory":false,"max_hp_per_floor":[75,75,75,75,75,75,75,75,75,75,75,75,75,75,75,75,75,75,75],"card_choices":[{"not_picked":["Compile Driver","Gash"],"picked":"Ball Lightning","floor":1.0},{"not_picked":["Sweeping Beam","Stack"],"picked":"Redo","floor":2.0},{"not_picked":["Scrape","Rebound"],"picked":"Go for the Eyes","floor":3.0},{"not_picked":["Gash","Stack","Streamline"],"picked":"SKIP","floor":7.0},{"not_picked":["Barrage","Force Field"],"picked":"Ball Lightning","floor":8.0},{"not_picked":["Genetic Algorithm","Skim"],"picked":"Ball Lightning","floor":10.0},{"not_picked":["Stack","Blizzard"],"picked":"Chaos","floor":11.0},{"not_picked":["Rebound","Chaos"],"picked":"Go for the Eyes","floor":15.0},{"not_picked":["Multi-Cast","Rainbow"],"picked":"Echo Form","floor":16.0},{"not_picked":["Sweeping Beam","Compile Driver"],"picked":"Auto Shields","floor":18.0}],"player_experience":1177659,"relics_obtained":[{"floor":9.0,"key":"Shuriken"},{"floor":11.0,"key":"Mercury Hourglass"}],"event_choices":[{"damage_healed":0.0,"max_hp_gain":0.0,"max_hp_loss":0.0,"gold_gain":75.0,"event_name":"World of Goop","player_choice":"Gather Gold","floor":4.0,"gold_loss":0.0,"damage_taken":11.0},{"damage_healed":0.0,"max_hp_gain":0.0,"max_hp_loss":0.0,"gold_gain":0.0,"event_name":"Golden Idol","player_choice":"Take Damage","floor":5.0,"gold_loss":0.0,"damage_taken":18.0,"relics_obtained":["Golden Idol"]},{"damage_healed":0.0,"max_hp_gain":0.0,"max_hp_loss":0.0,"gold_gain":30.0,"event_name":"Dead Adventurer","player_choice":"Searched \u00273\u0027 times","floor":13.0,"gold_loss":0.0,"damage_taken":0.0,"relics_obtained":["Dream Catcher"]},{"damage_healed":0.0,"max_hp_gain":0.0,"max_hp_loss":0.0,"gold_gain":175.0,"event_name":"Liars Game","player_choice":"AGREE","floor":14.0,"gold_loss":0.0,"damage_taken":0.0,"cards_obtained":["Doubt"]},{"damage_healed":0,"gold_gain":0,"player_choice":"Fought Bandits","damage_taken":0,"max_hp_gain":0,"max_hp_loss":0,"event_name":"Masked Bandits","floor":19,"gold_loss":0}],"is_beta":false,"boss_relics":[{"not_picked":["Lizard Tail","Inserter"],"picked":"Nuclear Battery"}],"items_purged_floors":[],"is_endless":false,"potions_floor_spawned":[3,8,10,16],"killed_by":"Masked Bandits","ascension_level":0}