{"gold_per_floor":[112,112,112,136,154,180,196,196,246,166,225,225,245,273,273,374,374,384,398,2,2,13,13,42,56,81,112,112,132,132,151,151,247,247,257,357,375,389,404,404],"floor_reached":40,"playtime":5389,"items_purged":[],"score":579,"play_id":"721f10b5-76ba-4920-bb95-7b8bfe755f82","local_time":"20181101224957","is_ascension_mode":true,"campfire_choices":[{"data":"Glacier","floor":8.0,"key":"SMITH"},{"data":"Defragment","floor":12.0,"key":"SMITH"},{"floor":15.0,"key":"REST"},{"data":"Defragment","floor":23,"key":"SMITH"},{"floor":28,"key":"REST"},{"floor":32,"key":"REST"}],"neow_cost":"NONE","seed_source_timestamp":0,"circlet_count":0,"master_deck":["Strike_B+1","Defend_B","Defend_B","Defend_B","Zap","Dualcast","Fusion+1","Cold Snap","Glacier+1","Sweeping Beam","Defragment+1","Leap","Defragment+1","Machine Learning","Static Discharge","Beam Cell+1","BootSequence+1","Ball Lightning","Cold Snap","Thunder Strike","Lockon+1","White Noise+1","Biased Cognition+1","Self Repair+1","Turbo+1","Defragment+1","Cold Snap"],"special_seed":0,"relics":["Cracked Core","NeowsBlessing","Lantern","Mango","Regal Pillow","Tiny Chest","Dodecahedron","DataDisk","Symbiotic Virus","Art of War","Orichalcum","Letter Opener","MutagenicStrength","Astrolabe"],"potions_floor_usage":[22,24,24,24,27,27,33,38,38,38,38,38,39],"damage_taken":[{"damage":0.0,"enemies":"2 Louse","floor":1.0,"turns":1.0},{"damage":0.0,"enemies":"Jaw Worm","floor":5.0,"turns":1.0},{"damage":0.0,"enemies":"Lagavulin","floor":6.0,"turns":1.0},{"damage":0.0,"enemies":"Small Slimes","floor":7.0,"turns":3.0},{"damage":10.0,"enemies":"Gremlin Nob","floor":11.0,"turns":5.0},{"damage":0.0,"enemies":"Exordium Thugs","floor":13.0,"turns":5.0},{"damage":16.0,"enemies":"Gremlin Nob","floor":14.0,"turns":5.0},{"damage":12.0,"enemies":"The Guardian","floor":16.0,"turns":17.0},{"damage":3,"enemies":"Spheric Guardian","floor":18,"turns":6},{"damage":5,"enemies":"Chosen","floor":19,"turns":6},{"damage":1,"enemies":"Centurion and Healer","floor":22,"turns":13},{"damage":21,"enemies":"Slavers","floor":24,"turns":8},{"damage":0,"enemies":"3 Cultists","floor":25,"turns":6},{"damage":31,"enemies":"Gremlin Leader","floor":27,"turns":5},{"damage":15,"enemies":"Sentry and Sphere","floor":29,"turns":6},{"damage":6,"enemies":"Snake Plant","floor":31,"turns":3},{"damage":20,"enemies":"Collector","floor":33,"turns":14},{"damage":26,"enemies":"3 Shapes","floor":35,"turns":3},{"damage":0,"enemies":"3 Darklings","floor":37,"turns":2},{"damage":33,"enemies":"Spire Growth","floor":38,"turns":5},{"damage":27,"enemies":"Jaw Worm Horde","floor":39,"turns":4},{"damage":31,"enemies":"Nemesis","floor":40,"turns":2}],"seed_played":"-2741242272504013545","potions_obtained":[{"floor":1.0,"key":"Poison Potion"},{"floor":7.0,"key":"Weak Potion"},{"floor":11.0,"key":"Block Potion"},{"floor":14.0,"key":"EntropicBrew"},{"floor":16.0,"key":"Ancient Potion"},{"floor":18,"key":"Block Potion"},{"floor":25,"key":"Ancient Potion"},{"floor":27,"key":"Ancient Potion"},{"floor":31,"key":"Explosive Potion"},{"floor":33,"key":"LiquidBronze"},{"floor":37,"key":"EntropicBrew"},{"floor":38,"key":"Fire Potion"}],"is_trial":false,"path_per_floor":["M","?","?","T","M","E","M","R","T","$","?","R","M","E","R","B",null,"M","M","$","?","M","R","E","M","T","E","R","M","?","M","R","B",null,"M","?","M","M","M","E"],"character_chosen":"DEFECT","items_purchased":["Defragment","DataDisk","Symbiotic Virus"],"campfire_rested":3,"item_purchase_floors":[10,20,20],"current_hp_per_floor":[75,60,53,53,53,67,67,67,67,67,57,57,57,41,82,70,84,81,76,76,76,75,75,54,54,54,23,64,49,49,43,84,64,83,57,57,57,34,7,0],"gold":404,"neow_bonus":"THREE_ENEMY_KILL","is_prod":false,"is_daily":false,"chose_seed":false,"campfire_upgraded":3,"win_rate":0,"timestamp":1541130597,"path_taken":["M","?","?","?","M","E","?","R","T","$","?","R","M","E","R","BOSS","M","?","$","?","M","R","E","M","T","E","R","?","?","M","R","BOSS","M","?","?","M","M","E"],"build_version":"2018-11-01","purchased_purges":0,"victory":false,"max_hp_per_floor":[75,75,75,75,75,89,89,89,89,89,89,89,89,89,89,89,89,89,89,89,89,89,89,89,89,89,89,89,89,89,89,89,89,89,89,89,89,89,89,89],"card_choices":[{"not_picked":["White Noise","Rebound"],"picked":"Fusion","floor":1.0},{"not_picked":["Leap","Gash"],"picked":"Cold Snap","floor":5.0},{"not_picked":["Biased Cognition","Sweeping Beam"],"picked":"Glacier","floor":6.0},{"not_picked":["Go for the Eyes","White Noise"],"picked":"Sweeping Beam","floor":7.0},{"not_picked":["Hologram","Undo"],"picked":"Leap","floor":11.0},{"not_picked":["Streamline","Barrage"],"picked":"Defragment","floor":13.0},{"not_picked":["Hyperbeam","Recycle","Scrape"],"picked":"SKIP","floor":14.0},{"not_picked":["Hyperbeam","Reboot"],"picked":"Machine Learning","floor":16.0},{"not_picked":["Scrape","Sweeping Beam"],"picked":"Static Discharge","floor":18},{"not_picked":["Barrage+1","Stack+1"],"picked":"Beam Cell+1","floor":19},{"not_picked":["Force Field","Stack","Storm+1"],"picked":"SKIP","floor":22},{"not_picked":["Barrage","Melter","Hello World"],"picked":"SKIP","floor":24},{"not_picked":["Conserve Battery","Redo"],"picked":"BootSequence+1","floor":25},{"not_picked":["Rebound+1","Steam Power"],"picked":"Ball Lightning","floor":27},{"not_picked":["Auto Shields","Reinforced Body"],"picked":"Cold Snap","floor":29},{"not_picked":["Ball Lightning","Barrage"],"picked":"Creative AI","floor":31},{"not_picked":["Meteor Strike","Biased Cognition"],"picked":"Thunder Strike","floor":33},{"not_picked":["Steam Power","Barrage+1"],"picked":"Self Repair+1","floor":35},{"not_picked":["Conserve Battery","Aggregate+1"],"picked":"Turbo+1","floor":37},{"not_picked":["Loop","Go for the Eyes"],"picked":"Defragment+1","floor":38},{"not_picked":["Barrage+1","Reinforced Body"],"picked":"Cold Snap","floor":39}],"player_experience":909842,"relics_obtained":[{"floor":4.0,"key":"Lantern"},{"floor":6.0,"key":"Mango"},{"floor":9.0,"key":"Regal Pillow"},{"floor":11.0,"key":"Tiny Chest"},{"floor":14.0,"key":"Dodecahedron"},{"floor":24,"key":"Art of War"},{"floor":26,"key":"Orichalcum"},{"floor":27,"key":"Letter Opener"}],"event_choices":[{"damage_healed":0.0,"max_hp_gain":0.0,"max_hp_loss":0.0,"gold_gain":0.0,"event_name":"Shining Light","player_choice":"Entered Light","floor":2.0,"gold_loss":0.0,"damage_taken":15.0,"cards_upgraded":["Fusion","Strike_B"]},{"cards_removed":["Strike_B"],"damage_healed":0.0,"max_hp_gain":0.0,"max_hp_loss":0.0,"gold_gain":0.0,"event_name":"Golden Wing","player_choice":"Card Removal","floor":3.0,"gold_loss":0.0,"damage_taken":7.0},{"damage_healed":0.0,"max_hp_gain":0.0,"max_hp_loss":0.0,"gold_gain":30.0,"event_name":"Dead Adventurer","player_choice":"Searched \u00272\u0027 times","floor":11.0,"gold_loss":0.0,"damage_taken":0.0},{"cards_removed":["Strike_B"],"damage_healed":0,"gold_gain":0,"player_choice":"Purged","damage_taken":0,"max_hp_gain":0,"max_hp_loss":0,"event_name":"Purifier","floor":21,"gold_loss":0},{"damage_healed":0,"gold_gain":0,"player_choice":"Inject Mutagens","damage_taken":0,"relics_obtained":["MutagenicStrength"],"max_hp_gain":0,"max_hp_loss":0,"event_name":"Drug Dealer","floor":30,"gold_loss":0},{"damage_healed":0,"gold_gain":100,"player_choice":"Pray","damage_taken":0,"max_hp_gain":0,"max_hp_loss":0,"event_name":"Golden Shrine","floor":36,"gold_loss":0}],"is_beta":false,"boss_relics":[{"not_picked":["Runic Pyramid","Coffee Dripper","Runic Dome"]},{"not_picked":["White Beast Statue","Snecko Eye"],"picked":"Astrolabe"}],"items_purged_floors":[],"is_endless":false,"potions_floor_spawned":[1,7,11,14,16,18,25,27,31,33,37,38],"killed_by":"Nemesis","ascension_level":5}