{"gold_per_floor":[368,385,398,412,412,412,437,437,437,762,268,268,268,292,292,416,416,435,435,435,448,481,481,481,515,515,526,526,190,190,63,63,63],"floor_reached":33,"playtime":3552,"items_purged":["Bash","Injury"],"score":271,"play_id":"54034dc5-728c-499f-bd01-2bd62f9576bb","local_time":"20190627212921","is_ascension_mode":false,"campfire_choices":[{"data":"Perfected Strike","floor":6.0,"key":"SMITH"},{"data":"Rage","floor":8.0,"key":"SMITH"},{"floor":13.0,"key":"REST"},{"floor":15.0,"key":"REST"},{"floor":23.0,"key":"REST"},{"floor":32,"key":"REST"}],"neow_cost":"CURSE","seed_source_timestamp":0,"circlet_count":0,"master_deck":["Strike_R","Strike_R","Strike_R","Strike_R","Strike_R","Defend_R","Defend_R","Defend_R","Defend_R","Perfected Strike+1","Searing Blow","Inflame","Rage+1","Sever Soul","Reckless Charge","Metallicize","Trip","Warcry","Flying Knee","Thinking Ahead","Whirlwind+1","Deep Breath+1","Outmaneuver","Enlightenment","Prepared","RitualDagger","Secret Weapon","Reckless Charge","Metallicize","Warcry"],"special_seed":0,"relics":["Burning Blood","Mercury Hourglass","Pantograph","Old Coin","PrismaticShard","Bloody Idol","Velvet Choker","Nilry\u0027s Codex","Red Mask","Bottled Flame","Anchor"],"potions_floor_usage":[],"damage_taken":[{"damage":1.0,"enemies":"Cultist","floor":1.0,"turns":4.0},{"damage":6.0,"enemies":"2 Louse","floor":2.0,"turns":3.0},{"damage":11.0,"enemies":"Jaw Worm","floor":3.0,"turns":4.0},{"damage":14.0,"enemies":"2 Fungi Beasts","floor":4.0,"turns":4.0},{"damage":37.0,"enemies":"3 Sentries","floor":7.0,"turns":8.0},{"damage":35.0,"enemies":"Lagavulin","floor":10.0,"turns":6.0},{"damage":11.0,"enemies":"Large Slime","floor":14.0,"turns":5.0},{"damage":50.0,"enemies":"Hexaghost","floor":16.0,"turns":9.0},{"damage":23.0,"enemies":"3 Byrds","floor":18.0,"turns":4.0},{"damage":20.0,"enemies":"2 Thieves","floor":21.0,"turns":3.0},{"damage":18.0,"enemies":"Masked Bandits","floor":22.0,"turns":4.0},{"damage":31.0,"enemies":"Slavers","floor":25.0,"turns":4.0},{"damage":13.0,"enemies":"Snecko","floor":27.0,"turns":5.0},{"damage":85,"enemies":"Automaton","floor":33,"turns":8}],"seed_played":"-8455127895999092723","potions_obtained":[{"floor":2.0,"key":"Energy Potion"},{"floor":3.0,"key":"Poison Potion"},{"floor":7.0,"key":"Explosive Potion"},{"floor":10.0,"key":"PowerPotion"},{"floor":16.0,"key":"AttackPotion"},{"floor":25.0,"key":"Block Potion"}],"is_trial":false,"path_per_floor":["M","M","M","M","?","R","E","R","T","E","$","?","R","M","R","B",null,"M","?","?","M","?","R","?","E","T","M","?","$","?","$","R","B"],"character_chosen":"IRONCLAD","items_purchased":["PrismaticShard","Metallicize","Trip","Warcry","Secret Weapon","Reckless Charge","Metallicize","Warcry"],"campfire_rested":4,"item_purchase_floors":[11,11,11,11,29,29,31,31],"current_hp_per_floor":[80,80,75,67,67,67,36,36,36,7,7,7,31,26,50,31,80,63,47,47,33,21,45,45,25,25,23,17,17,43,43,67,0],"gold":63,"neow_bonus":"TWO_FIFTY_GOLD","is_prod":false,"is_daily":false,"chose_seed":false,"campfire_upgraded":2,"win_rate":0.0,"timestamp":1561692561,"path_taken":["M","M","?","M","?","R","E","R","T","E","$","?","R","M","R","BOSS","M","?","?","?","?","R","?","E","T","M","?","$","?","$","R","BOSS"],"build_version":"2019-01-23","purchased_purges":2,"victory":false,"max_hp_per_floor":[80,80,80,80,80,80,80,80,80,80,80,80,80,80,80,80,80,80,80,80,80,80,80,80,80,80,80,80,80,80,80,80,80],"card_choices":[{"not_picked":["Power Through","Flex"],"picked":"Perfected Strike","floor":1.0},{"not_picked":["True Grit","Corruption"],"picked":"Searing Blow","floor":2.0},{"not_picked":["Entrench","Rupture"],"picked":"Inflame","floor":3.0},{"not_picked":["Clothesline","Dual Wield"],"picked":"Rage","floor":4.0},{"not_picked":["Reckless Charge","Limit Break"],"picked":"Sever Soul","floor":7.0},{"not_picked":["Brutality","Seeing Red"],"picked":"Reckless Charge","floor":10.0},{"not_picked":["Masterful Stab","Shrug It Off"],"picked":"Flying Knee","floor":14.0},{"not_picked":["Dark Embrace","Violence"],"picked":"Thinking Ahead","floor":16.0},{"not_picked":["Thunderclap+1","Leap"],"picked":"Whirlwind+1","floor":18.0},{"not_picked":["Crippling Poison","Leap"],"picked":"Deep Breath+1","floor":21.0},{"not_picked":["Skim","Dagger Throw"],"picked":"Outmaneuver","floor":22.0},{"not_picked":["Defragment+1","Rage"],"picked":"Enlightenment","floor":25.0},{"not_picked":["Expertise","Blizzard+1"],"picked":"Prepared","floor":27.0}],"player_experience":10846,"relics_obtained":[{"floor":7.0,"key":"Mercury Hourglass"},{"floor":9.0,"key":"Pantograph"},{"floor":10.0,"key":"Old Coin"},{"floor":19.0,"key":"Nilry\u0027s Codex"},{"floor":22.0,"key":"Red Mask"},{"floor":25.0,"key":"Bottled Flame"},{"floor":26.0,"key":"Anchor"}],"event_choices":[{"cards_removed":["Normality"],"damage_healed":0.0,"max_hp_gain":0.0,"max_hp_loss":0.0,"gold_gain":0.0,"event_name":"Living Wall","player_choice":"Forget","floor":5.0,"gold_loss":0.0,"damage_taken":0.0},{"damage_healed":0.0,"max_hp_gain":0.0,"max_hp_loss":0.0,"gold_gain":0.0,"event_name":"Golden Idol","player_choice":"Take Wound","floor":12.0,"gold_loss":0.0,"damage_taken":0.0,"relics_obtained":["Golden Idol"],"cards_obtained":["Injury"]},{"damage_healed":0.0,"max_hp_gain":0.0,"max_hp_loss":0.0,"gold_gain":0.0,"event_name":"Cursed Tome","player_choice":"Obtained Book","floor":19.0,"gold_loss":0.0,"damage_taken":16.0},{"damage_healed":0.0,"max_hp_gain":0.0,"max_hp_loss":0.0,"gold_gain":0.0,"event_name":"The Woman in Blue","player_choice":"Bought 0 Potions","floor":20.0,"gold_loss":0.0,"damage_taken":0.0},{"damage_healed":0.0,"max_hp_gain":0.0,"max_hp_loss":0.0,"gold_gain":0.0,"event_name":"Masked Bandits","player_choice":"Fought Bandits","floor":22.0,"gold_loss":0.0,"damage_taken":0.0},{"damage_healed":0.0,"max_hp_gain":0.0,"max_hp_loss":0.0,"gold_gain":0.0,"event_name":"Forgotten Altar","player_choice":"Gave Idol","floor":24.0,"relics_lost":["Golden Idol"],"gold_loss":0.0,"damage_taken":0.0,"relics_obtained":["Bloody Idol"]},{"damage_healed":0.0,"max_hp_gain":0.0,"max_hp_loss":0.0,"gold_gain":0.0,"event_name":"Nest","player_choice":"Joined the Cult","floor":28.0,"gold_loss":0.0,"damage_taken":6.0,"cards_obtained":["RitualDagger"]},{"damage_healed":26.0,"max_hp_gain":0.0,"max_hp_loss":0.0,"gold_gain":0.0,"event_name":"The Library","player_choice":"Heal","floor":30.0,"gold_loss":0.0,"damage_taken":0.0}],"is_beta":false,"boss_relics":[{"not_picked":["Philosopher\u0027s Stone","Sozu"],"picked":"Velvet Choker"}],"items_purged_floors":[11,29],"is_endless":false,"potions_floor_spawned":[2,3,7,10,16,18,25,27],"killed_by":"Automaton","ascension_level":0}