{"gold_per_floor":[115,115,128,145,156,156,190,190,241,241,253,253,266,294,294,395,395,408,408,683,443,458,486,486,503,573,573,587,587,606,618,618,720,720,737,513,524,524,524,524,534,7,7,54,74,74,99,110,110,110],"floor_reached":50,"playtime":4651,"items_purged":["Strike_G"],"score":886,"play_id":"ad4197f5-b79e-4928-94e4-a1b27470f29c","local_time":"20181019141340","is_ascension_mode":true,"campfire_choices":[{"floor":6.0,"key":"REST"},{"data":"Slice","floor":8.0,"key":"SMITH"},{"floor":10.0,"key":"REST"},{"data":"Slice","floor":15.0,"key":"SMITH"},{"data":"Choke","floor":24.0,"key":"SMITH"},{"data":"Dagger Spray","floor":27.0,"key":"SMITH"},{"data":"Finisher","floor":29.0,"key":"SMITH"},{"floor":32,"key":"REST"},{"floor":49,"key":"REST"}],"neow_cost":"NONE","seed_source_timestamp":0,"circlet_count":0,"master_deck":["Defend_G+1","Defend_G","Defend_G","Defend_G","Defend_G+1","Survivor","Neutralize","Quick Slash","Blade Dance+1","Deflect+1","Slice+1","Finisher+1","Dagger Spray+1","Blade Dance+1","Slice+1","Adrenaline+1","Infinite Blades","Dagger Spray+1","Sucker Punch","Choke+1","Blade Dance+1","Prepared+1","Distraction+1","Acrobatics+1","A Thousand Cuts","Finisher+1","A Thousand Cuts+1","Blade Dance+1","Quick Slash+1","Blade Dance+1","Cloak And Dagger+1","Flash of Steel","Prepared+1","Clumsy","Slice","Sucker Punch","Storm of Steel+1","Acrobatics+1","Blade Dance+1"],"special_seed":0,"relics":["Ring of the Snake","Toxic Egg 2","Happy Flower","Omamori","Ornamental Fan","Cursed Key","The Specimen","Bronze Scales","Bag of Preparation","Dodecahedron","Astrolabe","Blood Vial","Mercury Hourglass","Lantern","War Paint","Dead Branch","PreservedInsect"],"potions_floor_usage":[33,33,48,48],"damage_taken":[{"damage":0.0,"enemies":"Small Slimes","floor":1.0,"turns":5.0},{"damage":2.0,"enemies":"2 Louse","floor":3.0,"turns":3.0},{"damage":1.0,"enemies":"Jaw Worm","floor":4.0,"turns":3.0},{"damage":14.0,"enemies":"Gremlin Gang","floor":5.0,"turns":7.0},{"damage":26.0,"enemies":"Gremlin Nob","floor":7.0,"turns":5.0},{"damage":1.0,"enemies":"2 Fungi Beasts","floor":11.0,"turns":2.0},{"damage":0.0,"enemies":"Red Slaver","floor":13.0,"turns":3.0},{"damage":5.0,"enemies":"3 Sentries","floor":14.0,"turns":6.0},{"damage":0.0,"enemies":"Slime Boss","floor":16.0,"turns":5.0},{"damage":0.0,"enemies":"Spheric Guardian","floor":18.0,"turns":3.0},{"damage":1.0,"enemies":"2 Thieves","floor":22.0,"turns":3.0},{"damage":26.0,"enemies":"Slavers","floor":23.0,"turns":4.0},{"damage":0.0,"enemies":"Snecko","floor":25.0,"turns":1.0},{"damage":0.0,"enemies":"Centurion and Healer","floor":28.0,"turns":2.0},{"damage":0.0,"enemies":"3 Cultists","floor":30.0,"turns":4.0},{"damage":0,"enemies":"Sentry and Sphere","floor":31,"turns":2},{"damage":60,"enemies":"Champ","floor":33,"turns":7},{"damage":0,"enemies":"3 Darklings","floor":35,"turns":2},{"damage":12,"enemies":"3 Shapes","floor":37,"turns":4},{"damage":0,"enemies":"Spire Growth","floor":41,"turns":3},{"damage":0,"enemies":"2 Orb Walkers","floor":44,"turns":3},{"damage":0,"enemies":"3 Darklings","floor":45,"turns":2},{"damage":28,"enemies":"Reptomancer","floor":47,"turns":3},{"damage":0,"enemies":"Transient","floor":48,"turns":5},{"damage":91,"enemies":"Time Eater","floor":50,"turns":6}],"seed_played":"1231621805008368510","potions_obtained":[{"floor":4.0,"key":"Strength Potion"},{"floor":7.0,"key":"EssenceOfSteel"},{"floor":13.0,"key":"Ancient Potion"},{"floor":23.0,"key":"GhostInAJar"},{"floor":30.0,"key":"SkillPotion"},{"floor":31,"key":"Swift Potion"},{"floor":33,"key":"Ancient Potion"},{"floor":44,"key":"Regen Potion"},{"floor":47,"key":"Block Potion"},{"floor":48,"key":"SpeedPotion"}],"is_trial":false,"path_per_floor":["M","?","M","M","M","R","E","R","T","R","M","?","M","E","R","B",null,"M","?","?","$","M","E","R","M","T","R","M","R","M","M","R","B",null,"M","$","M","?","?","$","M","$","T","?","M","?","E","M","R"],"character_chosen":"THE_SILENT","items_purchased":["Infinite Blades","Bronze Scales","Dagger Spray","Blood Vial","Mercury Hourglass","Lantern","Flash of Steel","Prepared+1"],"campfire_rested":4,"item_purchase_floors":[21,21,21,36,42,42,42,42],"current_hp_per_floor":[70,58,56,55,41,64,38,38,38,61,60,60,60,55,55,55,72,72,72,72,72,71,45,45,45,45,45,45,45,45,45,68,8,60,60,60,50,50,50,50,52,52,52,54,56,56,30,47,70,0],"gold":110,"neow_bonus":"TEN_PERCENT_HP_BONUS","is_prod":false,"is_daily":false,"chose_seed":false,"campfire_upgraded":5,"win_rate":0,"timestamp":1539976420,"path_taken":["M","?","M","?","M","R","E","R","T","R","M","?","M","E","R","BOSS","M","?","?","$","M","E","R","M","T","R","M","R","M","M","R","BOSS","M","$","M","?","?","$","M","$","T","?","?","?","E","M","R","BOSS"],"build_version":"2018-10-18","purchased_purges":1,"victory":false,"max_hp_per_floor":[77,77,77,77,77,77,77,77,77,77,77,77,77,77,77,77,77,77,77,77,77,77,77,77,77,77,77,77,77,77,77,77,77,77,77,77,77,77,77,77,77,77,77,77,77,77,77,77,77,77],"card_choices":[{"not_picked":["Outmaneuver","Prepared"],"picked":"Quick Slash","floor":1.0},{"not_picked":["Tactician+1","Slice"],"picked":"Blade Dance+1","floor":3.0},{"not_picked":["All Out Attack","Crippling Poison+1"],"picked":"Deflect+1","floor":4.0},{"not_picked":["Outmaneuver+1","Sucker Punch"],"picked":"Slice","floor":5.0},{"not_picked":["Tactician+1","Deflect+1"],"picked":"Finisher","floor":7.0},{"not_picked":["Malaise+1","Skewer"],"picked":"Dagger Spray","floor":11.0},{"not_picked":["Sucker Punch","Slice"],"picked":"Blade Dance+1","floor":13.0},{"not_picked":["Deadly Poison+1","PiercingWail+1"],"picked":"Slice","floor":14.0},{"not_picked":["Corpse Explosion+1","Venomology+1"],"picked":"Adrenaline+1","floor":16.0},{"not_picked":["Outmaneuver+1","Dagger Throw"],"picked":"Quick Slash","floor":18.0},{"not_picked":["Deadly Poison+1","Flying Knee"],"picked":"Sucker Punch","floor":22.0},{"not_picked":["Crippling Poison+1","Leg Sweep+1"],"picked":"Choke","floor":23.0},{"not_picked":["Slice+1","Outmaneuver+1"],"picked":"Blade Dance+1","floor":25.0},{"not_picked":["Heel Hook","Dodge and Roll+1"],"picked":"Prepared+1","floor":28.0},{"not_picked":["Concentrate+1","Flying Knee"],"picked":"Distraction+1","floor":30.0},{"not_picked":["Dodge and Roll+1","Noxious Fumes"],"picked":"Acrobatics+1","floor":31},{"not_picked":["Corpse Explosion+1","Doppelganger+1"],"picked":"A Thousand Cuts","floor":33},{"not_picked":["Backflip+1","Blur+1"],"picked":"Quick Slash+1","floor":35},{"not_picked":["Sucker Punch","Caltrops"],"picked":"Blade Dance+1","floor":37},{"not_picked":["PiercingWail+1","Unload"],"picked":"Cloak And Dagger+1","floor":41},{"not_picked":["Deflect+1","Bane+1"],"picked":"Slice","floor":44},{"not_picked":["Slice","Footwork+1"],"picked":"Sucker Punch","floor":45},{"not_picked":["PiercingWail+1","Expertise+1"],"picked":"Acrobatics+1","floor":47},{"not_picked":["PiercingWail+1","Dagger Spray+1"],"picked":"Blade Dance+1","floor":48}],"player_experience":798073,"relics_obtained":[{"floor":7.0,"key":"Happy Flower"},{"floor":9.0,"key":"Omamori"},{"floor":14.0,"key":"Ornamental Fan"},{"floor":23.0,"key":"Bag of Preparation"},{"floor":26.0,"key":"Dodecahedron"},{"floor":43,"key":"War Paint"},{"floor":44,"key":"Dead Branch"},{"floor":47,"key":"PreservedInsect"}],"event_choices":[{"damage_healed":0.0,"max_hp_gain":0.0,"max_hp_loss":0.0,"gold_gain":0.0,"event_name":"Scrap Ooze","player_choice":"Success","floor":2.0,"gold_loss":0.0,"damage_taken":12.0,"relics_obtained":["Toxic Egg 2"]},{"damage_healed":0.0,"max_hp_gain":0.0,"max_hp_loss":0.0,"gold_gain":0.0,"event_name":"Upgrade Shrine","player_choice":"Upgraded","floor":12.0,"gold_loss":0.0,"damage_taken":0.0,"cards_upgraded":["Dagger Spray"]},{"damage_healed":0.0,"max_hp_gain":0.0,"max_hp_loss":0.0,"gold_gain":0.0,"event_name":"WeMeetAgain","player_choice":"Gave Potion","floor":19.0,"gold_loss":0.0,"damage_taken":0.0,"relics_obtained":["The Specimen"]},{"damage_healed":0.0,"max_hp_gain":0.0,"max_hp_loss":0.0,"gold_gain":275.0,"event_name":"Golden Shrine","player_choice":"Desecrate","floor":20.0,"gold_loss":0.0,"damage_taken":0.0,"cards_obtained":["Regret"]},{"cards_removed":["Quick Slash"],"damage_healed":0,"gold_gain":0,"player_choice":"Removed Attack","damage_taken":0,"max_hp_gain":0,"max_hp_loss":0,"event_name":"Falling","floor":38,"gold_loss":0},{"damage_healed":0,"gold_gain":0,"player_choice":"Ignored","damage_taken":0,"max_hp_gain":0,"max_hp_loss":0,"event_name":"Tomb of Lord Red Mask","floor":39,"gold_loss":0},{"damage_healed":0,"gold_gain":0,"player_choice":"Fight","damage_taken":0,"max_hp_gain":0,"max_hp_loss":0,"event_name":"Mysterious Sphere","floor":44,"gold_loss":0},{"damage_healed":0,"gold_gain":0,"cards_transformed":["Strike_G"],"player_choice":"Transformed","damage_taken":0,"max_hp_gain":0,"max_hp_loss":0,"event_name":"Transmorgrifier","floor":46,"gold_loss":0,"cards_obtained":["Storm of Steel"]}],"is_beta":false,"boss_relics":[{"not_picked":["Philosopher\u0027s Stone","Snecko Eye"],"picked":"Cursed Key"},{"not_picked":["Fusion Hammer","White Beast Statue"],"picked":"Astrolabe"}],"items_purged_floors":[36],"is_endless":false,"potions_floor_spawned":[4,7,13,23,30,31,33,44,47,48],"killed_by":"Time Eater","ascension_level":8}