{"gold_per_floor":[117,135,135,147,159,188,188,198,221,237,264,264,277,22,22,22],"floor_reached":16,"playtime":1519,"items_purged":[],"score":114,"play_id":"3fa324e7-832d-439b-962e-c581120577b3","local_time":"20190627133638","is_ascension_mode":false,"campfire_choices":[{"data":"Armaments","floor":7,"key":"SMITH"},{"data":"Barricade","floor":12,"key":"SMITH"},{"data":"Corruption","floor":15,"key":"SMITH"}],"neow_cost":"NONE","seed_source_timestamp":4587351832721,"circlet_count":0,"master_deck":["Strike_R","Strike_R","Strike_R","Strike_R","Strike_R","Defend_R","Defend_R","Defend_R","Defend_R","Bash","Flex","Armaments+1","Dark Embrace","Intimidate","Twin Strike","Juggernaut","Flex","Iron Wave","Clothesline","Barricade+1","Corruption+1"],"relics":["Burning Blood","Blood Vial","Anchor","Oddly Smooth Stone","Dream Catcher","Meat on the Bone"],"potions_floor_usage":[16,16],"damage_taken":[{"damage":1,"enemies":"Cultist","floor":1,"turns":3},{"damage":6,"enemies":"2 Louse","floor":2,"turns":3},{"damage":8,"enemies":"Jaw Worm","floor":4,"turns":4},{"damage":3,"enemies":"2 Fungi Beasts","floor":5,"turns":5},{"damage":46,"enemies":"Lagavulin","floor":6,"turns":8},{"damage":2,"enemies":"Blue Slaver","floor":8,"turns":4},{"damage":0,"enemies":"3 Louse","floor":10,"turns":3},{"damage":25,"enemies":"Gremlin Nob","floor":11,"turns":5},{"damage":3,"enemies":"Red Slaver","floor":13,"turns":5},{"damage":56,"enemies":"Slime Boss","floor":16,"turns":11}],"seed_played":"-8413218944920889554","potions_obtained":[{"floor":1,"key":"SpeedPotion"},{"floor":4,"key":"SteroidPotion"},{"floor":5,"key":"LiquidBronze"},{"floor":8,"key":"BloodPotion"}],"is_trial":false,"path_per_floor":["M","M","?","M","M","E","R","M","T","M","E","R","M","$","R","B"],"character_chosen":"IRONCLAD","items_purchased":["Meat on the Bone"],"campfire_rested":0,"item_purchase_floors":[14],"current_hp_per_floor":[80,80,80,78,80,40,40,46,46,54,37,37,42,42,42,0],"gold":22,"neow_bonus":"RANDOM_COMMON_RELIC","is_prod":false,"is_daily":false,"chose_seed":false,"campfire_upgraded":3,"win_rate":0,"timestamp":1561635398,"path_taken":["M","M","?","M","M","E","R","M","T","M","E","R","?","$","R","BOSS"],"build_version":"2019-01-23","purchased_purges":0,"victory":false,"max_hp_per_floor":[80,80,80,80,80,80,80,80,80,80,80,80,80,80,80,80],"card_choices":[{"not_picked":["Intimidate","Dual Wield"],"picked":"Flex","floor":1},{"not_picked":["Wild Strike","Feel No Pain"],"picked":"Armaments","floor":2},{"not_picked":["Sword Boomerang","Feel No Pain"],"picked":"Twin Strike","floor":4},{"not_picked":["Clash","Sentinel"],"picked":"Juggernaut","floor":5},{"not_picked":["Fiend Fire","Warcry"],"picked":"Flex","floor":6},{"not_picked":["Thunderclap","Warcry"],"picked":"Iron Wave","floor":8},{"not_picked":["Hemokinesis","Warcry"],"picked":"Clothesline","floor":10},{"not_picked":["Armaments","Heavy Blade"],"picked":"Barricade","floor":11},{"not_picked":["Clash","Rupture"],"picked":"Corruption","floor":13}],"player_experience":116415,"relics_obtained":[{"floor":6,"key":"Anchor"},{"floor":9,"key":"Oddly Smooth Stone"},{"floor":11,"key":"Dream Catcher"}],"event_choices":[{"damage_healed":0,"gold_gain":0,"player_choice":"2 cards matched","damage_taken":0,"max_hp_gain":0,"max_hp_loss":0,"event_name":"Match and Keep!","floor":3,"gold_loss":0,"cards_obtained":["Dark Embrace","Intimidate"]},{"damage_healed":0,"gold_gain":0,"player_choice":"2 cards matched","damage_taken":0,"max_hp_gain":0,"max_hp_loss":0,"event_name":"Match and Keep!","floor":3,"gold_loss":0,"cards_obtained":["Dark Embrace","Intimidate"]}],"is_beta":false,"boss_relics":[],"items_purged_floors":[],"is_endless":false,"potions_floor_spawned":[1,4,5,8],"killed_by":"Slime Boss","ascension_level":0}