{"gold_per_floor":[119,132,132,142,69,96,96,96,96,106,134,13,39,87,87,188,188,203,203,203,220,145,145],"floor_reached":23,"playtime":1545,"items_purged":[],"score":222,"play_id":"a90c9075-41b9-4cee-80ed-24aefc7db264","local_time":"20180801150717","is_ascension_mode":false,"campfire_choices":[{"data":"Darkness","floor":7,"key":"SMITH"},{"floor":15,"key":"REST"}],"neow_cost":"NONE","seed_source_timestamp":3106945806960370,"circlet_count":0,"master_deck":["Strike_B+1","Strike_B+1","Strike_B+1","Defend_B+1","Defend_B+1","Defend_B+1","Defend_B+1","Dualcast","Darkness+1","Hologram","Cold Snap","FTL","Conserve Battery","Turbo","Electrodynamics","Turbo","Ball Lightning","Glacier","Rebound","Turbo","Reboot","Hologram","Blizzard"],"relics":["Cracked Core","Darkstone Periapt","Orichalcum","Oddly Smooth Stone","Odd Mushroom","Bag of Preparation","Snecko Eye"],"potions_floor_usage":[13,16,16,16],"damage_taken":[{"damage":1,"enemies":"Jaw Worm","floor":1,"turns":4},{"damage":5,"enemies":"Cultist","floor":2,"turns":4},{"damage":13,"enemies":"2 Louse","floor":4,"turns":3},{"damage":4,"enemies":"3 Sentries","floor":6,"turns":8},{"damage":2,"enemies":"Exordium Thugs","floor":10,"turns":3},{"damage":0,"enemies":"Lagavulin","floor":11,"turns":4},{"damage":20,"floor":13,"turns":4},{"damage":4,"enemies":"Slime Boss","floor":16,"turns":5},{"damage":5,"enemies":"3 Byrds","floor":18,"turns":4},{"damage":0,"enemies":"Spheric Guardian","floor":21,"turns":1},{"damage":0,"enemies":"Book of Stabbing","floor":23,"turns":3}],"seed_played":"-8388963054380599552","potions_obtained":[{"floor":3,"key":"EntropicBrew"},{"floor":3,"key":"Swift Potion"},{"floor":3,"key":"SneckoOil"},{"floor":6,"key":"AttackPotion"},{"floor":21,"key":"EssenceOfSteel"}],"is_trial":false,"path_per_floor":["M","M","?","M","$","E","R","?","T","M","E","$","?","T","R","B",null,"M","?","?","M","?"],"character_chosen":"DEFECT","items_purchased":["FTL","Glacier","Rebound"],"campfire_rested":1,"item_purchase_floors":[5,12,12],"current_hp_per_floor":[74,69,69,56,56,52,52,52,52,50,50,50,30,30,52,48,75,70,70,70,70,70,70],"gold":145,"neow_bonus":"REMOVE_CARD","is_prod":false,"is_daily":false,"chose_seed":false,"campfire_upgraded":1,"win_rate":0,"timestamp":1533154037,"path_taken":["M","M","?","M","?","E","R","?","T","M","E","$","?","?","R","BOSS","M","?","?","?","?","E"],"build_version":"2018-07-26","purchased_purges":0,"victory":false,"max_hp_per_floor":[75,75,75,75,75,75,75,75,75,75,75,75,75,75,75,75,75,75,75,75,75,75,75],"card_choices":[{"not_picked":["Turbo","Compile Driver"],"picked":"Darkness","floor":1},{"not_picked":["Fusion","Stack"],"picked":"Hologram","floor":2},{"not_picked":["Turbo","Rebound"],"picked":"Cold Snap","floor":4},{"not_picked":["Sunder","Auto Shields"],"picked":"Conserve Battery","floor":6},{"not_picked":["Go for the Eyes","Reprogram"],"picked":"Turbo","floor":10},{"not_picked":["Self Repair","Scrape"],"picked":"Ball Lightning","floor":11},{"not_picked":["Hello World","Redo"],"picked":"Turbo","floor":13},{"not_picked":["Thunder Strike","Creative AI"],"picked":"Reboot","floor":16},{"not_picked":["Redo","Gash+1"],"picked":"Hologram","floor":18},{"not_picked":["Genetic Algorithm+1","Beam Cell"],"picked":"Blizzard","floor":21}],"player_experience":400630,"relics_obtained":[{"floor":6,"key":"Darkstone Periapt"},{"floor":9,"key":"Orichalcum"},{"floor":11,"key":"Oddly Smooth Stone"},{"floor":13,"key":"Odd Mushroom"},{"floor":14,"key":"Bag of Preparation"}],"event_choices":[{"event_name":"The Lab","player_choice":"Got Potions","floor":3,"damage_taken":0},{"event_name":"Match and Keep!","player_choice":"2 cards matched","floor":8,"damage_taken":0},{"event_name":"Mushrooms","player_choice":"Fought Mushrooms","floor":13,"damage_taken":0},{"event_name":"Ghosts","player_choice":"Ignored","floor":19,"damage_taken":0},{"event_name":"Back to Basics","player_choice":"Simplicity","floor":20,"damage_taken":0},{"event_name":"Beggar","player_choice":"Gave Gold","floor":22,"damage_taken":0}],"is_beta":false,"boss_relics":[{"not_picked":["Tiny House","Fusion Hammer"],"picked":"Snecko Eye"}],"items_purged_floors":[],"is_endless":false,"potions_floor_spawned":[6,10,11,21],"killed_by":"Book of Stabbing","ascension_level":0}