{"gold_per_floor":[113,124,74,85,103,103,119,137,137,137,137,137,167,14,14,118,118,134,134,134,233,249,249,266,266,321,10,29,41,51,6,6,6],"floor_reached":33,"playtime":2996,"items_purged":["Strike_B","Defend_B"],"score":274,"play_id":"c338efd6-1f24-41c6-a252-9121ddb58c95","local_time":"20190620140712","is_ascension_mode":false,"campfire_choices":[{"data":"Zap","floor":6.0,"key":"SMITH"},{"data":"Dualcast","floor":10.0,"key":"SMITH"},{"data":"Defragment","floor":12.0,"key":"SMITH"},{"floor":15.0,"key":"REST"},{"data":"Darkness","floor":23.0,"key":"SMITH"},{"floor":25.0,"key":"REST"},{"floor":32,"key":"REST"}],"neow_cost":"NONE","seed_source_timestamp":0,"circlet_count":0,"master_deck":["Strike_B","Strike_B","Defend_B","Defend_B","Defend_B","Zap+1","Dualcast+1","Panacea","Ball Lightning","Lockon","Defragment+1","Conserve Battery","White Noise+1","Darkness+1","Undo","Seek","Amplify","Undo","Doom and Gloom","Conserve Battery"],"special_seed":0,"relics":["Cracked Core","Ginger","Matryoshka","White Beast Statue","MutagenicStrength","Smiling Mask","Tiny Chest","Pantograph"],"potions_floor_usage":[30,30,33],"damage_taken":[{"damage":0.0,"enemies":"2 Louse","floor":1.0,"turns":3.0},{"damage":1.0,"enemies":"Jaw Worm","floor":2.0,"turns":3.0},{"damage":0.0,"enemies":"Cultist","floor":4.0,"turns":2.0},{"damage":26.0,"enemies":"Gremlin Gang","floor":5.0,"turns":4.0},{"damage":0.0,"enemies":"Exordium Thugs","floor":7.0,"turns":3.0},{"damage":7.0,"enemies":"Blue Slaver","floor":8.0,"turns":2.0},{"damage":8.0,"enemies":"Lagavulin","floor":13.0,"turns":4.0},{"damage":38.0,"enemies":"The Guardian","floor":16.0,"turns":8.0},{"damage":21.0,"enemies":"3 Byrds","floor":18.0,"turns":5.0},{"damage":29.0,"enemies":"Chosen","floor":22.0,"turns":6.0},{"damage":13.0,"enemies":"Snake Plant","floor":24.0,"turns":5.0},{"damage":10,"enemies":"Cultist and Chosen","floor":28,"turns":4},{"damage":2,"enemies":"Snecko","floor":29,"turns":4},{"damage":17,"enemies":"Shelled Parasite and Fungi","floor":30,"turns":6},{"damage":57,"enemies":"Collector","floor":33,"turns":6}],"seed_played":"305782746869946691","potions_obtained":[{"floor":2.0,"key":"EssenceOfSteel"},{"floor":5.0,"key":"Dexterity Potion"},{"floor":8.0,"key":"Weak Potion"},{"floor":28,"key":"Energy Potion"},{"floor":30,"key":"FearPotion"}],"is_trial":false,"path_per_floor":["M","M","?","M","M","R","M","M","T","R","?","R","E","$","R","B",null,"M","?","?","?","M","R","M","R","T","$","M","M","M","$","R","B"],"character_chosen":"DEFECT","items_purchased":["Seek","Pantograph","Conserve Battery"],"campfire_rested":3,"item_purchase_floors":[14,27,31],"current_hp_per_floor":[75,74,74,74,48,48,48,41,41,41,41,41,33,33,55,17,75,54,54,54,54,25,25,12,34,34,34,24,22,5,5,27,0],"gold":6,"neow_bonus":"RANDOM_COLORLESS","is_prod":false,"is_daily":false,"chose_seed":false,"campfire_upgraded":4,"win_rate":0.0,"timestamp":1561032432,"path_taken":["M","M","?","M","M","R","M","M","T","R","?","R","E","$","R","BOSS","M","?","?","?","M","R","M","R","T","?","M","?","M","$","R","BOSS"],"build_version":"2019-01-23","purchased_purges":2,"victory":false,"max_hp_per_floor":[75,75,75,75,75,75,75,75,75,75,75,75,75,75,75,75,75,75,75,75,75,75,75,75,75,75,75,75,75,75,75,75,75],"card_choices":[{"not_picked":["Genetic Algorithm","Hologram"],"picked":"Ball Lightning","floor":1.0},{"not_picked":["Leap","Self Repair"],"picked":"Lockon","floor":2.0},{"not_picked":["Streamline","Cold Snap"],"picked":"Defragment","floor":4.0},{"not_picked":["Stack","Rip and Tear"],"picked":"Conserve Battery","floor":5.0},{"not_picked":["Cold Snap","Melter"],"picked":"White Noise","floor":7.0},{"not_picked":["Rebound","Stack"],"picked":"Darkness","floor":8.0},{"not_picked":["BootSequence","Doom and Gloom"],"picked":"Undo","floor":13.0},{"not_picked":["Seek","Buffer"],"picked":"Amplify","floor":16.0},{"not_picked":["Turbo","Hologram","Rebound"],"picked":"SKIP","floor":18.0},{"not_picked":["Rebound+1","Fusion"],"picked":"Undo","floor":22.0},{"not_picked":["Turbo","Self Repair"],"picked":"Doom and Gloom","floor":24.0},{"not_picked":["Hologram","Chaos","Gash"],"picked":"SKIP","floor":28},{"not_picked":["Steam+1","Gash","Streamline"],"picked":"SKIP","floor":29},{"not_picked":["Undo","All For One","Redo"],"picked":"SKIP","floor":30}],"player_experience":83187,"relics_obtained":[{"floor":9.0,"key":"Ginger"},{"floor":13.0,"key":"Matryoshka"},{"floor":26,"key":"Smiling Mask"},{"floor":26,"key":"Tiny Chest"}],"event_choices":[{"cards_removed":["Strike_B"],"damage_healed":0.0,"max_hp_gain":0.0,"max_hp_loss":0.0,"gold_gain":0.0,"event_name":"The Cleric","player_choice":"Card Removal","floor":3.0,"gold_loss":50.0,"damage_taken":0.0},{"damage_healed":0.0,"max_hp_gain":0.0,"max_hp_loss":0.0,"gold_gain":0.0,"event_name":"Living Wall","player_choice":"Grow","floor":11.0,"gold_loss":0.0,"damage_taken":0.0,"cards_upgraded":["White Noise"]},{"damage_healed":0.0,"max_hp_gain":0.0,"max_hp_loss":0.0,"gold_gain":0.0,"event_name":"Drug Dealer","player_choice":"Inject Mutagens","floor":19.0,"gold_loss":0.0,"damage_taken":0.0,"relics_obtained":["MutagenicStrength"]},{"damage_healed":0.0,"max_hp_gain":0.0,"max_hp_loss":0.0,"gold_gain":0.0,"event_name":"Ghosts","player_choice":"Ignored","floor":20.0,"gold_loss":0.0,"damage_taken":0.0},{"damage_healed":0.0,"max_hp_gain":0.0,"max_hp_loss":0.0,"gold_gain":99.0,"event_name":"Nest","player_choice":"Stole From Cult","floor":21.0,"gold_loss":0.0,"damage_taken":0.0}],"is_beta":false,"boss_relics":[{"not_picked":["Calling Bell","Busted Crown"],"picked":"White Beast Statue"}],"items_purged_floors":[14,27],"is_endless":false,"potions_floor_spawned":[2,5,8,13,18,22,24,28,29,30],"killed_by":"Collector","ascension_level":0}