{"gold_per_floor":[112,112,127,138,154,154,168,168,168,18,38,54,69,137,137,241,241,261,360,360,360,360,360,372,372],"floor_reached":25,"playtime":1591,"items_purged":[],"score":220,"play_id":"d7ade878-c287-4148-82bc-8e935452f692","local_time":"20181117235947","is_ascension_mode":false,"campfire_choices":[{"data":"Tempest","floor":6.0,"key":"SMITH"},{"data":"Doom and Gloom","floor":15.0,"key":"SMITH"},{"data":"Defragment","floor":23.0,"key":"SMITH"}],"neow_cost":"NONE","seed_source_timestamp":0,"circlet_count":0,"master_deck":["Strike_B","Strike_B","Strike_B","Defend_B","Defend_B","Defend_B","Zap","Dualcast","Leap","Reinforced Body","Self Repair","Tempest+1","Defragment+1","Doom and Gloom+1","Ball Lightning","Electrodynamics","FTL","Rebound","Reboot","Self Repair+1","Scrape","Turbo","Necronomicurse","Cold Snap+1"],"special_seed":0,"relics":["Cracked Core","Strawberry","Busted Crown","Necronomicon"],"potions_floor_usage":[],"damage_taken":[{"damage":1.0,"enemies":"Jaw Worm","floor":1.0,"turns":3.0},{"damage":0.0,"enemies":"Small Slimes","floor":3.0,"turns":4.0},{"damage":0.0,"enemies":"2 Louse","floor":4.0,"turns":3.0},{"damage":6.0,"enemies":"Large Slime","floor":5.0,"turns":5.0},{"damage":7.0,"enemies":"Exordium Wildlife","floor":7.0,"turns":7.0},{"damage":0.0,"enemies":"2 Fungi Beasts","floor":11.0,"turns":3.0},{"damage":0.0,"enemies":"Lots of Slimes","floor":12.0,"turns":1.0},{"damage":10.0,"enemies":"Looter","floor":13.0,"turns":3.0},{"damage":33.0,"enemies":"The Guardian","floor":16.0,"turns":11.0},{"damage":0.0,"enemies":"Chosen","floor":18.0,"turns":4.0},{"damage":0.0,"enemies":"Spheric Guardian","floor":24.0,"turns":2.0},{"damage":0,"enemies":"Gremlin Leader","floor":25,"turns":1}],"seed_played":"2920908480036729108","potions_obtained":[{"floor":4.0,"key":"Strength Potion"},{"floor":7.0,"key":"GamblersBrew"},{"floor":11.0,"key":"AttackPotion"},{"floor":13.0,"key":"GamblersBrew"},{"floor":16.0,"key":"FocusPotion"}],"is_trial":false,"path_per_floor":["M","?","M","M","M","R","M","$","T","$","M","M","M","?","R","B",null,"M","?","?","?","?","R","M","E"],"character_chosen":"DEFECT","items_purchased":["Defragment","Doom and Gloom","Ball Lightning"],"campfire_rested":0,"item_purchase_floors":[10,10,10],"current_hp_per_floor":[81,81,81,81,82,82,82,82,89,89,89,89,86,86,86,53,89,89,89,72,72,56,56,56,56],"gold":372,"neow_bonus":"TEN_PERCENT_HP_BONUS","is_prod":false,"is_daily":false,"chose_seed":false,"campfire_upgraded":3,"win_rate":0,"timestamp":1542520787,"path_taken":["M","?","M","M","M","R","M","$","T","$","M","M","M","?","R","BOSS","M","?","?","?","?","R","M","E"],"build_version":"2018-11-15","purchased_purges":0,"victory":false,"max_hp_per_floor":[82,82,82,82,82,82,82,82,89,89,89,89,89,89,89,89,89,89,89,94,94,94,94,94,94],"card_choices":[{"not_picked":["Aggregate","Recycle"],"picked":"Leap","floor":1.0},{"not_picked":["Coolheaded","Leap"],"picked":"Reinforced Body","floor":3.0},{"not_picked":["Stack","Gash"],"picked":"Self Repair","floor":4.0},{"not_picked":["Barrage","Defragment"],"picked":"Tempest","floor":5.0},{"not_picked":["Steam","Storm","Aggregate"],"picked":"SKIP","floor":7.0},{"not_picked":["Beam Cell","Gash"],"picked":"Electrodynamics","floor":11.0},{"not_picked":["Stack","Redo"],"picked":"FTL","floor":12.0},{"not_picked":["Streamline","Coolheaded"],"picked":"Rebound","floor":13.0},{"not_picked":["Core Surge","Creative AI"],"picked":"Reboot","floor":16.0},{"not_picked":[],"picked":"Self Repair+1","floor":18.0},{"not_picked":[],"picked":"Cold Snap+1","floor":24.0}],"player_experience":1028232,"relics_obtained":[{"floor":9.0,"key":"Strawberry"},{"floor":22.0,"key":"Necronomicon"}],"event_choices":[{"damage_healed":0.0,"max_hp_gain":0.0,"max_hp_loss":0.0,"gold_gain":0.0,"event_name":"Liars Game","player_choice":"Ignored","floor":2.0,"gold_loss":0.0,"damage_taken":0.0},{"damage_healed":0.0,"max_hp_gain":0.0,"max_hp_loss":0.0,"gold_gain":68.0,"event_name":"Golden Wing","player_choice":"Gained Gold","floor":14.0,"gold_loss":0.0,"damage_taken":0.0},{"damage_healed":0.0,"max_hp_gain":0.0,"max_hp_loss":0.0,"gold_gain":99.0,"event_name":"Nest","player_choice":"Stole From Cult","floor":19.0,"gold_loss":0.0,"damage_taken":0.0},{"damage_healed":0.0,"max_hp_gain":5.0,"max_hp_loss":0.0,"gold_gain":0.0,"event_name":"Forgotten Altar","player_choice":"Shed Blood","floor":20.0,"gold_loss":0.0,"damage_taken":22.0},{"damage_healed":0.0,"max_hp_gain":0.0,"max_hp_loss":0.0,"gold_gain":0.0,"cards_transformed":["Strike_B","Defend_B"],"event_name":"Drug Dealer","player_choice":"Became Test Subject","floor":21.0,"gold_loss":0.0,"damage_taken":0.0,"cards_obtained":["Scrape","Turbo"]},{"damage_healed":0.0,"max_hp_gain":0.0,"max_hp_loss":0.0,"gold_gain":0.0,"event_name":"Cursed Tome","player_choice":"Obtained Book","floor":22.0,"gold_loss":0.0,"damage_taken":16.0}],"is_beta":false,"boss_relics":[{"not_picked":["Snecko Eye","Velvet Choker"],"picked":"Busted Crown"}],"items_purged_floors":[],"is_endless":false,"potions_floor_spawned":[4,7,11,13,16],"killed_by":"Gremlin Leader","ascension_level":0}