{"gold_per_floor":[117,42,59,59,71,71,96,110,110,110,120,120,152,172,172,272,272,286,286,385,372,391,391],"floor_reached":23,"playtime":2297,"items_purged":["Strike_G"],"score":305,"play_id":"159b9ede-e116-41ef-b8b8-94925f921be2","local_time":"20181023110953","is_ascension_mode":true,"campfire_choices":[{"data":"Cloak And Dagger","floor":6,"key":"SMITH"},{"data":"Crippling Poison","floor":10,"key":"SMITH"},{"data":"Blade Dance","floor":12,"key":"SMITH"},{"floor":15,"key":"REST"}],"neow_cost":"NONE","seed_source_timestamp":3540759585901031,"circlet_count":0,"master_deck":["Defend_G","Defend_G","Defend_G","Defend_G","Defend_G","Strike_G","Strike_G","Strike_G","Survivor","Neutralize","Slice","Leg Sweep","Cloak And Dagger+1","Crippling Poison+1","Blade Dance+1","Poisoned Stab","Backflip","Slice","Blade Dance","Poisoned Stab"],"relics":["Ring of the Snake","Gremlin Horn","Kunai","Matryoshka","Singing Bowl","Orrery"],"potions_floor_usage":[7,7,7,21],"damage_taken":[{"damage":3,"enemies":"Cultist","floor":1,"turns":4},{"damage":0,"enemies":"Jaw Worm","floor":3,"turns":5},{"damage":0,"enemies":"Small Slimes","floor":5,"turns":7},{"damage":8,"enemies":"3 Sentries","floor":7,"turns":10},{"damage":0,"enemies":"2 Fungi Beasts","floor":8,"turns":4},{"damage":0,"enemies":"Large Slime","floor":11,"turns":5},{"damage":7,"enemies":"Lagavulin","floor":13,"turns":6},{"damage":2,"enemies":"Exordium Wildlife","floor":14,"turns":4},{"damage":1,"enemies":"The Guardian","floor":16,"turns":14},{"damage":1,"enemies":"Shell Parasite","floor":18,"turns":9},{"damage":10,"enemies":"2 Thieves","floor":21,"turns":4},{"damage":24,"enemies":"Snecko","floor":22,"turns":7},{"damage":51,"enemies":"Book of Stabbing","floor":23,"turns":9}],"seed_played":"8891610456851228058","potions_obtained":[{"floor":1,"key":"EntropicBrew"},{"floor":5,"key":"SpeedPotion"},{"floor":14,"key":"GhostInAJar"}],"is_trial":false,"path_per_floor":["M","$","M","T","M","R","?","M","T","R","M","R","E","M","R","B",null,"M","?","?","M","M"],"character_chosen":"THE_SILENT","items_purchased":[],"campfire_rested":1,"item_purchase_floors":[],"current_hp_per_floor":[60,60,60,60,60,60,52,52,52,52,52,52,47,47,69,70,79,80,80,80,72,50,0],"gold":391,"neow_bonus":"TRANSFORM_CARD","is_prod":false,"is_daily":false,"chose_seed":false,"campfire_upgraded":3,"win_rate":0,"timestamp":1540310993,"path_taken":["M","?","M","?","M","R","?","?","T","R","M","R","E","M","R","BOSS","M","?","?","M","M","E"],"build_version":"2018-10-18","purchased_purges":1,"victory":false,"max_hp_per_floor":[70,70,70,70,70,70,70,70,70,70,70,70,72,74,74,76,80,82,82,82,84,86,86],"card_choices":[{"not_picked":["Footwork","Well Laid Plans"],"picked":"Leg Sweep","floor":1},{"not_picked":["Heel Hook","Concentrate"],"picked":"Cloak And Dagger","floor":3},{"not_picked":["Deadly Poison","PiercingWail"],"picked":"Crippling Poison","floor":5},{"not_picked":["Heel Hook","Poisoned Stab"],"picked":"Blade Dance","floor":7},{"not_picked":["Underhanded Strike","PiercingWail"],"picked":"Poisoned Stab","floor":8},{"not_picked":["Deadly Poison","Doppelganger"],"picked":"Backflip","floor":11},{"not_picked":["Underhanded Strike","Well Laid Plans","Footwork"],"picked":"Singing Bowl","floor":13},{"not_picked":["Flying Knee","Acrobatics","All Out Attack"],"picked":"Singing Bowl","floor":14},{"not_picked":["Malaise","After Image","Unload"],"picked":"Singing Bowl","floor":16},{"not_picked":["Underhanded Strike","Noxious Fumes"],"picked":"Slice","floor":17},{"not_picked":["Acrobatics","Terror","Eviscerate"],"picked":"Singing Bowl","floor":17},{"not_picked":["Bane","Heel Hook","Outmaneuver"],"picked":"Singing Bowl","floor":17},{"not_picked":["Dodge and Roll","Die Die Die"],"picked":"Blade Dance","floor":17},{"not_picked":["Heel Hook","Flechettes"],"picked":"Poisoned Stab","floor":17},{"not_picked":["PiercingWail+1","Infinite Blades","Dagger Throw"],"picked":"Singing Bowl","floor":18},{"not_picked":["Distraction","Venomology","Blur"],"picked":"Singing Bowl","floor":21},{"not_picked":["Deadly Poison","Sucker Punch","Footwork"],"picked":"Singing Bowl","floor":22}],"player_experience":842308,"relics_obtained":[{"floor":4,"key":"Gremlin Horn"},{"floor":7,"key":"Kunai"},{"floor":9,"key":"Matryoshka"},{"floor":13,"key":"Singing Bowl"}],"event_choices":[{"damage_healed":0,"gold_gain":30,"player_choice":"Searched \u00272\u0027 times","damage_taken":0,"max_hp_gain":0,"max_hp_loss":0,"event_name":"Dead Adventurer","floor":7,"gold_loss":0},{"damage_healed":0,"gold_gain":0,"player_choice":"Ignored","damage_taken":0,"max_hp_gain":0,"max_hp_loss":0,"event_name":"Ghosts","floor":19,"gold_loss":0},{"damage_healed":0,"gold_gain":99,"player_choice":"Stole From Cult","damage_taken":0,"max_hp_gain":0,"max_hp_loss":0,"event_name":"Nest","floor":20,"gold_loss":0}],"is_beta":false,"boss_relics":[{"not_picked":["Sozu","Empty Cage"],"picked":"Orrery"}],"items_purged_floors":[2],"is_endless":false,"potions_floor_spawned":[1,5,14],"killed_by":"Book of Stabbing","ascension_level":9}