{"gold_per_floor":[360,360,378,40,60,60,95,95,170,198,198,253,218,236,236,236],"floor_reached":16,"playtime":1262,"items_purged":["Defend_G"],"score":148,"play_id":"80fcc41a-6b05-40e2-87ec-6751c2ef7cb6","local_time":"20190629160239","is_ascension_mode":true,"campfire_choices":[{"data":"Infinite Blades","floor":6,"key":"SMITH"},{"floor":8,"key":"REST"},{"floor":15,"key":"REST"}],"neow_cost":"TEN_PERCENT_HP_LOSS","seed_source_timestamp":1224211718548000,"circlet_count":0,"master_deck":["Defend_G","Defend_G","Defend_G","Defend_G","Strike_G","Strike_G","Strike_G","Strike_G","Strike_G","Survivor","Neutralize","Infinite Blades+1","Neutralize","Slice","PiercingWail","Prepared","Good Instincts","Dagger Spray","Backflip","Escape Plan","Dagger Spray","Escape Plan"],"relics":["Ring of the Snake","Oddly Smooth Stone","Dream Catcher","Pear","FossilizedHelix","Tiny Chest"],"potions_floor_usage":[7,7,10],"damage_taken":[{"damage":1,"enemies":"Small Slimes","floor":1,"turns":3},{"damage":2,"enemies":"Cultist","floor":3,"turns":5},{"damage":1,"enemies":"2 Louse","floor":5,"turns":3},{"damage":50,"enemies":"Gremlin Nob","floor":7,"turns":7},{"damage":16,"enemies":"3 Sentries","floor":10,"turns":7},{"damage":18,"enemies":"Gremlin Nob","floor":12,"turns":5},{"damage":0,"enemies":"2 Fungi Beasts","floor":14,"turns":3},{"damage":42,"enemies":"The Guardian","floor":16,"turns":15}],"seed_played":"-207045491908376096","potions_obtained":[{"floor":1,"key":"EssenceOfSteel"},{"floor":3,"key":"SneckoOil"},{"floor":7,"key":"Ancient Potion"}],"is_trial":false,"path_per_floor":["M","?","M","$","M","R","E","R","T","E","?","E","?","M","R","B"],"character_chosen":"THE_SILENT","items_purchased":["Oddly Smooth Stone","Prepared","Good Instincts"],"campfire_rested":2,"item_purchase_floors":[4,4,4],"current_hp_per_floor":[62,62,60,60,59,59,9,27,37,21,21,3,21,21,42,0],"gold":236,"neow_bonus":"TWO_FIFTY_GOLD","is_prod":false,"is_daily":false,"chose_seed":false,"campfire_upgraded":1,"win_rate":0,"timestamp":1561849359,"path_taken":["M","?","?","$","M","R","E","R","T","E","?","E","?","M","R","BOSS"],"build_version":"2019-01-23","purchased_purges":1,"victory":false,"max_hp_per_floor":[63,63,63,63,63,63,63,63,73,73,73,73,73,73,73,73],"card_choices":[{"not_picked":["Riddle With Holes","Quick Slash"],"picked":"Infinite Blades","floor":1},{"not_picked":["Sucker Punch","Poisoned Stab"],"picked":"PiercingWail","floor":3},{"not_picked":["Poisoned Stab","Predator"],"picked":"Dagger Spray","floor":5},{"not_picked":["Predator","Acrobatics"],"picked":"Backflip","floor":7},{"not_picked":["Poisoned Stab","Bullet Time"],"picked":"Escape Plan","floor":8},{"not_picked":["Poisoned Stab","Deadly Poison"],"picked":"Dagger Spray","floor":10},{"not_picked":["Backflip","PiercingWail"],"picked":"Escape Plan","floor":12},{"not_picked":["Underhanded Strike","Expertise","Terror"],"picked":"SKIP","floor":14}],"player_experience":579062,"relics_obtained":[{"floor":7,"key":"Dream Catcher"},{"floor":9,"key":"Pear"},{"floor":10,"key":"FossilizedHelix"},{"floor":12,"key":"Tiny Chest"}],"event_choices":[{"damage_healed":0,"gold_gain":0,"player_choice":"2 cards matched","damage_taken":0,"max_hp_gain":0,"max_hp_loss":0,"event_name":"Match and Keep!","floor":2,"gold_loss":0,"cards_obtained":["Neutralize","Slice"]},{"damage_healed":0,"gold_gain":0,"player_choice":"Ignored","damage_taken":0,"max_hp_gain":0,"max_hp_loss":0,"event_name":"Shining Light","floor":11,"gold_loss":0},{"damage_healed":18,"gold_gain":0,"player_choice":"Healed","damage_taken":0,"max_hp_gain":0,"max_hp_loss":0,"event_name":"The Cleric","floor":13,"gold_loss":35}],"is_beta":false,"boss_relics":[],"items_purged_floors":[4],"is_endless":false,"potions_floor_spawned":[1,3,7],"killed_by":"The Guardian","ascension_level":5}