{"gold_per_floor":[112,112,124,136,166,178,237,249,261,273,297,322,334,366,378,467,479,507,434,446,468,365,365,399,399,453,453,485,503,503,523,523,523],"floor_reached":33,"playtime":2031,"items_purged":[],"score":505,"play_id":"dba91618-dda6-4b4a-a956-b172a0b21051","local_time":"20181016155358","is_ascension_mode":true,"campfire_choices":[{"data":"Iron Wave","floor":6.0,"key":"SMITH"},{"data":"Heavy Blade","floor":8.0,"key":"SMITH"},{"data":"Headbutt","floor":13.0,"key":"SMITH"},{"data":"Uppercut","floor":15.0,"key":"SMITH"},{"floor":23.0,"key":"REST"},{"data":"Flex","floor":25.0,"key":"SMITH"},{"data":"Flex","floor":27.0,"key":"SMITH"},{"floor":30.0,"key":"REST"},{"data":"Heavy Blade","floor":32.0,"key":"SMITH"}],"neow_cost":"NONE","seed_source_timestamp":0,"circlet_count":0,"master_deck":["Strike_R","Strike_R","Strike_R","Strike_R","Defend_R","Defend_R","Defend_R","Defend_R","Bash","AscendersBane","Heavy Blade+1","Iron Wave+1","Pommel Strike","Headbutt+1","Uppercut+1","Double Tap+1","Shrug It Off","Power Through+1","Wild Strike","Iron Wave","Headbutt","Cleave+1","RitualDagger","Flex+1","Flex+1","Thunderclap","Dropkick+1","Reaper","Heavy Blade+1","Spot Weakness+1"],"special_seed":0,"relics":["Burning Blood","MawBank","FaceOfCleric","Centennial Puzzle","Lantern","Orrery","Question Card","Omamori","War Paint","Bronze Scales"],"potions_floor_usage":[],"damage_taken":[{"damage":14.0,"enemies":"Jaw Worm","floor":1.0,"turns":4.0},{"damage":5.0,"enemies":"Small Slimes","floor":5.0,"turns":4.0},{"damage":1.0,"enemies":"Cultist","floor":11.0,"turns":3.0},{"damage":17.0,"enemies":"Exordium Wildlife","floor":12.0,"turns":4.0},{"damage":4.0,"enemies":"2 Fungi Beasts","floor":14.0,"turns":3.0},{"damage":45.0,"enemies":"The Guardian","floor":16.0,"turns":12.0},{"damage":25.0,"enemies":"Spheric Guardian","floor":18.0,"turns":5.0},{"damage":14.0,"enemies":"3 Byrds","floor":21.0,"turns":7.0},{"damage":12.0,"enemies":"Slavers","floor":24.0,"turns":4.0},{"damage":60.0,"enemies":"Gremlin Leader","floor":28.0,"turns":7.0},{"damage":18.0,"enemies":"3 Cultists","floor":29.0,"turns":4.0},{"damage":3.0,"enemies":"Snecko","floor":31.0,"turns":3.0},{"damage":90,"enemies":"Collector","floor":33,"turns":8}],"seed_played":"-4226866226175789132","potions_obtained":[{"floor":5.0,"key":"Explosive Potion"},{"floor":11.0,"key":"SpeedPotion"},{"floor":14.0,"key":"Weak Potion"},{"floor":24.0,"key":"Weak Potion"}],"is_trial":false,"path_per_floor":["M","?","?","?","M","R","T","R","T","$","M","M","R","M","R","B",null,"M","?","?","M","$","R","E","R","T","R","E","M","R","M","R"],"character_chosen":"IRONCLAD","items_purchased":["Flex","Thunderclap"],"campfire_rested":2,"item_purchase_floors":[22,22],"current_hp_per_floor":[67,62,62,62,64,64,64,64,64,64,70,60,60,63,63,25,72,54,54,48,41,41,67,62,62,62,62,9,29,56,64,64,0],"gold":523,"neow_bonus":"TEN_PERCENT_HP_BONUS","is_prod":false,"is_daily":false,"chose_seed":false,"campfire_upgraded":7,"win_rate":0,"timestamp":1539723238,"path_taken":["M","?","?","?","?","R","?","R","T","$","M","M","R","M","R","BOSS","M","?","?","M","$","R","E","R","T","R","E","M","R","M","R","BOSS"],"build_version":"2018-10-11","purchased_purges":0,"victory":false,"max_hp_per_floor":[82,82,82,82,83,83,83,83,83,83,84,85,85,86,86,87,87,88,88,88,89,89,89,90,90,90,90,91,92,92,93,93,93],"card_choices":[{"not_picked":["True Grit","Wild Strike"],"picked":"Heavy Blade","floor":1.0},{"not_picked":["Sword Boomerang","True Grit"],"picked":"Iron Wave","floor":5.0},{"not_picked":["Iron Wave","Twin Strike"],"picked":"Pommel Strike","floor":11.0},{"not_picked":["Hemokinesis","Clash"],"picked":"Headbutt","floor":12.0},{"not_picked":["Seeing Red","Fire Breathing"],"picked":"Uppercut","floor":14.0},{"not_picked":["Exhume","Feed"],"picked":"Double Tap","floor":16.0},{"not_picked":["Seeing Red","Cleave"],"picked":"Shrug It Off","floor":17.0},{"not_picked":["Cleave","Dual Wield"],"picked":"Power Through","floor":17.0},{"not_picked":["Clothesline","Dark Embrace"],"picked":"Wild Strike","floor":17.0},{"not_picked":["Warcry","Clothesline"],"picked":"Iron Wave","floor":17.0},{"not_picked":["Sword Boomerang","Corruption"],"picked":"Headbutt","floor":17.0},{"not_picked":["Second Wind","Twin Strike"],"picked":"Cleave+1","floor":18.0},{"not_picked":["Perfected Strike","Metallicize","Headbutt+1"],"picked":"Flex","floor":21.0},{"not_picked":["Rampage+1","Entrench","Shockwave"],"picked":"Dropkick+1","floor":24.0},{"not_picked":["Armaments","Burning Pact","Clothesline"],"picked":"Reaper","floor":28.0},{"not_picked":["True Grit","Second Wind","Dropkick"],"picked":"Heavy Blade","floor":29.0},{"not_picked":["Sword Boomerang+1","Armaments","Infernal Blade+1"],"picked":"Spot Weakness+1","floor":31.0}],"player_experience":773743,"relics_obtained":[{"floor":7.0,"key":"Centennial Puzzle"},{"floor":9.0,"key":"Lantern"},{"floor":24.0,"key":"Omamori"},{"floor":26.0,"key":"War Paint"},{"floor":28.0,"key":"Bronze Scales"}],"event_choices":[{"event_name":"Scrap Ooze","player_choice":"success","floor":2.0,"damage_taken":5.0},{"event_name":"FaceTrader","player_choice":"Trade","floor":3.0,"damage_taken":0.0},{"event_name":"Purifier","player_choice":"One Purge","floor":4.0,"damage_taken":0.0},{"event_name":"Addict","player_choice":"Obtained Relic","floor":19.0,"damage_taken":0.0},{"event_name":"Nest","player_choice":"Joined the Cult","floor":20.0,"damage_taken":0.0}],"is_beta":false,"boss_relics":[{"not_picked":["Tiny House","Runic Pyramid"],"picked":"Orrery"}],"items_purged_floors":[],"is_endless":false,"potions_floor_spawned":[5,11,14,24],"killed_by":"Collector","ascension_level":17}