{"gold_per_floor":[111,130,145,220,220,256,99,99,124,139,153,153,153,189,189,314,314,330,348,348,348,348,348,387,387,462,475,489,35,35,56,56,187,187,203,203,149,1148,1172,1236,1236,1259,1259,1229,653,669,669,688,688,688],"floor_reached":50,"playtime":2141,"items_purged":["Dualcast","Normality"],"score":570,"play_id":"258fbf18-f020-4b82-b9f1-d41c82bedfc1","local_time":"20190318143443","is_ascension_mode":false,"campfire_choices":[{"floor":8.0,"key":"REST"},{"data":"Hyperbeam","floor":12.0,"key":"SMITH"},{"data":"Hyperbeam","floor":15.0,"key":"SMITH"},{"data":"Hyperbeam","floor":23.0,"key":"SMITH"},{"data":"Doom and Gloom","floor":25.0,"key":"SMITH"},{"data":"Rebound","floor":32.0,"key":"SMITH"},{"data":"1","floor":41.0,"key":"LIFT"},{"floor":47.0,"key":"REST"},{"floor":49.0,"key":"RECALL"}],"neow_cost":"NONE","seed_source_timestamp":0,"circlet_count":0,"master_deck":["Strike_B+1","Strike_B+1","Defend_B+1","Defend_B+1","Defend_B+1","Hyperbeam+1","Streamline+1","Turbo","Conserve Battery","Hyperbeam+1","FTL","Doom and Gloom+1","Rebound","FTL+1","Hyperbeam+1","Sunder+1","Double Energy+1","Self Repair","Sweeping Beam","BootSequence","Steam Power+1","Rebound+1","Hologram","Core Surge","Hyperbeam","Hyperbeam","Compile Driver+1","Madness","Madness","Leap","Normality","Rebound+1","Sunder+1","Beam Cell+1","Thinking Ahead+1","Steam+1","Conserve Battery+1"],"special_seed":0,"relics":["Cracked Core","Golden Idol","Ancient Tea Set","Anchor","Bag of Preparation","Astrolabe","Whetstone","Kunai","Pantograph","Lee\u0027s Waffle","Fusion Hammer","Girya","Toxic Egg 2","Membership Card","Happy Flower","Gambling Chip"],"potions_floor_usage":[],"damage_taken":[{"damage":1.0,"enemies":"Jaw Worm","floor":1.0,"turns":3.0},{"damage":0.0,"enemies":"Small Slimes","floor":2.0,"turns":1.0},{"damage":0.0,"enemies":"2 Louse","floor":3.0,"turns":1.0},{"damage":6.0,"enemies":"3 Sentries","floor":6.0,"turns":5.0},{"damage":0.0,"enemies":"Red Slaver","floor":10.0,"turns":2.0},{"damage":1.0,"enemies":"Exordium Wildlife","floor":11.0,"turns":2.0},{"damage":1.0,"enemies":"Gremlin Nob","floor":14.0,"turns":3.0},{"damage":50.0,"enemies":"Hexaghost","floor":16.0,"turns":8.0},{"damage":0.0,"enemies":"3 Byrds","floor":18.0,"turns":1.0},{"damage":0.0,"enemies":"2 Thieves","floor":19.0,"turns":2.0},{"damage":0.0,"enemies":"Gremlin Leader","floor":24.0,"turns":2.0},{"damage":0.0,"enemies":"Sentry and Sphere","floor":27.0,"turns":1.0},{"damage":21.0,"enemies":"Snake Plant","floor":28.0,"turns":3.0},{"damage":0.0,"enemies":"Shelled Parasite and Fungi","floor":31.0,"turns":3.0},{"damage":74.0,"enemies":"Champ","floor":33.0,"turns":9.0},{"damage":0.0,"enemies":"Orb Walker","floor":35.0,"turns":2.0},{"damage":0.0,"enemies":"3 Shapes","floor":39.0,"turns":2.0},{"damage":14.0,"enemies":"2 Orb Walkers","floor":40.0,"turns":3.0},{"damage":0.0,"enemies":"Jaw Worm Horde","floor":42.0,"turns":2.0},{"damage":16.0,"enemies":"Spire Growth","floor":46.0,"turns":3.0},{"damage":0.0,"enemies":"4 Shapes","floor":48.0,"turns":1.0},{"damage":87,"enemies":"Time Eater","floor":50,"turns":7}],"seed_played":"7883794046951757839","potions_obtained":[{"floor":6.0,"key":"Weak Potion"},{"floor":11.0,"key":"SteroidPotion"},{"floor":13.0,"key":"Block Potion"},{"floor":13.0,"key":"SteroidPotion"},{"floor":40.0,"key":"PowerPotion"},{"floor":44.0,"key":"Explosive Potion"},{"floor":44.0,"key":"Strength Potion"},{"floor":46.0,"key":"Swift Potion"}],"is_trial":false,"path_per_floor":["M","M","M","?","?","E","$","R","T","M","M","R","?","E","R","B",null,"M","M","?","T","?","R","E","R","T","M","M","$","?","M","R","B",null,"M","?","$","?","M","?","R","M","T","?","$","M","R","M","R","B"],"character_chosen":"DEFECT","items_purchased":["FTL","Pantograph","Lee\u0027s Waffle","Leap","Membership Card","Happy Flower","Gambling Chip","Thinking Ahead+1"],"campfire_rested":2,"item_purchase_floors":[7,29,29,37,45,45,45,45],"current_hp_per_floor":[74,74,74,63,45,39,39,61,61,61,60,60,60,59,59,9,75,75,75,75,75,75,75,75,75,75,75,54,82,82,82,82,15,82,82,72,72,72,72,58,58,58,58,58,58,49,73,73,73,0],"gold":688,"neow_bonus":"ONE_RANDOM_RARE_CARD","is_prod":false,"is_daily":false,"chose_seed":false,"campfire_upgraded":5,"win_rate":0,"timestamp":1552937683,"path_taken":["M","M","M","?","?","E","?","R","T","M","M","R","?","E","R","BOSS","M","M","?","?","?","R","E","R","T","M","M","$","?","M","R","BOSS","M","?","$","?","M","?","R","M","T","?","$","M","R","?","R","BOSS"],"build_version":"2019-01-23","purchased_purges":2,"victory":false,"max_hp_per_floor":[75,75,75,75,75,75,75,75,75,75,75,75,75,75,75,75,75,75,75,75,75,75,75,75,75,75,75,75,82,82,82,82,82,82,82,82,82,82,82,82,82,82,82,82,82,82,82,82,82,82],"card_choices":[{"not_picked":["Cold Snap","Hello World"],"picked":"Streamline","floor":1.0},{"not_picked":["Coolheaded","Cold Snap"],"picked":"Turbo","floor":2.0},{"not_picked":["Capacitor","Aggregate"],"picked":"Conserve Battery","floor":3.0},{"not_picked":["Coolheaded","Steam Power"],"picked":"Hyperbeam","floor":6.0},{"not_picked":["Recycle","Loop"],"picked":"Doom and Gloom","floor":10.0},{"not_picked":["Chaos","Coolheaded"],"picked":"Rebound","floor":11.0},{"not_picked":["Thunder Strike","Steam"],"picked":"FTL","floor":14.0},{"not_picked":["Electrodynamics","Seek"],"picked":"Hyperbeam","floor":16.0},{"not_picked":["Redo","Compile Driver"],"picked":"Self Repair","floor":18.0},{"not_picked":["Recycle","Auto Shields"],"picked":"Sweeping Beam","floor":19.0},{"not_picked":["Stack","Scrape"],"picked":"BootSequence","floor":24.0},{"not_picked":["Leap","Compile Driver"],"picked":"Steam Power+1","floor":27.0},{"not_picked":["Leap","FTL"],"picked":"Rebound","floor":28.0},{"not_picked":["Go for the Eyes+1","Aggregate"],"picked":"Hyperbeam","floor":31.0},{"not_picked":["Biased Cognition","Rainbow"],"picked":"Hyperbeam","floor":33.0},{"not_picked":["Redo","Doom and Gloom"],"picked":"Compile Driver+1","floor":35.0},{"not_picked":["Sunder","Barrage"],"picked":"Rebound+1","floor":39.0},{"not_picked":["Doom and Gloom+1","Chaos"],"picked":"Sunder+1","floor":40.0},{"not_picked":["Glacier","Sweeping Beam"],"picked":"Beam Cell+1","floor":42.0},{"not_picked":["Loop+1","Heatsinks"],"picked":"Steam+1","floor":46.0},{"not_picked":["Leap+1","Rebound"],"picked":"Conserve Battery+1","floor":48.0}],"player_experience":1218103,"relics_obtained":[{"floor":6.0,"key":"Ancient Tea Set"},{"floor":9.0,"key":"Anchor"},{"floor":14.0,"key":"Bag of Preparation"},{"floor":24.0,"key":"Whetstone"},{"floor":26.0,"key":"Kunai"},{"floor":40.0,"key":"Girya"},{"floor":43.0,"key":"Toxic Egg 2"}],"event_choices":[{"damage_healed":0.0,"max_hp_gain":0.0,"max_hp_loss":0.0,"gold_gain":75.0,"event_name":"World of Goop","player_choice":"Gather Gold","floor":4.0,"gold_loss":0.0,"damage_taken":11.0},{"damage_healed":0.0,"max_hp_gain":0.0,"max_hp_loss":0.0,"gold_gain":0.0,"event_name":"Golden Idol","player_choice":"Take Damage","floor":5.0,"gold_loss":0.0,"damage_taken":18.0,"relics_obtained":["Golden Idol"]},{"damage_healed":0.0,"max_hp_gain":0.0,"max_hp_loss":0.0,"gold_gain":0.0,"event_name":"Lab","player_choice":"Got Potions","floor":13.0,"gold_loss":0.0,"damage_taken":0.0},{"damage_healed":0.0,"max_hp_gain":0.0,"max_hp_loss":0.0,"gold_gain":0.0,"event_name":"Vampires","player_choice":"Ignored","floor":20.0,"gold_loss":0.0,"damage_taken":0.0},{"damage_healed":0.0,"max_hp_gain":0.0,"max_hp_loss":0.0,"gold_gain":0.0,"event_name":"Back to Basics","player_choice":"Simplicity","floor":22.0,"gold_loss":0.0,"damage_taken":0.0,"cards_upgraded":["Strike_B","Strike_B","Defend_B","Defend_B","Defend_B"]},{"damage_healed":0.0,"max_hp_gain":0.0,"max_hp_loss":0.0,"gold_gain":0.0,"cards_transformed":["Zap","Creative AI"],"event_name":"Drug Dealer","player_choice":"Became Test Subject","floor":30.0,"gold_loss":0.0,"damage_taken":0.0,"cards_obtained":["Hologram","Core Surge"]},{"damage_healed":0.0,"max_hp_gain":0.0,"max_hp_loss":0.0,"gold_gain":0.0,"event_name":"Winding Halls","player_choice":"Embrace Madness","floor":36.0,"gold_loss":0.0,"damage_taken":10.0,"cards_obtained":["Madness","Madness"]},{"damage_healed":0.0,"max_hp_gain":0.0,"max_hp_loss":0.0,"gold_gain":999.0,"event_name":"MindBloom","player_choice":"Gold","floor":38.0,"gold_loss":0.0,"damage_taken":0.0,"cards_obtained":["Normality","Normality"]},{"damage_healed":0.0,"max_hp_gain":0.0,"max_hp_loss":0.0,"gold_gain":0.0,"event_name":"Mysterious Sphere","player_choice":"Fight","floor":40.0,"gold_loss":0.0,"damage_taken":0.0},{"damage_healed":0.0,"max_hp_gain":0.0,"max_hp_loss":0.0,"gold_gain":0.0,"event_name":"The Woman in Blue","player_choice":"Bought 2 Potions","floor":44.0,"gold_loss":0.0,"damage_taken":0.0}],"is_beta":false,"boss_relics":[{"not_picked":["Black Star","Runic Dome"],"picked":"Astrolabe"},{"not_picked":["Coffee Dripper","FrozenCore"],"picked":"Fusion Hammer"}],"items_purged_floors":[7,45],"is_endless":false,"potions_floor_spawned":[6,11,14,16,18,19,24,28,40,46],"killed_by":"Time Eater","ascension_level":0}