{"gold_per_floor":[119,138,44,44,57,57,76,92,92,123,133,147,222,234,234,331,331,344,20,32,44,61,61,61,88,88,88,88,104,3,3],"floor_reached":31,"playtime":1991,"items_purged":[],"score":261,"play_id":"8a5c3a07-9622-4cf1-a0a2-476ea8677065","local_time":"20190703094200","is_ascension_mode":false,"campfire_choices":[{"data":"Trip","floor":6.0,"key":"SMITH"},{"floor":15.0,"key":"REST"},{"floor":23.0,"key":"REST"}],"neow_cost":"","seed_source_timestamp":546731444499,"circlet_count":0,"master_deck":["Strike_R","Strike_R","Strike_R","Strike_R","Strike_R","Defend_R","Defend_R","Defend_R","Defend_R","Bash","Ghostly Armor","Rampage","Trip+1","Armaments","Iron Wave","Fire Breathing","Whirlwind","Thunderclap","Flex","Barricade","Anger","The Bomb","Anger+1","Flex+1","Thunderclap","Writhe","Decay","Iron Wave+1"],"special_seed":0,"relics":["Burning Blood","Potion Belt","Happy Flower","Lizard Tail","Blood Vial","Meat on the Bone","Paper Frog","Oddly Smooth Stone","Thread and Needle"],"potions_floor_usage":[25],"damage_taken":[{"damage":6.0,"enemies":"Jaw Worm","floor":1.0,"turns":6.0},{"damage":1.0,"enemies":"Cultist","floor":2.0,"turns":4.0},{"damage":1.0,"enemies":"2 Louse","floor":5.0,"turns":3.0},{"damage":3.0,"enemies":"Large Slime","floor":7.0,"turns":9.0},{"damage":24.0,"enemies":"Gremlin Gang","floor":8.0,"turns":7.0},{"damage":15.0,"enemies":"Gremlin Nob","floor":10.0,"turns":4.0},{"damage":2.0,"enemies":"Blue Slaver","floor":11.0,"turns":4.0},{"damage":13.0,"enemies":"2 Fungi Beasts","floor":12.0,"turns":3.0},{"damage":7.0,"enemies":"Exordium Wildlife","floor":14.0,"turns":5.0},{"damage":67.0,"enemies":"The Guardian","floor":16.0,"turns":13.0},{"damage":38.0,"enemies":"Shell Parasite","floor":18.0,"turns":7.0},{"damage":17.0,"enemies":"3 Byrds","floor":20.0,"turns":3.0},{"damage":37.0,"enemies":"Snecko","floor":21.0,"turns":5.0},{"damage":40.0,"enemies":"Centurion and Healer","floor":22.0,"turns":5.0},{"damage":59,"enemies":"Book of Stabbing","floor":25,"turns":7},{"damage":8,"enemies":"Cultist and Chosen","floor":29,"turns":3},{"damage":38,"enemies":"Snecko","floor":31,"turns":5}],"seed_played":"-442579349264380375","potions_obtained":[{"floor":1.0,"key":"Swift Potion"},{"floor":2.0,"key":"PowerPotion"},{"floor":4.0,"key":"FairyPotion"},{"floor":4.0,"key":"BloodPotion"},{"floor":10.0,"key":"AttackPotion"},{"floor":20.0,"key":"FairyPotion"},{"floor":22.0,"key":"SkillPotion"}],"is_trial":false,"path_per_floor":["M","M","$","?","M","R","M","M","T","E","M","M","?","M","R","B",null,"M","$","M","M","M","R","$","E","T","?","?","M","?","M"],"character_chosen":"IRONCLAD","items_purchased":["Trip","Blood Vial","The Bomb"],"campfire_rested":2,"item_purchase_floors":[3,19,19],"current_hp_per_floor":[80,80,80,80,80,80,80,62,62,71,75,68,57,56,80,19,80,48,48,39,10,46,70,70,19,19,19,19,31,31,0],"gold":3,"neow_bonus":"","is_prod":false,"is_daily":false,"chose_seed":false,"campfire_upgraded":1,"win_rate":0.0,"timestamp":1562161320,"path_taken":["M","M","$","?","M","R","?","M","T","E","M","?","?","M","R","BOSS","M","$","M","M","M","R","$","E","T","?","?","M","?","?"],"build_version":"2019-07-01","purchased_purges":0,"victory":false,"max_hp_per_floor":[80,80,80,80,80,80,80,80,80,80,80,80,80,80,80,80,80,80,80,80,80,80,80,80,80,80,80,80,80,80,80],"card_choices":[{"not_picked":["Pummel","Cleave"],"picked":"Ghostly Armor","floor":1.0},{"not_picked":["Sword Boomerang","Body Slam"],"picked":"Rampage","floor":2.0},{"not_picked":["Clothesline","Warcry"],"picked":"Armaments","floor":5.0},{"not_picked":["Combust","Sword Boomerang","Pommel Strike"],"picked":"SKIP","floor":7.0},{"not_picked":["Disarm","Clash"],"picked":"Iron Wave","floor":8.0},{"not_picked":["Cleave","Anger"],"picked":"Fire Breathing","floor":10.0},{"not_picked":["Warcry","Perfected Strike"],"picked":"Whirlwind","floor":11.0},{"not_picked":["Berserk","Disarm"],"picked":"Thunderclap","floor":12.0},{"not_picked":["Corruption","Intimidate"],"picked":"Flex","floor":14.0},{"not_picked":["Juggernaut","Brutality"],"picked":"Barricade","floor":16.0},{"not_picked":["Warcry","Searing Blow"],"picked":"Anger","floor":18.0},{"not_picked":["Thunderclap","Searing Blow","Burning Pact"],"picked":"SKIP","floor":20.0},{"not_picked":["Carnage","Uppercut"],"picked":"Anger+1","floor":21.0},{"not_picked":["Sever Soul","Blood for Blood"],"picked":"Flex+1","floor":22.0},{"not_picked":["Twin Strike","Disarm"],"picked":"Thunderclap","floor":25},{"not_picked":["Thunderclap+1","Dropkick"],"picked":"Iron Wave+1","floor":29}],"player_experience":0,"relics_obtained":[{"floor":9.0,"key":"Potion Belt"},{"floor":10.0,"key":"Happy Flower"},{"floor":25,"key":"Meat on the Bone"},{"floor":26,"key":"Paper Frog"}],"event_choices":[{"damage_healed":0.0,"max_hp_gain":0.0,"max_hp_loss":0.0,"gold_gain":0.0,"event_name":"Lab","player_choice":"Got Potions","floor":4.0,"gold_loss":0.0,"damage_taken":0.0},{"damage_healed":0.0,"max_hp_gain":0.0,"max_hp_loss":0.0,"gold_gain":75.0,"event_name":"World of Goop","player_choice":"Gather Gold","floor":13.0,"gold_loss":0.0,"damage_taken":11.0},{"damage_healed":0,"gold_gain":0,"player_choice":"Opened","damage_taken":0,"relics_obtained":["Oddly Smooth Stone"],"max_hp_gain":0,"max_hp_loss":0,"event_name":"The Mausoleum","floor":27,"gold_loss":0,"cards_obtained":["Writhe"]},{"damage_healed":0,"gold_gain":0,"player_choice":"Smashed Altar","damage_taken":0,"max_hp_gain":0,"max_hp_loss":0,"event_name":"Forgotten Altar","floor":28,"gold_loss":0,"cards_obtained":["Decay"]},{"damage_healed":0,"gold_gain":0,"player_choice":"Paid Gold","damage_taken":0,"relics_obtained":["Thread and Needle"],"max_hp_gain":0,"max_hp_loss":0,"event_name":"WeMeetAgain","floor":30,"gold_loss":101}],"is_beta":false,"boss_relics":[{"not_picked":["Velvet Choker","Cursed Key"],"picked":"Lizard Tail"}],"items_purged_floors":[],"is_endless":false,"potions_floor_spawned":[1,2,10,20,22],"killed_by":"Snecko","ascension_level":0}