{"gold_per_floor":[116,66,66,85,260,260,277,305,305,305,322,337,101,120,120,217,217,227,502,522,30,50,50],"floor_reached":23,"playtime":2196,"items_purged":["Doubt","Regret"],"score":193,"play_id":"fcf515e4-110e-4977-80bf-b5a980f706c1","local_time":"20190628004533","is_ascension_mode":false,"campfire_choices":[{"data":"Redo","floor":6,"key":"SMITH"},{"data":"Zap","floor":10,"key":"SMITH"},{"floor":15,"key":"REST"}],"neow_cost":"NONE","seed_source_timestamp":1760284304340024,"circlet_count":0,"master_deck":["Strike_B","Strike_B","Strike_B","Strike_B","Defend_B","Defend_B","Defend_B","Defend_B","Zap+1","Dualcast","White Noise","Redo+1","Echo Form","Coolheaded","Reprogram","Reboot","Doom and Gloom+1","Rebound+1","Self Repair","Flash of Steel+1","Compile Driver+1","Multi-Cast","FTL+1","Barrage+1","Melter+1","Redo+1"],"relics":["Cracked Core","Meat on the Bone","Molten Egg 2","White Beast Statue","Thread and Needle"],"potions_floor_usage":[8,23,23],"damage_taken":[{"damage":0,"enemies":"Small Slimes","floor":1,"turns":2},{"damage":6,"enemies":"Cultist","floor":4,"turns":4},{"damage":14,"enemies":"2 Louse","floor":7,"turns":3},{"damage":30,"enemies":"Gremlin Nob","floor":8,"turns":4},{"damage":9,"enemies":"Blue Slaver","floor":11,"turns":4},{"damage":8,"enemies":"Red Slaver","floor":12,"turns":2},{"damage":15,"enemies":"Exordium Wildlife","floor":14,"turns":4},{"damage":41,"enemies":"Hexaghost","floor":16,"turns":9},{"damage":20,"enemies":"Chosen","floor":18,"turns":6},{"damage":28,"enemies":"Shell Parasite","floor":20,"turns":4},{"damage":36,"enemies":"Snake Plant","floor":22,"turns":5},{"damage":47,"enemies":"Book of Stabbing","floor":23,"turns":4}],"seed_played":"6944925586875132047","potions_obtained":[{"floor":1,"key":"PowerPotion"},{"floor":8,"key":"PowerPotion"},{"floor":11,"key":"PowerPotion"},{"floor":18,"key":"SpeedPotion"},{"floor":20,"key":"Dexterity Potion"},{"floor":22,"key":"EssenceOfSteel"}],"is_trial":false,"path_per_floor":["M","$","?","M","?","R","M","E","T","R","M","M","$","M","R","B",null,"M","?","M","$","M","E"],"character_chosen":"DEFECT","items_purchased":["Redo","Self Repair","Flash of Steel+1","Thread and Needle","Melter+1"],"campfire_rested":1,"item_purchase_floors":[2,13,13,21,21],"current_hp_per_floor":[82,82,82,76,76,76,62,32,32,32,35,39,39,43,67,38,82,69,69,60,60,43,0],"gold":50,"neow_bonus":"TEN_PERCENT_HP_BONUS","is_prod":false,"is_daily":false,"chose_seed":false,"campfire_upgraded":2,"win_rate":0.0,"timestamp":1561704333,"path_taken":["M","$","?","?","?","R","M","E","T","R","M","M","$","M","R","BOSS","M","?","?","$","M","E"],"build_version":"2019-01-23","purchased_purges":2,"victory":false,"max_hp_per_floor":[82,82,82,82,82,82,82,82,82,82,82,82,82,82,82,82,82,82,82,82,82,82,82],"card_choices":[{"not_picked":["Barrage","Leap"],"picked":"White Noise","floor":1},{"not_picked":["Gash","Compile Driver"],"picked":"Coolheaded","floor":4},{"not_picked":["Coolheaded","Undo"],"picked":"Reprogram","floor":7},{"not_picked":["Aggregate","Gash"],"picked":"Reboot","floor":8},{"not_picked":["Coolheaded","Rip and Tear+1"],"picked":"Doom and Gloom+1","floor":11},{"not_picked":["Leap","Amplify"],"picked":"Rebound+1","floor":12},{"not_picked":["Coolheaded","Defragment"],"picked":"Compile Driver+1","floor":14},{"not_picked":["Machine Learning","Rainbow"],"picked":"Multi-Cast","floor":16},{"not_picked":["Gash+1","Reprogram"],"picked":"FTL+1","floor":18},{"not_picked":["White Noise","Hologram"],"picked":"Barrage+1","floor":20},{"not_picked":["Double Energy","Lockon+1"],"picked":"Redo+1","floor":22}],"player_experience":23620,"relics_obtained":[{"floor":8,"key":"Meat on the Bone"},{"floor":9,"key":"Molten Egg 2"}],"event_choices":[{"damage_healed":0,"gold_gain":0,"player_choice":"1 cards matched","damage_taken":0,"max_hp_gain":0,"max_hp_loss":0,"event_name":"Match and Keep!","floor":3,"gold_loss":0,"cards_obtained":["Echo Form"]},{"damage_healed":0,"gold_gain":175,"player_choice":"AGREE","damage_taken":0,"max_hp_gain":0,"max_hp_loss":0,"event_name":"Liars Game","floor":5,"gold_loss":0,"cards_obtained":["Doubt"]},{"damage_healed":0,"gold_gain":275,"player_choice":"Desecrate","damage_taken":0,"max_hp_gain":0,"max_hp_loss":0,"event_name":"Golden Shrine","floor":19,"gold_loss":0,"cards_obtained":["Regret"]}],"is_beta":false,"boss_relics":[{"not_picked":["Snecko Eye","Orrery"],"picked":"White Beast Statue"}],"items_purged_floors":[13,21],"is_endless":false,"potions_floor_spawned":[1,8,11,18,20,22],"killed_by":"Book of Stabbing","ascension_level":0}