{"gold_per_floor":[112,387,404,421,421,454,454,488,488,503,521,43,59,71,71,174,174,189,189,37,54,66,66,66,76,100,100,132,132,142,158,158,258,258,269,269,279,279],"floor_reached":38,"playtime":3064,"items_purged":["Strike_B"],"score":538,"play_id":"4b606e63-9e6f-4a30-86d5-5143e4e2f145","local_time":"20190625224354","is_ascension_mode":true,"campfire_choices":[{"floor":7,"key":"RECALL"},{"floor":15,"key":"REST"},{"floor":23,"key":"REST"},{"floor":27,"key":"REST"},{"floor":32,"key":"REST"}],"neow_cost":"NONE","seed_source_timestamp":900875118186800,"circlet_count":0,"master_deck":["Strike_B","Strike_B","Strike_B","Defend_B","Defend_B","Defend_B","Zap","Dualcast","Steam","Ball Lightning","Melter","Cold Snap","Reinforced Body+1","Fusion+1","Buffer","Defragment","Biased Cognition","Doom and Gloom","Fission+1","Core Surge"],"relics":["Cracked Core","Pen Nib","Toxic Egg 2","Cables","Pantograph","Singing Bowl","Philosopher\u0027s Stone","Regal Pillow","Happy Flower","Inserter"],"potions_floor_usage":[6,6,8,28,29,31,33],"damage_taken":[{"damage":8,"enemies":"Jaw Worm","floor":1,"turns":4},{"damage":2,"enemies":"Cultist","floor":3,"turns":3},{"damage":7,"enemies":"Small Slimes","floor":4,"turns":3},{"damage":25,"enemies":"Lagavulin","floor":6,"turns":4},{"damage":17,"enemies":"3 Sentries","floor":8,"turns":6},{"damage":0,"enemies":"Exordium Thugs","floor":10,"turns":5},{"damage":0,"enemies":"Exordium Wildlife","floor":11,"turns":3},{"damage":0,"enemies":"Looter","floor":13,"turns":3},{"damage":0,"enemies":"3 Louse","floor":14,"turns":3},{"damage":44,"enemies":"Hexaghost","floor":16,"turns":13},{"damage":0,"enemies":"Spheric Guardian","floor":18,"turns":1},{"damage":7,"enemies":"Chosen","floor":21,"turns":3},{"damage":10,"enemies":"Snecko","floor":22,"turns":5},{"damage":21,"enemies":"Chosen and Byrds","floor":25,"turns":6},{"damage":30,"enemies":"Book of Stabbing","floor":28,"turns":5},{"damage":1,"enemies":"Colosseum Slavers","floor":29,"turns":6},{"damage":23,"enemies":"Shelled Parasite and Fungi","floor":30,"turns":7},{"damage":0,"enemies":"Sentry and Sphere","floor":31,"turns":3},{"damage":83,"enemies":"Collector","floor":33,"turns":12},{"damage":24,"enemies":"3 Shapes","floor":35,"turns":5},{"damage":33,"enemies":"3 Darklings","floor":37,"turns":4},{"damage":19,"enemies":"Sphere and 2 Shapes","floor":38,"turns":1}],"seed_played":"-6209184945743308720","potions_obtained":[{"floor":1,"key":"Energy Potion"},{"floor":3,"key":"SteroidPotion"},{"floor":6,"key":"LiquidBronze"},{"floor":10,"key":"SpeedPotion"},{"floor":18,"key":"SteroidPotion"},{"floor":28,"key":"SkillPotion"},{"floor":30,"key":"FocusPotion"},{"floor":31,"key":"Block Potion"}],"is_trial":false,"path_per_floor":["M","?","M","M","?","E","R","E","T","M","M","$","M","M","R","B",null,"M","?","$","M","M","R","?","M","T","R","E","?","M","M","R","B",null,"M","?","M","M"],"character_chosen":"DEFECT","items_purchased":["Singing Bowl","Buffer","Regal Pillow"],"campfire_rested":4,"item_purchase_floors":[12,12,20],"current_hp_per_floor":[67,67,65,58,58,33,33,16,16,16,16,16,16,18,41,22,63,63,63,63,58,50,81,81,62,62,83,55,54,31,33,74,4,66,44,44,13,0],"gold":279,"neow_bonus":"RANDOM_COMMON_RELIC","is_prod":false,"is_daily":false,"chose_seed":false,"campfire_upgraded":0,"win_rate":0,"timestamp":1561527834,"path_taken":["M","?","?","?","?","E","R","E","T","M","M","$","M","M","R","BOSS","M","?","?","M","?","R","?","M","T","R","E","?","M","M","R","BOSS","M","?","M","?"],"build_version":"2019-01-23","purchased_purges":1,"victory":false,"max_hp_per_floor":[75,75,75,75,75,75,75,75,75,75,75,75,75,77,77,77,77,77,77,77,79,81,81,81,83,83,83,85,85,85,87,87,87,87,89,89,91,91],"card_choices":[{"not_picked":["Streamline","Leap"],"picked":"Steam","floor":1},{"not_picked":["Barrage","Coolheaded"],"picked":"Ball Lightning","floor":3},{"not_picked":["Turbo","Darkness"],"picked":"Melter","floor":4},{"not_picked":["Storm","Stack"],"picked":"Cold Snap","floor":6},{"not_picked":["Fission+1","Cold Snap"],"picked":"Reinforced Body+1","floor":8},{"not_picked":["Conserve Battery+1","Stack+1","Rebound"],"picked":"SKIP","floor":10},{"not_picked":["Loop","Streamline"],"picked":"Fusion+1","floor":11},{"not_picked":["BootSequence+1","Meteor Strike"],"picked":"Defragment","floor":13},{"not_picked":["Conserve Battery+1","Melter","Storm"],"picked":"Singing Bowl","floor":14},{"not_picked":["Fission+1","Amplify+1"],"picked":"Biased Cognition","floor":16},{"not_picked":["Chaos+1","Auto Shields+1"],"picked":"Doom and Gloom","floor":18},{"not_picked":["Consume+1","Go for the Eyes+1","Rebound+1"],"picked":"Singing Bowl","floor":21},{"not_picked":["Storm+1","Recycle+1","Leap+1"],"picked":"Singing Bowl","floor":22},{"not_picked":["Gash+1","Melter","Turbo+1"],"picked":"Singing Bowl","floor":25},{"not_picked":["Beam Cell","Sweeping Beam","Go for the Eyes"],"picked":"Singing Bowl","floor":28},{"not_picked":["Steam Power+1","White Noise+1"],"picked":"Fission+1","floor":30},{"not_picked":["Sweeping Beam","Scrape+1","Streamline"],"picked":"Singing Bowl","floor":31},{"not_picked":["Rainbow+1","Meteor Strike"],"picked":"Core Surge","floor":33},{"not_picked":["Conserve Battery+1","Hello World+1","Doom and Gloom"],"picked":"Singing Bowl","floor":35},{"not_picked":["Leap+1","Ball Lightning","Barrage+1"],"picked":"Singing Bowl","floor":37}],"player_experience":558451,"relics_obtained":[{"floor":6,"key":"Toxic Egg 2"},{"floor":8,"key":"Cables"},{"floor":9,"key":"Pantograph"},{"floor":28,"key":"Happy Flower"}],"event_choices":[{"damage_healed":0,"gold_gain":275,"player_choice":"Desecrate","damage_taken":0,"max_hp_gain":0,"max_hp_loss":0,"event_name":"Golden Shrine","floor":2,"gold_loss":0,"cards_obtained":["Regret"]},{"cards_removed":["Regret"],"damage_healed":0,"gold_gain":0,"player_choice":"Forget","damage_taken":0,"max_hp_gain":0,"max_hp_loss":0,"event_name":"Living Wall","floor":5,"gold_loss":0},{"damage_healed":0,"gold_gain":0,"player_choice":"Ignored","damage_taken":0,"max_hp_gain":0,"max_hp_loss":0,"event_name":"Ghosts","floor":19,"gold_loss":0},{"damage_healed":0,"gold_gain":0,"player_choice":"Ignored","damage_taken":0,"max_hp_gain":0,"max_hp_loss":0,"event_name":"Beggar","floor":24,"gold_loss":0},{"damage_healed":0,"gold_gain":0,"player_choice":"Fight","damage_taken":0,"max_hp_gain":0,"max_hp_loss":0,"event_name":"Colosseum","floor":29,"gold_loss":0},{"damage_healed":0,"gold_gain":0,"player_choice":"Fled From Nobs","damage_taken":0,"max_hp_gain":0,"max_hp_loss":0,"event_name":"Colosseum","floor":29,"gold_loss":0},{"cards_removed":["Defend_B"],"damage_healed":0,"gold_gain":0,"player_choice":"Offered Basic","damage_taken":0,"max_hp_gain":0,"max_hp_loss":0,"event_name":"Bonfire Elementals","floor":36,"gold_loss":0}],"is_beta":false,"boss_relics":[{"not_picked":["Astrolabe","Runic Dome"],"picked":"Philosopher\u0027s Stone"},{"not_picked":["Velvet Choker","Tiny House"],"picked":"Inserter"}],"items_purged_floors":[12],"is_endless":false,"potions_floor_spawned":[1,3,6,10,18,28,30,31],"killed_by":"Sphere and 2 Shapes","ascension_level":5}