{"gold_per_floor":[112,62,62,79,92,120,120,133,160,80,80,106,106,140,140,242,242,258,218,232,89,101,132,132,166,166,166,185,185,185,185,185,185],"floor_reached":33,"playtime":2462,"items_purged":[],"score":461,"play_id":"d0387797-6052-4184-a5c2-0c98afda0806","local_time":"20181112142635","is_ascension_mode":true,"campfire_choices":[{"floor":7.0,"key":"REST"},{"floor":15.0,"key":"REST"},{"floor":24.0,"key":"REST"},{"floor":27.0,"key":"REST"},{"floor":29.0,"key":"REST"},{"data":"Seek","floor":32.0,"key":"SMITH"}],"neow_cost":"NONE","seed_source_timestamp":0,"circlet_count":0,"master_deck":["Zap","Dualcast","Steam Power","Sunder","Auto Shields","Ball Lightning","Rebound","Darkness+1","Loop","Core Surge","Sweeping Beam","Seek+1","Gash","Gash","Stack","FTL","Barrage","Gash","FTL","Go for the Eyes","Gash","Gash","Reprogram+1","Doom and Gloom"],"special_seed":0,"relics":["Cracked Core","Blood Vial","Happy Flower","Smiling Mask","Oddly Smooth Stone","Strawberry","Pandora\u0027s Box","Boot","Potion Belt","Bronze Scales","Peace Pipe"],"potions_floor_usage":[33],"damage_taken":[{"damage":7.0,"enemies":"Jaw Worm","floor":1.0,"turns":3.0},{"damage":0.0,"enemies":"Small Slimes","floor":4.0,"turns":2.0},{"damage":0.0,"enemies":"Cultist","floor":5.0,"turns":3.0},{"damage":29.0,"enemies":"Gremlin Nob","floor":6.0,"turns":4.0},{"damage":5.0,"enemies":"Gremlin Gang","floor":8.0,"turns":3.0},{"damage":14.0,"enemies":"3 Sentries","floor":12.0,"turns":5.0},{"damage":35.0,"enemies":"Gremlin Nob","floor":14.0,"turns":4.0},{"damage":26.0,"enemies":"Slime Boss","floor":16.0,"turns":7.0},{"damage":0.0,"enemies":"Shell Parasite","floor":18.0,"turns":4.0},{"damage":11.0,"enemies":"Spheric Guardian","floor":20.0,"turns":3.0},{"damage":12.0,"enemies":"Centurion and Healer","floor":22.0,"turns":4.0},{"damage":8.0,"enemies":"Gremlin Leader","floor":23.0,"turns":6.0},{"damage":45.0,"enemies":"Slavers","floor":25.0,"turns":4.0},{"damage":7.0,"enemies":"3 Cultists","floor":28.0,"turns":4.0},{"damage":24,"enemies":"Automaton","floor":33,"turns":6}],"seed_played":"-768157186645024976","potions_obtained":[{"floor":1.0,"key":"Weak Potion"},{"floor":6.0,"key":"SteroidPotion"},{"floor":8.0,"key":"Weak Potion"},{"floor":12.0,"key":"Swift Potion"},{"floor":20.0,"key":"Swift Potion"},{"floor":22.0,"key":"FocusPotion"},{"floor":28.0,"key":"Dexterity Potion"}],"is_trial":false,"path_per_floor":["M","?","?","M","M","E","R","M","T","$","?","E","?","E","R","B",null,"M","$","M","$","M","E","R","E","T","R","M","R","?","?","R","B"],"character_chosen":"DEFECT","items_purchased":["Loop","FTL","Boot"],"campfire_rested":5,"item_purchase_floors":[10,19,21],"current_hp_per_floor":[61,61,61,61,61,32,54,51,51,51,51,39,39,13,37,13,65,67,67,58,58,48,42,66,23,23,47,42,66,66,66,66,44],"gold":185,"neow_bonus":"TRANSFORM_CARD","is_prod":false,"is_daily":false,"chose_seed":false,"campfire_upgraded":1,"win_rate":0,"timestamp":1542054395,"path_taken":["M","?","?","M","M","E","R","?","T","$","?","E","?","E","R","BOSS","M","$","M","?","?","E","R","E","T","R","M","R","?","?","R","BOSS"],"build_version":"2018-11-08","purchased_purges":0,"victory":false,"max_hp_per_floor":[75,75,75,75,75,75,75,75,75,75,75,75,75,82,82,82,82,82,82,82,82,82,82,82,82,82,82,82,82,82,82,82,82],"card_choices":[{"not_picked":["Turbo","Sweeping Beam"],"picked":"Sunder","floor":1.0},{"not_picked":["Genetic Algorithm","Heatsinks"],"picked":"Auto Shields","floor":4.0},{"not_picked":["Beam Cell","Rip and Tear"],"picked":"Ball Lightning","floor":5.0},{"not_picked":["Redo","Auto Shields"],"picked":"Rebound","floor":6.0},{"not_picked":["Beam Cell","Gash"],"picked":"Darkness","floor":8.0},{"not_picked":["Steam","Tempest"],"picked":"Core Surge","floor":12.0},{"not_picked":["Scrape","Creative AI"],"picked":"Sweeping Beam","floor":14.0},{"not_picked":["Multi-Cast","Amplify"],"picked":"Seek","floor":16.0},{"not_picked":["Ball Lightning","Conserve Battery"],"picked":"Gash","floor":18.0},{"not_picked":["Melter","Redo"],"picked":"Go for the Eyes","floor":20.0},{"not_picked":["Loop","Genetic Algorithm"],"picked":"Gash","floor":22.0},{"not_picked":["Sunder","Streamline"],"picked":"Gash","floor":23.0},{"not_picked":["Blizzard","Sweeping Beam"],"picked":"Reprogram+1","floor":25.0},{"not_picked":["Capacitor","Rebound"],"picked":"Doom and Gloom","floor":28.0}],"player_experience":989646,"relics_obtained":[{"floor":6.0,"key":"Blood Vial"},{"floor":9.0,"key":"Happy Flower"},{"floor":12.0,"key":"Smiling Mask"},{"floor":14.0,"key":"Strawberry"},{"floor":23.0,"key":"Potion Belt"},{"floor":25.0,"key":"Bronze Scales"},{"floor":26.0,"key":"Peace Pipe"}],"event_choices":[{"cards_removed":["Strike_B"],"damage_healed":0.0,"max_hp_gain":0.0,"max_hp_loss":0.0,"gold_gain":0.0,"event_name":"The Cleric","player_choice":"Card Removal","floor":2.0,"gold_loss":50.0,"damage_taken":0.0},{"damage_healed":0.0,"max_hp_gain":0.0,"max_hp_loss":0.0,"gold_gain":0.0,"event_name":"Liars Game","player_choice":"Ignored","floor":3.0,"gold_loss":0.0,"damage_taken":0.0},{"damage_healed":0.0,"max_hp_gain":0.0,"max_hp_loss":0.0,"gold_gain":0.0,"event_name":"Golden Idol","player_choice":"Ignored","floor":11.0,"gold_loss":0.0,"damage_taken":0.0},{"damage_healed":0.0,"max_hp_gain":0.0,"max_hp_loss":0.0,"gold_gain":0.0,"event_name":"WeMeetAgain","player_choice":"Gave Potion","floor":13.0,"gold_loss":0.0,"damage_taken":0.0,"relics_obtained":["Oddly Smooth Stone"]},{"cards_removed":["Consume"],"damage_healed":0.0,"max_hp_gain":0.0,"max_hp_loss":0.0,"gold_gain":0.0,"event_name":"Back to Basics","player_choice":"Elegance","floor":30.0,"gold_loss":0.0,"damage_taken":0.0},{"damage_healed":0.0,"max_hp_gain":0.0,"max_hp_loss":0.0,"gold_gain":0.0,"event_name":"Upgrade Shrine","player_choice":"Upgraded","floor":31.0,"gold_loss":0.0,"damage_taken":0.0,"cards_upgraded":["Darkness"]}],"is_beta":false,"boss_relics":[{"not_picked":["Velvet Choker","Black Star"],"picked":"Pandora\u0027s Box"}],"items_purged_floors":[],"is_endless":false,"potions_floor_spawned":[1,6,8,12,20,22,28],"killed_by":"Automaton","ascension_level":9}