{"gold_per_floor":[114,114,114,132,157,193,193,193,193,214,228,193,212,235,235,364,364,389,304,48,48,25,25,25,38,91,109,150,150,150,150,150,269,269,293,293,312,327,327],"floor_reached":39,"playtime":5554,"items_purged":[],"score":546,"play_id":"3b5f3b10-aa5b-4a1f-bdfb-60ee5e590763","local_time":"20180826151057","is_ascension_mode":true,"campfire_choices":[{"data":"Neutralize","floor":7.0,"key":"SMITH"},{"data":"Dagger Throw","floor":15.0,"key":"SMITH"},{"floor":23.0,"key":"REST"},{"data":"Skewer","floor":29.0,"key":"SMITH"},{"data":"Poisoned Stab","floor":32.0,"key":"SMITH"}],"neow_cost":"NONE","seed_source_timestamp":0,"circlet_count":0,"master_deck":["Defend_G+1","Defend_G+1","Defend_G+1","Defend_G+1","Defend_G+1","Strike_G+1","Strike_G+1","Survivor","Neutralize+1","Dagger Throw","Slice","Dagger Throw+1","Flying Knee","Skewer+1","Cloak And Dagger","Backflip","Poisoned Stab+1","Quick Slash+1","Dagger Throw+1","After Image","Backflip","Good Instincts","Deflect","Dagger Throw+1"],"special_seed":0,"relics":["Busted Crown","Ornamental Fan","Golden Idol","Orichalcum","Strawberry","Empty Cage","Bag of Preparation","Shuriken","Ancient Tea Set","Pantograph"],"potions_floor_usage":[33],"damage_taken":[{"damage":1.0,"enemies":"2 Louse","floor":1.0,"turns":4.0},{"damage":0.0,"enemies":"Small Slimes","floor":4.0,"turns":4.0},{"damage":0.0,"enemies":"Jaw Worm","floor":5.0,"turns":3.0},{"damage":23.0,"enemies":"3 Sentries","floor":6.0,"turns":11.0},{"damage":16.0,"enemies":"Large Slime","floor":10.0,"turns":8.0},{"damage":3.0,"enemies":"3 Louse","floor":11.0,"turns":5.0},{"damage":2.0,"enemies":"Red Slaver","floor":13.0,"turns":3.0},{"damage":0.0,"enemies":"Large Slime","floor":14.0,"turns":6.0},{"damage":18.0,"enemies":"Slime Boss","floor":16.0,"turns":14.0},{"damage":17.0,"enemies":"Chosen","floor":18.0,"turns":7.0},{"damage":5.0,"enemies":"2 Thieves","floor":25.0,"turns":4.0},{"damage":5.0,"enemies":"3 Cultists","floor":27.0,"turns":5.0},{"damage":6.0,"enemies":"Book of Stabbing","floor":28.0,"turns":6.0},{"damage":42,"enemies":"Automaton","floor":33,"turns":8},{"damage":2,"enemies":"Orb Walker","floor":35,"turns":4},{"damage":21,"enemies":"3 Darklings","floor":37,"turns":8},{"damage":29,"enemies":"Maw","floor":38,"turns":9},{"damage":0,"enemies":"Sphere and 2 Shapes","floor":39,"turns":3}],"seed_played":"966764472166712765","potions_obtained":[{"floor":4.0,"key":"FearPotion"},{"floor":5.0,"key":"Regen Potion"},{"floor":6.0,"key":"Regen Potion"},{"floor":11.0,"key":"SkillPotion"},{"floor":25.0,"key":"SkillPotion"},{"floor":28.0,"key":"SpeedPotion"}],"is_trial":false,"path_per_floor":["M","?","?","M","M","E","R","?","T","M","M","?","M","M","R","B",null,"M","?","$","?","$","R","?","M","T","M","E","R","?","?","R","B",null,"M","?","M","M"],"character_chosen":"THE_SILENT","items_purchased":["Shuriken","Backflip"],"campfire_rested":1,"item_purchase_floors":[20,22],"current_hp_per_floor":[62,50,50,50,50,42,42,42,49,48,45,63,61,61,61,43,65,48,48,48,48,48,69,69,64,64,59,53,53,53,53,53,30,62,60,60,39,10,10],"gold":327,"neow_bonus":"BOSS_RELIC","is_prod":false,"is_daily":false,"chose_seed":false,"campfire_upgraded":4,"win_rate":0,"timestamp":1535314257,"path_taken":["M","?","?","M","M","E","R","?","T","M","?","?","M","M","R","BOSS","M","?","$","?","$","R","?","M","T","?","E","R","?","?","R","BOSS","M","?","M","M","?"],"build_version":"2018-08-23v2","purchased_purges":0,"victory":false,"max_hp_per_floor":[70,70,65,65,65,65,65,65,72,72,72,72,72,72,72,72,72,72,72,72,72,72,72,72,72,72,72,72,72,72,72,72,72,72,72,72,72,72,72],"card_choices":[{"not_picked":["PiercingWail"],"picked":"SKIP","floor":1.0},{"not_picked":[],"picked":"Dagger Throw","floor":4.0},{"not_picked":["Calculated Gamble"],"picked":"SKIP","floor":5.0},{"not_picked":["Riddle With Holes"],"picked":"SKIP","floor":6.0},{"not_picked":[],"picked":"Slice","floor":10.0},{"not_picked":[],"picked":"Dagger Throw","floor":11.0},{"not_picked":[],"picked":"Flying Knee","floor":13.0},{"not_picked":["Tactician"],"picked":"SKIP","floor":14.0},{"not_picked":[],"picked":"Skewer","floor":18.0},{"not_picked":[],"picked":"Poisoned Stab","floor":25.0},{"not_picked":[],"picked":"Quick Slash+1","floor":27.0},{"not_picked":[],"picked":"Dagger Throw+1","floor":28.0},{"not_picked":[],"picked":"After Image","floor":33},{"not_picked":[],"picked":"Backflip","floor":35},{"not_picked":[],"picked":"Good Instincts","floor":36},{"not_picked":[],"picked":"Deflect","floor":37},{"not_picked":[],"picked":"Dagger Throw+1","floor":38}],"player_experience":546853,"relics_obtained":[{"floor":6.0,"key":"Orichalcum"},{"floor":9.0,"key":"Strawberry"},{"floor":26.0,"key":"Ancient Tea Set"},{"floor":28.0,"key":"Pantograph"}],"event_choices":[{"event_name":"Scrap Ooze","player_choice":"success","floor":2.0,"damage_taken":12.0},{"event_name":"Golden Idol","player_choice":"Lose Max HP","floor":3.0,"damage_taken":0.0},{"event_name":"Bonfire Elementals","player_choice":"BASIC","floor":8.0,"damage_taken":0.0},{"event_name":"The Cleric","player_choice":"Healed","floor":12.0,"damage_taken":0.0},{"event_name":"Addict","player_choice":"Obtained Relic","floor":19.0,"damage_taken":0.0},{"event_name":"The Library","player_choice":"Read","floor":21.0,"damage_taken":0.0},{"event_name":"Beggar","player_choice":"Ignored","floor":24.0,"damage_taken":0.0},{"event_name":"Vampires","player_choice":"Ignored","floor":30.0,"damage_taken":0.0},{"event_name":"Back to Basics","player_choice":"Simplicity","floor":31.0,"damage_taken":0.0},{"event_name":"SensoryStone","player_choice":"Memory 1","floor":36,"damage_taken":0}],"is_beta":false,"boss_relics":[{"not_picked":["Calling Bell","Pandora\u0027s Box"],"picked":"Empty Cage"},{"not_picked":["Runic Pyramid","HoveringKite","Runic Dome"]}],"items_purged_floors":[],"is_endless":false,"potions_floor_spawned":[4,5,6,11,25,28],"killed_by":"Sphere and 2 Shapes","ascension_level":6}