{"gold_per_floor":[112,287,287,287,298,329,343,343,343,343,383,383,398,418,418,542,542,560,573,594,609,609,609],"floor_reached":23,"playtime":1071,"items_purged":[],"score":228,"play_id":"d20b52ef-2b58-4fd0-bb8c-0ecef238d1e9","local_time":"20190622112922","is_ascension_mode":false,"campfire_choices":[{"data":"Envenom","floor":8,"key":"SMITH"},{"data":"Blade Dance","floor":12,"key":"SMITH"},{"floor":15,"key":"REST"}],"neow_cost":"NONE","seed_source_timestamp":305256224899300,"circlet_count":0,"master_deck":["Defend_G","Defend_G+1","Defend_G","Defend_G","Defend_G","Strike_G","Strike_G","Strike_G","Strike_G","Survivor+1","Neutralize","Blade Dance","Doubt","Envenom+1","Caltrops","Escape Plan","Blade Dance+1","Injury","Acrobatics","Prepared","Night Terror","Blade Dance","Flying Knee","Prepared"],"relics":["Ring of the Snake","NeowsBlessing","Letter Opener","Ornamental Fan","Golden Idol","Calipers","Cursed Key","NlothsMask"],"potions_floor_usage":[11,16,16,19,21],"damage_taken":[{"damage":0,"enemies":"Small Slimes","floor":1,"turns":1},{"damage":0,"enemies":"Jaw Worm","floor":5,"turns":1},{"damage":0,"enemies":"Lagavulin","floor":6,"turns":1},{"damage":0,"enemies":"2 Louse","floor":7,"turns":2},{"damage":18,"enemies":"3 Sentries","floor":11,"turns":7},{"damage":9,"enemies":"2 Fungi Beasts","floor":13,"turns":4},{"damage":0,"enemies":"Blue Slaver","floor":14,"turns":4},{"damage":29,"enemies":"Hexaghost","floor":16,"turns":10},{"damage":11,"enemies":"3 Byrds","floor":18,"turns":4},{"damage":15,"enemies":"2 Thieves","floor":19,"turns":4},{"damage":18,"enemies":"Snake Plant","floor":20,"turns":5},{"damage":14,"enemies":"Cultist and Chosen","floor":21,"turns":7},{"damage":29,"enemies":"Slavers","floor":23,"turns":2}],"seed_played":"-7464639671490461252","potions_obtained":[{"floor":1,"key":"PowerPotion"},{"floor":7,"key":"SteroidPotion"},{"floor":11,"key":"FearPotion"},{"floor":13,"key":"Ancient Potion"},{"floor":18,"key":"Regen Potion"},{"floor":20,"key":"Weak Potion"}],"is_trial":false,"path_per_floor":["M","?","?","?","M","E","M","R","T","?","E","R","M","M","R","B",null,"M","M","M","M","?","E"],"character_chosen":"THE_SILENT","items_purchased":[],"campfire_rested":1,"item_purchase_floors":[],"current_hp_per_floor":[70,70,56,56,56,56,56,56,56,56,38,38,29,29,50,21,70,59,58,40,26,26,0],"gold":609,"neow_bonus":"THREE_ENEMY_KILL","is_prod":false,"is_daily":false,"chose_seed":false,"campfire_upgraded":2,"win_rate":0.0,"timestamp":1561217362,"path_taken":["M","?","?","?","M","E","M","R","T","?","E","R","?","M","R","BOSS","M","M","M","M","?","E"],"build_version":"2019-01-23","purchased_purges":0,"victory":false,"max_hp_per_floor":[70,70,70,70,70,70,70,70,70,70,70,70,70,70,70,70,70,70,70,70,70,70,70],"card_choices":[{"not_picked":["Slice","Prepared"],"picked":"Blade Dance","floor":1},{"not_picked":["Outmaneuver","Endless Agony"],"picked":"Caltrops","floor":5},{"not_picked":["Deadly Poison","Sucker Punch"],"picked":"Escape Plan","floor":6},{"not_picked":["Quick Slash","Finisher"],"picked":"Blade Dance","floor":7},{"not_picked":["Escape Plan","Reflex"],"picked":"Acrobatics","floor":11},{"not_picked":["Flying Knee","Eviscerate"],"picked":"Prepared","floor":13},{"not_picked":["Acrobatics","Deadly Poison","Bullet Time"],"picked":"SKIP","floor":14},{"not_picked":["Venomology","Wraith Form v2"],"picked":"Night Terror","floor":16},{"not_picked":["Well Laid Plans","Dodge and Roll"],"picked":"Blade Dance","floor":18},{"not_picked":["Acrobatics","Distraction"],"picked":"Flying Knee","floor":19},{"not_picked":["Deadly Poison+1","Bouncing Flask"],"picked":"Prepared","floor":20},{"not_picked":["Endless Agony","Poisoned Stab+1","Caltrops"],"picked":"SKIP","floor":21}],"player_experience":3155,"relics_obtained":[{"floor":6,"key":"Letter Opener"},{"floor":9,"key":"Ornamental Fan"},{"floor":11,"key":"Calipers"}],"event_choices":[{"damage_healed":0,"gold_gain":175,"player_choice":"AGREE","damage_taken":0,"max_hp_gain":0,"max_hp_loss":0,"event_name":"Liars Game","floor":2,"gold_loss":0,"cards_obtained":["Doubt"]},{"damage_healed":0,"gold_gain":0,"player_choice":"Entered Light","damage_taken":14,"max_hp_gain":0,"max_hp_loss":0,"event_name":"Shining Light","floor":3,"gold_loss":0,"cards_upgraded":["Survivor","Defend_G"]},{"damage_healed":0,"gold_gain":0,"cards_transformed":["Strike_G"],"player_choice":"Change","damage_taken":0,"max_hp_gain":0,"max_hp_loss":0,"event_name":"Living Wall","floor":4,"gold_loss":0,"cards_obtained":["Envenom"]},{"damage_healed":0,"gold_gain":0,"player_choice":"Take Wound","damage_taken":0,"relics_obtained":["Golden Idol"],"max_hp_gain":0,"max_hp_loss":0,"event_name":"Golden Idol","floor":10,"gold_loss":0,"cards_obtained":["Injury"]},{"damage_healed":0,"gold_gain":0,"player_choice":"Trade","damage_taken":0,"relics_obtained":["NlothsMask"],"max_hp_gain":0,"max_hp_loss":0,"event_name":"FaceTrader","floor":22,"gold_loss":0}],"is_beta":false,"boss_relics":[{"not_picked":["Orrery","Runic Pyramid"],"picked":"Cursed Key"}],"items_purged_floors":[],"is_endless":false,"potions_floor_spawned":[1,7,11,13,18,20],"killed_by":"Slavers","ascension_level":0}