{"gold_per_floor":[117,173,173,186,202,221,221,255,255,255],"floor_reached":10,"playtime":820,"items_purged":[],"score":105,"play_id":"06f16c6b-a9fa-4ba1-8480-50937ae3b3bc","local_time":"20190322101032","is_ascension_mode":true,"campfire_choices":[{"data":"Zap","floor":7,"key":"SMITH"}],"neow_cost":"NONE","seed_source_timestamp":164981986295196,"circlet_count":0,"master_deck":["AscendersBane","Strike_B","Strike_B","Strike_B","Strike_B","Defend_B","Defend_B","Defend_B","Defend_B","Zap+1","Dualcast","Streamline","Ball Lightning","Loop","Leap","Thunder Strike"],"relics":["Cracked Core","Golden Idol","Bottled Flame","Singing Bowl"],"potions_floor_usage":[],"damage_taken":[{"damage":5,"enemies":"2 Louse","floor":1,"turns":3},{"damage":2,"enemies":"Jaw Worm","floor":4,"turns":3},{"damage":0,"enemies":"Cultist","floor":5,"turns":2},{"damage":5,"enemies":"2 Fungi Beasts","floor":6,"turns":4},{"damage":27,"enemies":"Gremlin Nob","floor":8,"turns":4},{"damage":36,"enemies":"3 Sentries","floor":10,"turns":4}],"seed_played":"4601209349839415483","potions_obtained":[{"floor":4,"key":"SpeedPotion"},{"floor":8,"key":"Swift Potion"}],"is_trial":false,"path_per_floor":["M","?","?","M","M","M","R","E","T","E"],"character_chosen":"DEFECT","items_purchased":[],"campfire_rested":0,"item_purchase_floors":[],"current_hp_per_floor":[70,70,70,68,68,63,63,36,36,0],"gold":255,"neow_bonus":"TEN_PERCENT_HP_BONUS","is_prod":false,"is_daily":false,"chose_seed":false,"campfire_upgraded":1,"win_rate":0,"timestamp":1553267432,"path_taken":["M","?","?","M","M","M","R","E","T","E"],"build_version":"2019-01-23","purchased_purges":0,"victory":false,"max_hp_per_floor":[82,82,76,76,76,76,76,76,76,76],"card_choices":[{"not_picked":["Steam Power","Rebound"],"picked":"Streamline","floor":1},{"not_picked":["Chill","Steam"],"picked":"Ball Lightning","floor":4},{"not_picked":["Recycle","Gash"],"picked":"Loop","floor":5},{"not_picked":["Double Energy","Steam"],"picked":"Leap","floor":6},{"not_picked":["Cold Snap","Gash"],"picked":"Thunder Strike","floor":8}],"player_experience":1236360,"relics_obtained":[{"floor":8,"key":"Bottled Flame"},{"floor":9,"key":"Singing Bowl"}],"event_choices":[{"damage_healed":0,"gold_gain":56,"player_choice":"Gained Gold","damage_taken":0,"max_hp_gain":0,"max_hp_loss":0,"event_name":"Golden Wing","floor":2,"gold_loss":0},{"damage_healed":0,"gold_gain":0,"player_choice":"Lose Max HP","damage_taken":0,"relics_obtained":["Golden Idol"],"max_hp_gain":0,"max_hp_loss":6,"event_name":"Golden Idol","floor":3,"gold_loss":0}],"is_beta":false,"boss_relics":[],"items_purged_floors":[],"is_endless":false,"potions_floor_spawned":[4,8],"killed_by":"3 Sentries","ascension_level":11}