{"gold_per_floor":[119,133,143,318,329,329,363,363,363,393,393,406,416,441,441,542,542,558,558,570,590,15,42,42,42,66,91,119,131,176,188],"floor_reached":31,"playtime":3487,"items_purged":["Recycle"],"score":633,"play_id":"ff72d5e4-e065-479d-8e4a-5971b06f9711","local_time":"20180904010727","daily_mods":["Diverse","Insanity","Cursed Run","Vintage"],"is_ascension_mode":true,"campfire_choices":[{"data":"Defragment","floor":6,"key":"SMITH"},{"floor":8,"key":"REST"},{"floor":11,"key":"REST"},{"data":"BootSequence","floor":15,"key":"SMITH"},{"floor":24,"key":"REST"}],"neow_cost":"","seed_source_timestamp":0,"circlet_count":0,"master_deck":["Cold Snap","Self Repair","Aggregate","Chaos","Blizzard","Defragment+1","FTL","Self Repair","Static Discharge","Reinforced Body","Turbo","Core Surge","Go for the Eyes","Sweeping Beam","Rainbow","Aggregate","Gash","Beam Cell","Amplify","Reinforced Body","Storm","BootSequence+1","Streamline","Meteor Strike","Machine Learning","Melter","Heatsinks","Steam","Steam","Auto Shields","Hyperbeam","Consume","Streamline","Echo Form","Creative AI","Creative AI","Darkness","Core Surge","Strike_B","Double Energy","Seek","BootSequence+1","Defend_B","Heatsinks","White Noise","Tempest","BootSequence","All For One","Rip and Tear","Doubt","Injury","Headbutt+1","Pommel Strike+1","Parasite","After Image","Dark Shackles","Fusion","Dash+1","Doubt","Normality","Doom and Gloom+1","Electrodynamics+1"],"relics":["Cursed Key","Darkstone Periapt","Du-Vu Doll","Turnip","Bottled Flame","Question Card","Molten Egg 2","Mercury Hourglass","Ginger","DataDisk","Potion Belt","Boot","Lantern","Nuclear Battery","Mummified Hand","Nloth\u0027s Gift","Dream Catcher","Orichalcum","Bottled Tornado","Ancient Tea Set","Strawberry","Frozen Egg 2","Happy Flower","MawBank","Pen Nib","Pear"],"potions_floor_usage":[10,14,27,30],"damage_taken":[{"damage":0,"enemies":"Jaw Worm","floor":1,"turns":4},{"damage":1,"enemies":"Small Slimes","floor":2,"turns":3},{"damage":0,"enemies":"Cultist","floor":3,"turns":3},{"damage":14,"enemies":"Exordium Thugs","floor":5,"turns":5},{"damage":0,"enemies":"3 Sentries","floor":7,"turns":3},{"damage":10,"enemies":"Lagavulin","floor":10,"turns":5},{"damage":0,"enemies":"Lots of Slimes","floor":12,"turns":2},{"damage":0,"enemies":"2 Fungi Beasts","floor":13,"turns":2},{"damage":2,"enemies":"Gremlin Nob","floor":14,"turns":4},{"damage":24,"enemies":"The Guardian","floor":16,"turns":6},{"damage":7,"enemies":"Spheric Guardian","floor":18,"turns":3},{"damage":0,"enemies":"3 Byrds","floor":20,"turns":3},{"damage":6,"enemies":"Centurion and Healer","floor":21,"turns":6},{"damage":24,"enemies":"Slavers","floor":23,"turns":3},{"damage":16,"enemies":"Book of Stabbing","floor":27,"turns":5},{"damage":0,"enemies":"Snecko","floor":28,"turns":4},{"damage":0,"enemies":"Slavers","floor":30,"turns":2}],"seed_played":"-2091900988639729181","potions_obtained":[{"floor":1,"key":"Energy Potion"},{"floor":13,"key":"Block Potion"},{"floor":14,"key":"FearPotion"},{"floor":16,"key":"SpeedPotion"},{"floor":21,"key":"Regen Potion"},{"floor":27,"key":"Swift Potion"},{"floor":28,"key":"Ancient Potion"}],"is_trial":true,"path_per_floor":["M","M","M","?","M","R","E","R","T","E","R","M","M","E","R","B",null,"M","?","M","M","$","E","R","T","T","E","M","?","E"],"character_chosen":"DEFECT","items_purchased":["Bottled Tornado","Dark Shackles","Ancient Tea Set"],"campfire_rested":3,"item_purchase_floors":[22,22,22],"current_hp_per_floor":[75,75,75,81,74,74,74,81,87,77,87,87,87,85,85,88,93,86,86,86,93,93,76,100,106,112,112,112,112,122,122],"gold":188,"neow_bonus":"","is_prod":false,"is_daily":false,"chose_seed":false,"campfire_upgraded":2,"win_rate":0,"timestamp":1536048447,"path_taken":["M","M","M","?","M","R","E","R","T","E","R","M","M","E","R","BOSS","M","?","M","?","$","E","R","?","T","E","M","?","E","?"],"build_version":"2018-08-30","purchased_purges":1,"victory":false,"max_hp_per_floor":[75,75,75,81,81,81,81,81,87,87,87,87,87,87,87,93,93,93,93,93,93,93,100,100,106,112,112,112,112,122,122],"card_choices":[{"not_picked":["Feel No Pain","Well Laid Plans","Poisoned Stab","Rebound"],"picked":"SKIP","floor":7},{"not_picked":["Streamline+1","Power Through","Carnage+1"],"picked":"Headbutt+1","floor":10},{"not_picked":["Flying Knee+1","Quick Slash+1","Clash+1"],"picked":"Pommel Strike+1","floor":14},{"not_picked":["Berserk","Offering","Seek"],"picked":"After Image","floor":16},{"not_picked":["Dagger Spray+1","Power Through+1","Bane+1"],"picked":"Fusion","floor":23},{"not_picked":["Reflex+1","Sucker Punch+1","Underhanded Strike+1"],"picked":"Dash+1","floor":24},{"not_picked":["Night Terror","Flex","Body Slam+1"],"picked":"Doom and Gloom+1","floor":27},{"not_picked":["Limit Break","Dodge and Roll+1","Bane+1"],"picked":"Electrodynamics+1","floor":30}],"player_experience":319245,"relics_obtained":[{"floor":1,"key":"Oddly Smooth Stone"},{"floor":2,"key":"Turnip"},{"floor":3,"key":"Bottled Flame"},{"floor":5,"key":"Question Card"},{"floor":7,"key":"Molten Egg 2"},{"floor":9,"key":"Mercury Hourglass"},{"floor":10,"key":"Ginger"},{"floor":12,"key":"DataDisk"},{"floor":13,"key":"Potion Belt"},{"floor":14,"key":"Boot"},{"floor":16,"key":"Lantern"},{"floor":18,"key":"Mummified Hand"},{"floor":20,"key":"Dream Catcher"},{"floor":21,"key":"Orichalcum"},{"floor":23,"key":"Strawberry"},{"floor":25,"key":"Frozen Egg 2"},{"floor":26,"key":"Happy Flower"},{"floor":27,"key":"MawBank"},{"floor":28,"key":"Pen Nib"},{"floor":30,"key":"Pear"}],"event_choices":[{"event_name":"Liars Game","player_choice":"agreed","floor":4,"damage_taken":0},{"event_name":"N\u0027loth","player_choice":"Traded a Oddly Smooth Stone","floor":19,"damage_taken":0},{"event_name":"Upgrade Shrine","player_choice":"Upgraded","floor":29,"damage_taken":0}],"is_beta":false,"boss_relics":[{"not_picked":["Black Star","Velvet Choker"],"picked":"Nuclear Battery"}],"items_purged_floors":[22],"is_endless":false,"potions_floor_spawned":[1,13,14,16,21,27,28],"ascension_level":1}