{"gold_per_floor":[118,38,38,113,126,126,151,167,194,222,222],"floor_reached":11,"playtime":428,"items_purged":[],"score":133,"play_id":"d987ae21-e4c0-4407-b4bf-3e89510f66d1","local_time":"20181031092133","is_ascension_mode":true,"campfire_choices":[],"neow_cost":"NONE","seed_source_timestamp":4227428802034812,"circlet_count":0,"master_deck":["Strike_B","Strike_B","Strike_B","Strike_B","Defend_B","Defend_B","Defend_B","Defend_B","Zap","Dualcast","Leap","Defragment","Barrage","Conserve Battery","Barrage"],"relics":["Cracked Core","NeowsBlessing","Bag of Preparation","PreservedInsect","Boot","Mummified Hand"],"potions_floor_usage":[10,10],"damage_taken":[{"damage":0,"enemies":"Jaw Worm","floor":1,"turns":1},{"damage":0,"enemies":"Small Slimes","floor":5,"turns":1},{"damage":0,"enemies":"Gremlin Nob","floor":7,"turns":1},{"damage":0,"enemies":"Cultist","floor":8,"turns":3},{"damage":21,"enemies":"3 Sentries","floor":10,"turns":7},{"damage":15,"enemies":"2 Fungi Beasts","floor":11,"turns":3}],"seed_played":"2163743950520016832","potions_obtained":[{"floor":1,"key":"PowerPotion"},{"floor":5,"key":"Weak Potion"},{"floor":7,"key":"Swift Potion"}],"is_trial":false,"path_per_floor":["M","$","?","?","M","?","E","M","T","E"],"character_chosen":"DEFECT","items_purchased":["Defragment"],"campfire_rested":0,"item_purchase_floors":[2],"current_hp_per_floor":[75,75,75,64,64,57,57,57,57,36,21],"gold":222,"neow_bonus":"THREE_ENEMY_KILL","is_prod":false,"is_daily":false,"chose_seed":false,"campfire_upgraded":0,"win_rate":0,"timestamp":1540995693,"path_taken":["M","$","?","?","M","?","E","M","T","E","M"],"build_version":"2018-10-25v2","purchased_purges":0,"victory":false,"max_hp_per_floor":[75,75,75,75,75,75,75,75,75,75,75],"card_choices":[{"not_picked":["Reinforced Body","Steam"],"picked":"Leap","floor":1},{"not_picked":["Storm","Gash"],"picked":"Barrage","floor":5},{"not_picked":["Reprogram","Chill"],"picked":"Conserve Battery","floor":7},{"not_picked":["Gash","Streamline"],"picked":"Barrage","floor":8},{"not_picked":["Gash","Rip and Tear","All For One"],"picked":"SKIP","floor":10}],"player_experience":905578,"relics_obtained":[{"floor":7,"key":"PreservedInsect"},{"floor":9,"key":"Boot"},{"floor":10,"key":"Mummified Hand"}],"event_choices":[{"damage_healed":0,"gold_gain":0,"player_choice":"Ignored","damage_taken":0,"max_hp_gain":0,"max_hp_loss":0,"event_name":"Golden Idol","floor":3,"gold_loss":0},{"damage_healed":0,"gold_gain":75,"player_choice":"Gather Gold","damage_taken":11,"max_hp_gain":0,"max_hp_loss":0,"event_name":"World of Goop","floor":4,"gold_loss":0},{"damage_healed":0,"gold_gain":0,"player_choice":"Success","damage_taken":7,"relics_obtained":["Bag of Preparation"],"max_hp_gain":0,"max_hp_loss":0,"event_name":"Scrap Ooze","floor":6,"gold_loss":0}],"is_beta":false,"boss_relics":[],"items_purged_floors":[],"is_endless":false,"potions_floor_spawned":[1,5,7],"killed_by":"2 Fungi Beasts","ascension_level":5}