{"gold_per_floor":[118,193,193,210,220,220,246,14,39,64,239,239,254,273,273,371,371,390,390,390,402,112,125,125,152,152,164,164,164,177,193,193,193],"floor_reached":33,"playtime":4575,"items_purged":["Strike_G","Strike_G"],"score":305,"play_id":"6793a683-bbca-4804-819d-7ed866da601f","local_time":"20180805123027","is_ascension_mode":true,"campfire_choices":[{"floor":6,"key":"REST"},{"floor":12,"key":"REST"},{"data":"Deadly Poison","floor":15,"key":"SMITH"},{"floor":24,"key":"REST"},{"floor":29,"key":"REST"},{"floor":32,"key":"REST"}],"neow_cost":"","seed_source_timestamp":11503491513045,"circlet_count":0,"master_deck":["Defend_G+1","Defend_G","Defend_G+1","Defend_G","Defend_G","Strike_G+1","Strike_G","Strike_G","Survivor","Neutralize+1","Bane","Deadly Poison+1","Malaise","Prepared","Doubt","Deadly Poison","Deadly Poison","Doppelganger","Backstab+1","Poisoned Stab","Noxious Fumes+1","Poisoned Stab","Injury","Backflip"],"relics":["Ring of the Snake","Art of War","Strawberry","Whetstone","War Paint","Question Card","HoveringKite","Nunchaku","Thread and Needle","Snake Skull","Mercury Hourglass","Darkstone Periapt"],"potions_floor_usage":[5,5,7,7,7,7,23,27,30,30],"damage_taken":[{"damage":14,"enemies":"Jaw Worm","floor":1,"turns":5},{"damage":2,"enemies":"2 Louse","floor":4,"turns":3},{"damage":0,"enemies":"Cultist","floor":5,"turns":5},{"damage":6,"enemies":"Lagavulin","floor":7,"turns":8},{"damage":12,"enemies":"Gremlin Nob","floor":10,"turns":5},{"damage":1,"enemies":"Exordium Wildlife","floor":13,"turns":4},{"damage":3,"enemies":"Looter","floor":14,"turns":3},{"damage":9,"enemies":"The Guardian","floor":16,"turns":9},{"damage":15,"enemies":"Shell Parasite","floor":18,"turns":5},{"damage":20,"enemies":"Spheric Guardian","floor":21,"turns":6},{"damage":7,"enemies":"Snake Plant","floor":23,"turns":3},{"damage":23,"enemies":"Book of Stabbing","floor":25,"turns":6},{"damage":15,"enemies":"3 Cultists","floor":27,"turns":5},{"damage":16,"enemies":"Slaver and Parasite","floor":30,"turns":5},{"damage":5,"enemies":"Snecko","floor":31,"turns":4},{"damage":56,"enemies":"Automaton","floor":33,"turns":8}],"seed_played":"-1859963798964002675","potions_obtained":[{"floor":4,"key":"EntropicBrew"},{"floor":10,"key":"Ancient Potion"},{"floor":18,"key":"SmokeBomb"},{"floor":23,"key":"Dexterity Potion"},{"floor":27,"key":"Energy Potion"}],"is_trial":false,"path_per_floor":["M","?","?","M","M","R","E","$","T","E","?","R","M","M","R","B",null,"M","?","T","M","$","M","R","E","T","M","?","R","M","M","R"],"character_chosen":"THE_SILENT","items_purchased":["Whetstone","Snake Skull","Noxious Fumes"],"campfire_rested":5,"item_purchase_floors":[8,22,22],"current_hp_per_floor":[56,45,45,43,43,64,65,65,65,53,53,76,75,72,72,63,77,62,62,62,42,42,35,58,35,35,20,26,50,34,29,53,0],"gold":193,"neow_bonus":"","is_prod":false,"is_daily":false,"chose_seed":false,"campfire_upgraded":1,"win_rate":0,"timestamp":1533497427,"path_taken":["M","?","?","M","M","R","E","$","T","E","?","R","M","M","R","BOSS","M","?","?","M","$","M","R","E","T","?","?","R","M","M","R","BOSS"],"build_version":"2018-08-02","purchased_purges":2,"victory":false,"max_hp_per_floor":[70,70,70,70,70,70,77,77,77,77,77,77,77,77,77,77,77,77,77,77,77,77,77,77,77,77,77,83,83,83,83,83,83],"card_choices":[{"not_picked":["Deadly Poison","Blade Dance"],"picked":"Dagger Spray","floor":1},{"not_picked":["Sucker Punch","Underhanded Strike"],"picked":"Bane","floor":4},{"not_picked":["Deflect","Accuracy"],"picked":"Deadly Poison","floor":5},{"not_picked":["Dagger Throw","Bane"],"picked":"Malaise","floor":7},{"not_picked":["Outmaneuver","Heel Hook"],"picked":"Prepared","floor":10},{"not_picked":["Dagger Throw","Escape Plan","Prepared"],"picked":"Deadly Poison","floor":13},{"not_picked":["Predator","Underhanded Strike","Escape Plan"],"picked":"Deadly Poison","floor":14},{"not_picked":["After Image","A Thousand Cuts","Storm of Steel"],"picked":"Doppelganger","floor":16},{"not_picked":["Backflip","All Out Attack","Outmaneuver"],"picked":"Backstab+1","floor":18},{"not_picked":["Deflect","Dagger Throw","Backstab"],"picked":"Poisoned Stab","floor":21},{"not_picked":["Reflex","Concentrate","Flying Knee","Deflect"],"picked":"SKIP","floor":23},{"not_picked":["Dagger Throw","Malaise","Sucker Punch+1","Burst"],"picked":"SKIP","floor":25},{"not_picked":["Prepared","Bane","Quick Slash+1"],"picked":"Poisoned Stab","floor":27},{"not_picked":["Riddle With Holes","Cloak And Dagger","Infinite Blades","Dagger Spray"],"picked":"SKIP","floor":30},{"not_picked":["Blur","Underhanded Strike","Cloak And Dagger+1"],"picked":"Backflip","floor":31}],"player_experience":204670,"relics_obtained":[{"floor":7,"key":"Strawberry"},{"floor":9,"key":"War Paint"},{"floor":10,"key":"Question Card"},{"floor":20,"key":"Thread and Needle"},{"floor":25,"key":"Mercury Hourglass"},{"floor":26,"key":"Darkstone Periapt"}],"event_choices":[{"event_name":"World of Goop","player_choice":"Gather Gold","floor":2,"damage_taken":0},{"event_name":"WeMeetAgain","player_choice":"Card","floor":3,"damage_taken":0},{"event_name":"Liars Game","player_choice":"agreed","floor":11,"damage_taken":0},{"event_name":"The Mausoleum","player_choice":"Yes","floor":19,"damage_taken":0},{"event_name":"Accursed Blacksmith","player_choice":"Forge","floor":28,"damage_taken":0}],"is_beta":false,"boss_relics":[{"not_picked":["Busted Crown","Runic Pyramid"],"picked":"HoveringKite"}],"items_purged_floors":[8,22],"is_endless":false,"potions_floor_spawned":[4,10,18,23,27],"killed_by":"Automaton","ascension_level":2}