{"gold_per_floor":[115,115,115,290,138,138,171,192,192,192],"floor_reached":10,"playtime":789,"items_purged":["Doubt"],"score":124,"play_id":"253e6b0d-d96f-4a3e-aa87-18486d5afa61","local_time":"20190321214558","is_ascension_mode":true,"campfire_choices":[{"data":"Dualcast","floor":6,"key":"SMITH"}],"neow_cost":"NONE","seed_source_timestamp":120324092910287,"circlet_count":0,"master_deck":["AscendersBane","Strike_B","Strike_B","Strike_B","Strike_B","Defend_B","Defend_B","Defend_B","Defend_B","Zap+1","Dualcast+1","Cold Snap","Steam Power","Multi-Cast","Self Repair"],"relics":["Cracked Core","Golden Idol","Pear","Bottled Flame"],"potions_floor_usage":[],"damage_taken":[{"damage":1,"enemies":"Small Slimes","floor":1,"turns":3},{"damage":22,"enemies":"3 Sentries","floor":7,"turns":8},{"damage":3,"enemies":"Jaw Worm","floor":8,"turns":5},{"damage":0,"enemies":"2 Louse","floor":10,"turns":1}],"seed_played":"-33680622288137062","potions_obtained":[],"is_trial":false,"path_per_floor":["M","?","?","?","$","R","E","M","T","M"],"character_chosen":"DEFECT","items_purchased":["Steam Power"],"campfire_rested":0,"item_purchase_floors":[5],"current_hp_per_floor":[74,74,54,54,54,54,42,39,39,39],"gold":192,"neow_bonus":"TEN_PERCENT_HP_BONUS","is_prod":false,"is_daily":false,"chose_seed":false,"campfire_upgraded":1,"win_rate":0,"timestamp":1553222758,"path_taken":["M","?","?","?","$","R","E","M","T","M"],"build_version":"2019-01-23","purchased_purges":1,"victory":false,"max_hp_per_floor":[82,82,82,82,82,82,92,92,92,92],"card_choices":[{"not_picked":["Coolheaded","Barrage"],"picked":"Cold Snap","floor":1},{"not_picked":["Storm","Steam"],"picked":"Multi-Cast","floor":7},{"not_picked":["Turbo","Force Field"],"picked":"Self Repair","floor":8}],"player_experience":1233190,"relics_obtained":[{"floor":7,"key":"Pear"},{"floor":9,"key":"Bottled Flame"}],"event_choices":[{"damage_healed":0,"gold_gain":0,"player_choice":"Grow","damage_taken":0,"max_hp_gain":0,"max_hp_loss":0,"event_name":"Living Wall","floor":2,"gold_loss":0,"cards_upgraded":["Zap"]},{"damage_healed":0,"gold_gain":0,"player_choice":"Take Damage","damage_taken":20,"relics_obtained":["Golden Idol"],"max_hp_gain":0,"max_hp_loss":0,"event_name":"Golden Idol","floor":3,"gold_loss":0},{"damage_healed":0,"gold_gain":175,"player_choice":"AGREE","damage_taken":0,"max_hp_gain":0,"max_hp_loss":0,"event_name":"Liars Game","floor":4,"gold_loss":0,"cards_obtained":["Doubt"]}],"is_beta":false,"boss_relics":[],"items_purged_floors":[5],"is_endless":false,"potions_floor_spawned":[],"killed_by":"2 Louse","ascension_level":11}