{"gold_per_floor":[109,109,119,131,148,148,178,178,202,277,277,290,304,229,229,334,334,353,366,281,299,316,345,345,345,345,345],"floor_reached":27,"playtime":3263,"items_purged":["Pain"],"score":235,"play_id":"71d1f718-953f-4ef4-ab70-84a633c6c1e9","local_time":"20190322211737","is_ascension_mode":false,"campfire_choices":[{"data":"Rip and Tear","floor":6,"key":"SMITH"},{"data":"Dualcast","floor":8,"key":"SMITH"},{"floor":11,"key":"REST"},{"data":"Redo","floor":15,"key":"SMITH"},{"floor":24,"key":"REST"}],"neow_cost":"TEN_PERCENT_HP_LOSS","seed_source_timestamp":548011830866915,"circlet_count":0,"master_deck":["Strike_B","Strike_B","Strike_B","Strike_B","Defend_B","Defend_B","Defend_B","Defend_B","Zap","Dualcast+1","Double Energy","Ball Lightning","Rip and Tear+1","Darkness","Conserve Battery","Redo+1","Creative AI","Defragment","Static Discharge","Tempest","Hologram","FTL","Biased Cognition","Writhe"],"relics":["Cracked Core","FossilizedHelix","WarpedTongs","Strawberry","Anchor","Orrery","Boot","Girya","Art of War","Meat on the Bone"],"potions_floor_usage":[21,22,27,27],"damage_taken":[{"damage":0,"enemies":"Cultist","floor":1,"turns":3},{"damage":0,"enemies":"2 Louse","floor":3,"turns":3},{"damage":0,"enemies":"Small Slimes","floor":4,"turns":2},{"damage":8,"enemies":"3 Louse","floor":5,"turns":2},{"damage":16,"enemies":"Lagavulin","floor":7,"turns":4},{"damage":0,"enemies":"Red Slaver","floor":12,"turns":3},{"damage":3,"enemies":"Exordium Wildlife","floor":13,"turns":4},{"damage":18,"enemies":"Hexaghost","floor":16,"turns":8},{"damage":0,"enemies":"Chosen","floor":18,"turns":3},{"damage":0,"enemies":"3 Byrds","floor":19,"turns":4},{"damage":3,"enemies":"Snake Plant","floor":21,"turns":4},{"damage":16,"enemies":"3 Cultists","floor":22,"turns":4},{"damage":55,"enemies":"Gremlin Leader","floor":23,"turns":5},{"damage":24,"enemies":"Book of Stabbing","floor":27,"turns":4}],"seed_played":"-4964939038173365465","potions_obtained":[{"floor":1,"key":"Strength Potion"},{"floor":5,"key":"SteroidPotion"},{"floor":13,"key":"Block Potion"},{"floor":16,"key":"Swift Potion"},{"floor":19,"key":"EssenceOfSteel"},{"floor":21,"key":"PowerPotion"}],"is_trial":false,"path_per_floor":["M","?","M","M","M","R","E","R","T","?","R","M","M","$","R","B",null,"M","M","?","M","M","E","R","?","T","E"],"character_chosen":"DEFECT","items_purchased":[],"campfire_rested":2,"item_purchase_floors":[],"current_hp_per_floor":[68,68,68,68,60,60,51,51,51,40,62,62,59,59,59,41,75,75,75,75,72,56,1,23,23,23,0],"gold":345,"neow_bonus":"ONE_RARE_RELIC","is_prod":false,"is_daily":false,"chose_seed":false,"campfire_upgraded":3,"win_rate":0.0,"timestamp":1553285857,"path_taken":["M","?","?","M","M","R","E","R","T","?","R","M","M","$","R","BOSS","M","M","?","M","M","E","R","?","T","E"],"build_version":"2019-01-23","purchased_purges":1,"victory":false,"max_hp_per_floor":[68,68,68,68,68,68,75,75,75,75,75,75,75,75,75,75,75,75,75,75,75,75,75,75,75,75,75],"card_choices":[{"not_picked":["Ball Lightning","Barrage"],"picked":"Double Energy","floor":1},{"not_picked":["FTL","Redo"],"picked":"Ball Lightning","floor":3},{"not_picked":["Leap","Steam","Barrage"],"picked":"SKIP","floor":4},{"not_picked":["Self Repair","Leap"],"picked":"Rip and Tear","floor":5},{"not_picked":["Fission","Redo"],"picked":"Darkness","floor":7},{"not_picked":["Rip and Tear","Compile Driver"],"picked":"Conserve Battery","floor":12},{"not_picked":["Sweeping Beam","Consume"],"picked":"Redo","floor":13},{"not_picked":["Thunder Strike","Fission"],"picked":"Creative AI","floor":16},{"not_picked":["Beam Cell","Sweeping Beam"],"picked":"Defragment","floor":17},{"not_picked":["Ball Lightning","Conserve Battery"],"picked":"Static Discharge","floor":17},{"not_picked":["Ball Lightning","Glacier"],"picked":"Tempest","floor":17},{"not_picked":["Compile Driver","Stack"],"picked":"Hologram","floor":17},{"not_picked":["Leap","BootSequence","Redo"],"picked":"SKIP","floor":18},{"not_picked":["Sweeping Beam","Consume"],"picked":"FTL","floor":19},{"not_picked":["Streamline+1","Go for the Eyes","Compile Driver"],"picked":"SKIP","floor":21},{"not_picked":["White Noise","Steam Power","Leap"],"picked":"SKIP","floor":22},{"not_picked":["Steam","Cold Snap+1"],"picked":"Biased Cognition","floor":23}],"player_experience":163093,"relics_obtained":[{"floor":7,"key":"Strawberry"},{"floor":9,"key":"Anchor"},{"floor":23,"key":"Girya"},{"floor":26,"key":"Meat on the Bone"}],"event_choices":[{"damage_healed":0,"gold_gain":0,"player_choice":"Rummage","damage_taken":0,"relics_obtained":["WarpedTongs"],"max_hp_gain":0,"max_hp_loss":0,"event_name":"Accursed Blacksmith","floor":2,"gold_loss":0,"cards_obtained":["Pain"]},{"damage_healed":0,"gold_gain":75,"player_choice":"Gather Gold","damage_taken":11,"max_hp_gain":0,"max_hp_loss":0,"event_name":"World of Goop","floor":10,"gold_loss":0},{"damage_healed":0,"gold_gain":0,"player_choice":"Obtained Relic","damage_taken":0,"relics_obtained":["Boot"],"max_hp_gain":0,"max_hp_loss":0,"event_name":"Addict","floor":20,"gold_loss":85},{"damage_healed":0,"gold_gain":0,"player_choice":"Opened","damage_taken":0,"relics_obtained":["Art of War"],"max_hp_gain":0,"max_hp_loss":0,"event_name":"The Mausoleum","floor":25,"gold_loss":0,"cards_obtained":["Writhe"]}],"is_beta":false,"boss_relics":[{"not_picked":["Astrolabe","FrozenCore"],"picked":"Orrery"}],"items_purged_floors":[14],"is_endless":false,"potions_floor_spawned":[1,5,13,16,19,21],"killed_by":"Book of Stabbing","ascension_level":0}