{"gold_per_floor":[118,130,149,149,160,191,191,208,208,239,239,259,283,314,314,393,393,408,143,143,143,159,159,186,186],"floor_reached":25,"playtime":2536,"items_purged":[],"score":410,"play_id":"2288fef8-e937-4f65-9745-a364ea4cc0a8","local_time":"20190529145033","is_ascension_mode":true,"campfire_choices":[{"data":"Quick Slash","floor":7.0,"key":"SMITH"},{"data":"Riddle With Holes","floor":11.0,"key":"SMITH"},{"floor":15,"key":"REST"},{"data":"Dodge and Roll","floor":23,"key":"SMITH"}],"neow_cost":"NONE","seed_source_timestamp":0,"circlet_count":0,"master_deck":["AscendersBane","Survivor+1","Neutralize","Flying Knee","Sucker Punch+1","Slice","Quick Slash+1","Adrenaline","Riddle With Holes+1","Heel Hook","Poisoned Stab","Quick Slash","Footwork","Doppelganger","Flying Knee","Skewer","Finisher","Heel Hook","Envenom","Concentrate","Dodge and Roll+1","Tactician","Footwork","Leg Sweep","Infinite Blades","Glass Knife","Master of Strategy","Shame","Quick Slash"],"special_seed":0,"relics":["Ring of the Snake","War Paint","Mummified Hand","Matryoshka","Odd Mushroom","The Courier","Pandora\u0027s Box","Ancient Tea Set","Bronze Scales","Bottled Flame"],"potions_floor_usage":[12,13,16,18,25,25],"damage_taken":[{"damage":0.0,"enemies":"Jaw Worm","floor":1.0,"turns":5.0},{"damage":0.0,"enemies":"Small Slimes","floor":2.0,"turns":3.0},{"damage":0.0,"enemies":"2 Louse","floor":3.0,"turns":2.0},{"damage":1.0,"enemies":"Red Slaver","floor":5.0,"turns":3.0},{"damage":19.0,"enemies":"Lagavulin","floor":6.0,"turns":7.0},{"damage":0.0,"enemies":"Large Slime","floor":8.0,"turns":4.0},{"damage":14.0,"enemies":"Gremlin Nob","floor":10.0,"turns":4.0},{"damage":3,"enemies":"3 Louse","floor":12,"turns":2},{"damage":1,"enemies":"The Mushroom Lair","floor":13,"turns":3},{"damage":9,"enemies":"Lagavulin","floor":14,"turns":5},{"damage":32,"enemies":"Hexaghost","floor":16,"turns":12},{"damage":8,"enemies":"2 Thieves","floor":18,"turns":3},{"damage":0,"enemies":"Chosen","floor":22,"turns":3},{"damage":27,"enemies":"Slavers","floor":24,"turns":5},{"damage":22,"enemies":"Snecko","floor":25,"turns":3}],"seed_played":"-8893645283362212185","potions_obtained":[{"floor":3.0,"key":"Strength Potion"},{"floor":6.0,"key":"Weak Potion"},{"floor":8.0,"key":"GhostInAJar"},{"floor":12,"key":"GamblersBrew"},{"floor":13,"key":"Poison Potion"},{"floor":16,"key":"Weak Potion"},{"floor":22,"key":"Explosive Potion"}],"is_trial":false,"path_per_floor":["M","M","M","?","M","E","R","M","T","E","R","M","?","E","R","B",null,"M","$","?","?","M","R","E","M"],"character_chosen":"THE_SILENT","items_purchased":["Glass Knife","Master of Strategy"],"campfire_rested":1,"item_purchase_floors":[19,19],"current_hp_per_floor":[65,65,65,65,64,45,45,45,45,31,31,28,27,18,39,7,56,48,48,48,48,48,48,21,0],"gold":186,"neow_bonus":"TEN_PERCENT_HP_BONUS","is_prod":false,"is_daily":false,"chose_seed":false,"campfire_upgraded":3,"win_rate":0,"timestamp":1559159433,"path_taken":["M","M","M","?","M","E","R","M","T","E","R","M","?","E","R","BOSS","M","$","?","?","M","R","E","M"],"build_version":"2019-01-23","purchased_purges":0,"victory":false,"max_hp_per_floor":[72,72,72,72,72,72,72,72,72,72,72,72,72,72,72,72,72,72,72,72,72,72,72,72,72],"card_choices":[{"not_picked":["Bane","Prepared"],"picked":"Flying Knee","floor":1.0},{"not_picked":["Heel Hook","Dagger Throw"],"picked":"Sucker Punch","floor":2.0},{"not_picked":["Caltrops","Acrobatics"],"picked":"Slice","floor":3.0},{"not_picked":["Distraction","Acrobatics"],"picked":"Quick Slash","floor":5.0},{"not_picked":["Bane","Acrobatics"],"picked":"Adrenaline","floor":6.0},{"not_picked":["Outmaneuver","Cloak And Dagger"],"picked":"Riddle With Holes","floor":8.0},{"not_picked":["Distraction","Catalyst"],"picked":"Heel Hook","floor":10.0},{"not_picked":["Prepared","Acrobatics"],"picked":"Poisoned Stab","floor":12},{"not_picked":["Acrobatics","Expertise"],"picked":"Quick Slash","floor":13},{"not_picked":["Flying Knee","Infinite Blades"],"picked":"Footwork","floor":14},{"not_picked":["Malaise","Wraith Form v2"],"picked":"Doppelganger","floor":16},{"not_picked":["PiercingWail","Prepared"],"picked":"Infinite Blades","floor":18},{"not_picked":["PiercingWail+1","Dagger Throw"],"picked":"Quick Slash","floor":22},{"not_picked":["Backstab+1","Blade Dance","Reflex"],"picked":"SKIP","floor":24}],"player_experience":1396151,"relics_obtained":[{"floor":6.0,"key":"War Paint"},{"floor":9.0,"key":"Mummified Hand"},{"floor":10.0,"key":"Matryoshka"},{"floor":13,"key":"Odd Mushroom"},{"floor":14,"key":"The Courier"},{"floor":24,"key":"Bottled Flame"}],"event_choices":[{"damage_healed":0.0,"max_hp_gain":0.0,"max_hp_loss":0.0,"gold_gain":0.0,"event_name":"Living Wall","player_choice":"Grow","floor":4.0,"gold_loss":0.0,"damage_taken":0.0,"cards_upgraded":["Sucker Punch"]},{"damage_healed":0,"gold_gain":0,"player_choice":"Fought Mushrooms","damage_taken":0,"max_hp_gain":0,"max_hp_loss":0,"event_name":"Mushrooms","floor":13,"gold_loss":0},{"damage_healed":0,"gold_gain":0,"player_choice":"Opened","damage_taken":0,"relics_obtained":["Ancient Tea Set"],"max_hp_gain":0,"max_hp_loss":0,"event_name":"The Mausoleum","floor":20,"gold_loss":0},{"damage_healed":0,"gold_gain":0,"player_choice":"Stole Relic","damage_taken":0,"relics_obtained":["Bronze Scales"],"max_hp_gain":0,"max_hp_loss":0,"event_name":"Addict","floor":21,"gold_loss":0,"cards_obtained":["Shame"]}],"is_beta":false,"boss_relics":[{"not_picked":["Runic Dome","Fusion Hammer"],"picked":"Pandora\u0027s Box"}],"items_purged_floors":[],"is_endless":false,"potions_floor_spawned":[3,6,8,12,13,16,22],"killed_by":"Snecko","ascension_level":14}