{"gold_per_floor":[117,2,16,28,43,43,72,92,139,139,158,58,37,2,2,99,99,114,114,126,141,16,16,16],"floor_reached":24,"playtime":1765,"items_purged":["Defend_R","Strike_R","Strike_R"],"score":218,"play_id":"62dab4b8-1fe2-4fc1-94dc-0fd99e752c78","local_time":"20190509163100","is_ascension_mode":true,"campfire_choices":[{"data":"Bash","floor":6.0,"key":"SMITH"},{"data":"Metallicize","floor":10.0,"key":"SMITH"},{"floor":15.0,"key":"REST"},{"data":"Seeing Red","floor":23.0,"key":"SMITH"}],"neow_cost":"NONE","seed_source_timestamp":0,"circlet_count":0,"master_deck":["Strike_R","Defend_R","Bash+1","Metallicize+1","Dropkick","Sentinel+1","Exhume+1","Brutality+1","Seeing Red+1"],"special_seed":0,"relics":["Burning Blood","Calipers","Astrolabe"],"potions_floor_usage":[24,24],"damage_taken":[{"damage":6.0,"enemies":"Cultist","floor":1.0,"turns":3.0},{"damage":17.0,"enemies":"Small Slimes","floor":3.0,"turns":3.0},{"damage":7.0,"enemies":"Jaw Worm","floor":4.0,"turns":2.0},{"damage":15.0,"enemies":"3 Louse","floor":5.0,"turns":5.0},{"damage":24.0,"enemies":"3 Sentries","floor":7.0,"turns":10.0},{"damage":21.0,"enemies":"Exordium Thugs","floor":8.0,"turns":5.0},{"damage":11.0,"enemies":"Looter","floor":11.0,"turns":2.0},{"damage":61.0,"enemies":"The Guardian","floor":16.0,"turns":12.0},{"damage":15.0,"enemies":"3 Byrds","floor":18.0,"turns":6.0},{"damage":22.0,"enemies":"2 Thieves","floor":20.0,"turns":3.0},{"damage":13.0,"enemies":"Snecko","floor":21.0,"turns":4.0},{"damage":60,"enemies":"Book of Stabbing","floor":24,"turns":4}],"seed_played":"-1558794580430464787","potions_obtained":[{"floor":0.0,"key":"Strength Potion"},{"floor":0.0,"key":"Strength Potion"},{"floor":0.0,"key":"SmokeBomb"},{"floor":3.0,"key":"FearPotion"},{"floor":7.0,"key":"AttackPotion"},{"floor":8.0,"key":"Regen Potion"},{"floor":20.0,"key":"SteroidPotion"}],"is_trial":false,"path_per_floor":["M","$","M","M","M","R","E","M","T","R","M","$","?","?","R","B",null,"M","?","M","M","$","R","E"],"character_chosen":"IRONCLAD","items_purchased":["Dropkick"],"campfire_rested":1,"item_purchase_floors":[2],"current_hp_per_floor":[80,80,69,68,59,59,41,26,26,26,21,21,21,41,65,10,80,71,71,55,48,48,48,0],"gold":16,"neow_bonus":"THREE_SMALL_POTIONS","is_prod":false,"is_daily":false,"chose_seed":false,"campfire_upgraded":3,"win_rate":0,"timestamp":1557412260,"path_taken":["M","$","M","M","M","R","E","?","T","R","M","$","?","?","R","BOSS","M","?","M","M","?","R","E"],"build_version":"2019-01-23","purchased_purges":3,"victory":false,"max_hp_per_floor":[80,80,80,80,80,80,80,80,80,80,80,80,80,80,80,80,80,80,80,80,80,80,80,80],"card_choices":[{"not_picked":["Twin Strike","Carnage"],"picked":"Metallicize","floor":1.0},{"not_picked":["Wild Strike","Shrug It Off","Perfected Strike"],"picked":"SKIP","floor":3.0},{"not_picked":["Headbutt","Clash","Cleave"],"picked":"SKIP","floor":4.0},{"not_picked":["Searing Blow","Blood for Blood","Corruption"],"picked":"SKIP","floor":5.0},{"not_picked":["Searing Blow","Blood for Blood","Corruption"],"picked":"SKIP","floor":5.0},{"not_picked":["Warcry","Clash","Sever Soul"],"picked":"SKIP","floor":7.0},{"not_picked":["Pommel Strike","True Grit","Iron Wave"],"picked":"SKIP","floor":8.0},{"not_picked":["Wild Strike","Armaments","Body Slam"],"picked":"SKIP","floor":11.0},{"not_picked":["Wild Strike","Entrench"],"picked":"Seeing Red","floor":18.0},{"not_picked":["Body Slam","Wild Strike","Heavy Blade"],"picked":"SKIP","floor":20.0},{"not_picked":["Fire Breathing","Sentinel+1","Anger"],"picked":"SKIP","floor":21.0}],"player_experience":307348,"relics_obtained":[{"floor":7.0,"key":"Calipers"}],"event_choices":[{"damage_healed":0.0,"max_hp_gain":0.0,"max_hp_loss":0.0,"gold_gain":0.0,"event_name":"World of Goop","player_choice":"Left Gold","floor":13.0,"gold_loss":21.0,"damage_taken":0.0},{"damage_healed":20.0,"max_hp_gain":0.0,"max_hp_loss":0.0,"gold_gain":0.0,"event_name":"The Cleric","player_choice":"Healed","floor":14.0,"gold_loss":35.0,"damage_taken":0.0},{"cards_removed":["Strike_R"],"damage_healed":0.0,"max_hp_gain":0.0,"max_hp_loss":0.0,"gold_gain":0.0,"event_name":"Purifier","player_choice":"Purged","floor":19.0,"gold_loss":0.0,"damage_taken":0.0}],"is_beta":false,"boss_relics":[{"not_picked":["Mark of Pain","Philosopher\u0027s Stone"],"picked":"Astrolabe"}],"items_purged_floors":[2,12,22],"is_endless":false,"potions_floor_spawned":[3,7,8,20],"killed_by":"Book of Stabbing","ascension_level":2}