{"gold_per_floor":[112,112,112,124,136,171,202,202,202,202],"floor_reached":10,"playtime":533,"items_purged":[],"score":106,"play_id":"ee6a6a45-eb1d-4c80-983c-2decb15befb2","local_time":"20180924135522","is_ascension_mode":true,"campfire_choices":[{"floor":8,"key":"REST"}],"neow_cost":"NONE","seed_source_timestamp":0,"circlet_count":0,"master_deck":["Strike_R","Strike_R","Strike_R","Strike_R","Defend_R","Defend_R","Defend_R","Defend_R","Bash+1","AscendersBane","Thunderclap","Spot Weakness","Heavy Blade","Dropkick","Body Slam"],"special_seed":0,"relics":["Burning Blood","Incense Burner","Nunchaku","Mummified Hand"],"potions_floor_usage":[7,7],"damage_taken":[{"damage":9.0,"enemies":"Jaw Worm","floor":1.0,"turns":3.0},{"damage":1.0,"enemies":"Cultist","floor":4.0,"turns":3.0},{"damage":0.0,"enemies":"Small Slimes","floor":5.0,"turns":3.0},{"damage":40.0,"enemies":"3 Sentries","floor":6.0,"turns":7.0},{"damage":26,"enemies":"Gremlin Nob","floor":7,"turns":4},{"damage":59,"enemies":"Gremlin Nob","floor":10,"turns":5}],"seed_played":"-4496858332120394994","potions_obtained":[{"floor":1.0,"key":"Weak Potion"},{"floor":6.0,"key":"Strength Potion"},{"floor":7,"key":"Strength Potion"}],"is_trial":false,"path_per_floor":["M","?","?","M","M","E","?","R","T"],"character_chosen":"IRONCLAD","items_purchased":[],"campfire_rested":1,"item_purchase_floors":[],"current_hp_per_floor":[69,69,74,79,85,51,31,56,56,0],"gold":202,"neow_bonus":"UPGRADE_CARD","is_prod":false,"is_daily":false,"chose_seed":false,"campfire_upgraded":0,"win_rate":0,"timestamp":1537815322,"path_taken":["M","?","?","M","?","E","?","R","T","E"],"build_version":"2018-09-20","purchased_purges":0,"victory":false,"max_hp_per_floor":[80,80,85,85,85,85,85,85,85,85],"card_choices":[{"not_picked":["Perfected Strike","Heavy Blade"],"picked":"Thunderclap","floor":1.0},{"not_picked":["Body Slam","Havoc"],"picked":"Spot Weakness","floor":4.0},{"not_picked":["Sever Soul","Carnage"],"picked":"Heavy Blade","floor":5.0},{"not_picked":["True Grit","Sword Boomerang"],"picked":"Dropkick","floor":6.0},{"not_picked":["Sword Boomerang","Warcry"],"picked":"Body Slam","floor":7}],"player_experience":640243,"relics_obtained":[{"floor":6.0,"key":"Incense Burner"},{"floor":7,"key":"Nunchaku"},{"floor":9,"key":"Mummified Hand"}],"event_choices":[{"event_name":"Bonfire Elementals","player_choice":"BASIC","floor":2.0,"damage_taken":0.0},{"event_name":"Big Fish","player_choice":"Donut","floor":3.0,"damage_taken":0.0},{"event_name":"Dead Adventurer","player_choice":"Searched \u00272\u0027 times","floor":7,"damage_taken":0}],"is_beta":false,"boss_relics":[],"items_purged_floors":[],"is_endless":false,"potions_floor_spawned":[1,6,7],"killed_by":"Gremlin Nob","ascension_level":12}