{"gold_per_floor":[112,44,54,19,42,76,76,103,153,169,202,217,217,237,237,342,342,357,67,67,67,67,93,113,146,146,146],"floor_reached":27,"playtime":2045,"items_purged":[],"score":282,"play_id":"edce16c6-b903-4be7-85cc-a259ea8bf53c","local_time":"20180727103658","is_ascension_mode":true,"campfire_choices":[{"data":"Envenom","floor":7,"key":"SMITH"},{"floor":13,"key":"REST"},{"floor":15,"key":"REST"}],"neow_cost":"TEN_PERCENT_HP_LOSS","seed_source_timestamp":2658156205447857,"circlet_count":0,"master_deck":["Defend_G","Defend_G","Defend_G","Defend_G","Defend_G","Strike_G","Strike_G","Strike_G","Strike_G","Strike_G","Survivor","Neutralize","Envenom+1","Noxious Fumes","Infinite Blades","Bouncing Flask","Envenom+1","Bane","Bane","Noxious Fumes","Deadly Poison","Slice","Backstab","Slice","Catalyst","Escape Plan","Escape Plan","Dagger Spray+1","Deflect"],"relics":["Ring of the Snake","Art of War","Bottled Flame","Mango","Strawberry","Ornamental Fan","Orrery","Bird Faced Urn","Omamori","Centennial Puzzle","StoneCalendar"],"potions_floor_usage":[8,12,14,23,23,23,24],"damage_taken":[{"damage":0,"enemies":"2 Louse","floor":1,"turns":3},{"damage":14,"enemies":"Jaw Worm","floor":3,"turns":5},{"damage":8,"enemies":"Lagavulin","floor":6,"turns":7},{"damage":31,"enemies":"3 Sentries","floor":8,"turns":8},{"damage":2,"enemies":"Small Slimes","floor":10,"turns":4},{"damage":27,"enemies":"Gremlin Nob","floor":11,"turns":4},{"damage":17,"enemies":"Exordium Thugs","floor":12,"turns":4},{"damage":7,"enemies":"Gremlin Gang","floor":14,"turns":4},{"damage":20,"enemies":"The Guardian","floor":16,"turns":7},{"damage":29,"enemies":"2 Thieves","floor":18,"turns":5},{"damage":17,"enemies":"Gremlin Leader","floor":23,"turns":6},{"damage":5,"enemies":"Shell Parasite","floor":24,"turns":4},{"damage":51,"enemies":"Book of Stabbing","floor":25,"turns":5},{"damage":0,"enemies":"Snecko","floor":27,"turns":2}],"seed_played":"7424800264873577514","potions_obtained":[{"floor":6,"key":"Energy Potion"},{"floor":8,"key":"Ancient Potion"},{"floor":10,"key":"Poison Potion"},{"floor":11,"key":"Regen Potion"},{"floor":14,"key":"SmokeBomb"},{"floor":18,"key":"AttackPotion"},{"floor":20,"key":"FairyPotion"},{"floor":20,"key":"EntropicBrew"},{"floor":23,"key":"EssenceOfSteel"}],"is_trial":false,"path_per_floor":["M","$","M","?","T","E","R","E","T","M","E","M","R","M","R","B",null,"M","$","?","?","?","E","M","E","T"],"character_chosen":"THE_SILENT","items_purchased":["Infinite Blades","Bird Faced Urn"],"campfire_rested":2,"item_purchase_floors":[2,19],"current_hp_per_floor":[63,63,49,63,63,55,55,38,45,43,16,13,38,31,56,36,84,55,55,55,55,55,50,47,2,2,4],"gold":146,"neow_bonus":"THREE_RARE_CARDS","is_prod":false,"is_daily":false,"chose_seed":false,"campfire_upgraded":1,"win_rate":0,"timestamp":1532705818,"path_taken":["M","$","M","?","?","E","R","E","T","M","E","M","R","?","R","BOSS","M","$","?","?","?","E","M","E","T","M"],"build_version":"2018-07-26","purchased_purges":0,"victory":false,"max_hp_per_floor":[63,63,63,63,63,63,63,77,84,84,84,84,84,84,84,84,84,84,84,84,84,84,84,84,84,84,84],"card_choices":[{"not_picked":["Doppelganger","Bullet Time"],"picked":"Envenom","floor":0},{"not_picked":["Flying Knee","Dash"],"picked":"Noxious Fumes","floor":1},{"not_picked":["Riddle With Holes","Finisher"],"picked":"Bouncing Flask","floor":3},{"not_picked":["Prepared","Concentrate"],"picked":"Envenom","floor":6},{"not_picked":["Riddle With Holes","All Out Attack"],"picked":"Bane","floor":8},{"not_picked":["Flying Knee","Accuracy"],"picked":"Bane","floor":10},{"not_picked":["Bullet Time","Acrobatics"],"picked":"Noxious Fumes","floor":11},{"not_picked":["Eviscerate","Underhanded Strike","Masterful Stab"],"picked":"SKIP","floor":12},{"not_picked":["PiercingWail","Acrobatics"],"picked":"Deadly Poison","floor":14},{"not_picked":["Poisoned Stab","Reflex"],"picked":"Slice","floor":17},{"not_picked":["Acrobatics","Sucker Punch"],"picked":"Backstab","floor":17},{"not_picked":["Prepared","Sucker Punch"],"picked":"Slice","floor":17},{"not_picked":["Accuracy","Dagger Spray"],"picked":"Catalyst","floor":17},{"not_picked":["Flying Knee","Unload"],"picked":"Escape Plan","floor":18},{"not_picked":["Bane","Deflect"],"picked":"Escape Plan","floor":23},{"not_picked":["Cloak And Dagger+1","Dagger Throw"],"picked":"Dagger Spray+1","floor":24},{"not_picked":["Flying Knee","Backflip"],"picked":"Deflect","floor":25}],"player_experience":351074,"relics_obtained":[{"floor":5,"key":"Art of War"},{"floor":6,"key":"Bottled Flame"},{"floor":8,"key":"Mango"},{"floor":9,"key":"Strawberry"},{"floor":11,"key":"Ornamental Fan"},{"floor":23,"key":"Omamori"},{"floor":25,"key":"Centennial Puzzle"},{"floor":26,"key":"StoneCalendar"}],"event_choices":[{"event_name":"The Cleric","player_choice":"Healed","floor":4,"damage_taken":0},{"event_name":"The Lab","player_choice":"Got Potions","floor":20,"damage_taken":0},{"event_name":"Drug Dealer","player_choice":"Ignored","floor":21,"damage_taken":0},{"event_name":"Upgrade Shrine","player_choice":"Upgraded","floor":22,"damage_taken":0}],"is_beta":false,"boss_relics":[{"not_picked":["Fusion Hammer","White Beast Statue"],"picked":"Orrery"}],"items_purged_floors":[],"is_endless":false,"potions_floor_spawned":[6,8,10,11,14,18,23],"killed_by":"Snecko","ascension_level":1}