{"gold_per_floor":[116,116,116,133,152,152,164,182,182,246,246,271,31,41,41,140,140,153,171,183,183,202,202,202,202,202,52,52,67,82,99,99,99],"floor_reached":33,"playtime":2160,"items_purged":[],"score":376,"play_id":"e52ec576-9ff8-4e9f-952f-2c1686fb9d97","local_time":"20181019182516","is_ascension_mode":true,"campfire_choices":[{"data":"Dagger Spray","floor":6,"key":"SMITH"},{"data":"Sucker Punch","floor":11,"key":"SMITH"},{"floor":15,"key":"REST"},{"floor":23,"key":"REST"},{"floor":28,"key":"REST"},{"floor":32,"key":"REST"}],"neow_cost":"NONE","seed_source_timestamp":178306917902043,"circlet_count":0,"master_deck":["Defend_G","Defend_G","Defend_G","Defend_G","Defend_G","Strike_G","Strike_G","Strike_G","Survivor","Neutralize+1","Dramatic Entrance","Slice","Dagger Spray+1","Sucker Punch+1","Slice","Escape Plan","Poisoned Stab","Backstab","Cloak And Dagger","Backstab","Deadly Poison+1","Backstab","Deadly Poison+1","Expertise+1","Neutralize","Slice","Slice","Poisoned Stab","Poisoned Stab+1"],"relics":["Ring of the Snake","Potion Belt","Art of War","The Courier","Orichalcum","Happy Flower","Empty Cage","Matryoshka","Strawberry"],"potions_floor_usage":[10,16,22,22,22,30,31,31,33],"damage_taken":[{"damage":0,"enemies":"2 Louse","floor":1,"turns":3},{"damage":0,"enemies":"Small Slimes","floor":4,"turns":3},{"damage":0,"enemies":"Cultist","floor":5,"turns":4},{"damage":3,"enemies":"Looter","floor":7,"turns":3},{"damage":0,"enemies":"3 Louse","floor":8,"turns":1},{"damage":9,"enemies":"3 Sentries","floor":10,"turns":6},{"damage":17,"enemies":"Lagavulin","floor":12,"turns":6},{"damage":10,"enemies":"Large Slime","floor":14,"turns":6},{"damage":33,"enemies":"Hexaghost","floor":16,"turns":14},{"damage":0,"enemies":"3 Byrds","floor":18,"turns":4},{"damage":16,"enemies":"Spheric Guardian","floor":19,"turns":4},{"damage":30,"enemies":"Snake Plant","floor":20,"turns":5},{"damage":0,"enemies":"Shelled Parasite and Fungi","floor":22,"turns":2},{"damage":2,"enemies":"Chosen and Byrds","floor":29,"turns":4},{"damage":31,"enemies":"Snake Plant","floor":30,"turns":5},{"damage":8,"enemies":"Snecko","floor":31,"turns":4},{"damage":41,"enemies":"Collector","floor":33,"turns":5}],"seed_played":"-341817159770707498","potions_obtained":[{"floor":4,"key":"GamblersBrew"},{"floor":7,"key":"Weak Potion"},{"floor":8,"key":"Block Potion"},{"floor":14,"key":"Energy Potion"},{"floor":16,"key":"SkillPotion"},{"floor":20,"key":"Swift Potion"},{"floor":22,"key":"Strength Potion"},{"floor":30,"key":"SneckoOil"},{"floor":31,"key":"EssenceOfSteel"}],"is_trial":false,"path_per_floor":["M","?","?","M","M","R","M","M","T","?","R","E","$","M","R","B",null,"M","M","M","?","M","R","?","?","T","$","R","M","M","M","R"],"character_chosen":"THE_SILENT","items_purchased":["Orichalcum","Happy Flower","Strawberry","Slice"],"campfire_rested":4,"item_purchase_floors":[13,13,27,27],"current_hp_per_floor":[63,68,68,68,68,68,65,65,65,56,56,39,39,29,51,18,61,61,45,15,15,15,37,37,37,37,44,68,66,35,27,51,10],"gold":99,"neow_bonus":"RANDOM_COLORLESS","is_prod":false,"is_daily":false,"chose_seed":false,"campfire_upgraded":2,"win_rate":0,"timestamp":1539991516,"path_taken":["M","?","?","M","M","R","M","M","T","?","R","E","$","M","R","BOSS","M","?","M","?","M","R","?","?","T","$","R","M","M","M","R","BOSS"],"build_version":"2018-10-18","purchased_purges":0,"victory":false,"max_hp_per_floor":[70,75,75,75,75,75,75,75,75,75,75,75,75,75,75,75,75,75,75,75,75,75,75,75,75,75,82,82,82,82,82,82,82],"card_choices":[{"not_picked":["Endless Agony","Calculated Gamble"],"picked":"Slice","floor":1},{"not_picked":["Bouncing Flask","Concentrate"],"picked":"Dagger Spray","floor":4},{"not_picked":["Poisoned Stab","Distraction"],"picked":"Sucker Punch","floor":5},{"not_picked":["Bane","Noxious Fumes"],"picked":"Slice","floor":7},{"not_picked":["Poisoned Stab","Footwork"],"picked":"Escape Plan","floor":8},{"not_picked":["Blur","Bouncing Flask"],"picked":"Poisoned Stab","floor":10},{"not_picked":["Bane","Dodge and Roll"],"picked":"Backstab","floor":12},{"not_picked":["Outmaneuver","Sucker Punch"],"picked":"Cloak And Dagger","floor":14},{"not_picked":["Quick Slash+1","Noxious Fumes"],"picked":"Backstab","floor":18},{"not_picked":["Choke","Dash"],"picked":"Deadly Poison+1","floor":19},{"not_picked":["Acrobatics+1","Escape Plan+1"],"picked":"Backstab","floor":20},{"not_picked":["All Out Attack+1","Concentrate"],"picked":"Expertise+1","floor":22},{"not_picked":["Dagger Spray","Quick Slash+1"],"picked":"Slice","floor":29},{"not_picked":["Catalyst","Unload"],"picked":"Poisoned Stab","floor":30},{"not_picked":["Terror+1","Dagger Spray"],"picked":"Poisoned Stab+1","floor":31}],"player_experience":805776,"relics_obtained":[{"floor":9,"key":"Potion Belt"},{"floor":10,"key":"Art of War"},{"floor":12,"key":"The Courier"},{"floor":26,"key":"Matryoshka"}],"event_choices":[{"damage_healed":0,"gold_gain":0,"player_choice":"Donut","damage_taken":0,"max_hp_gain":5,"max_hp_loss":0,"event_name":"Big Fish","floor":2,"gold_loss":0},{"damage_healed":0,"gold_gain":0,"player_choice":"Grow","damage_taken":0,"max_hp_gain":0,"max_hp_loss":0,"event_name":"Living Wall","floor":3,"gold_loss":0,"cards_upgraded":["Neutralize"]},{"damage_healed":0,"gold_gain":0,"player_choice":"Searched \u00272\u0027 times","damage_taken":0,"max_hp_gain":0,"max_hp_loss":0,"event_name":"Dead Adventurer","floor":10,"gold_loss":0},{"damage_healed":0,"gold_gain":0,"player_choice":"Copied","damage_taken":0,"max_hp_gain":0,"max_hp_loss":0,"event_name":"Duplicator","floor":21,"gold_loss":0,"cards_obtained":["Deadly Poison"]},{"damage_healed":0,"gold_gain":0,"player_choice":"Ignored","damage_taken":0,"max_hp_gain":0,"max_hp_loss":0,"event_name":"Ghosts","floor":24,"gold_loss":0},{"damage_healed":0,"gold_gain":0,"player_choice":"1 cards matched","damage_taken":0,"max_hp_gain":0,"max_hp_loss":0,"event_name":"Match and Keep!","floor":25,"gold_loss":0,"cards_obtained":["Neutralize"]}],"is_beta":false,"boss_relics":[{"not_picked":["Calling Bell","Snecko Eye"],"picked":"Empty Cage"}],"items_purged_floors":[],"is_endless":false,"potions_floor_spawned":[4,7,8,14,16,20,22,30,31],"killed_by":"Collector","ascension_level":8}