{"gold_per_floor":[113,113,288,302,312,312,342,342,342,342,361,389,409,429,429,529,529,543,557,557,557,147,147,161,161,238,6,19,19,19,31,31,130,130,144,0,0,0,18,18,18],"floor_reached":41,"playtime":3806,"items_purged":["Doubt"],"score":551,"play_id":"3863420e-4afc-4fde-9379-3a63e832ee1f","local_time":"20190701213350","is_ascension_mode":false,"campfire_choices":[{"floor":6,"key":"RECALL"},{"floor":15,"key":"REST"},{"data":"Secret Technique","floor":23,"key":"SMITH"},{"data":"Redo","floor":25,"key":"SMITH"},{"floor":30,"key":"REST"},{"data":"Fusion","floor":32,"key":"SMITH"},{"data":"Coolheaded","floor":40,"key":"SMITH"}],"neow_cost":"NONE","seed_source_timestamp":0,"circlet_count":0,"master_deck":["Strike_B+1","Strike_B","Defend_B+1","Defend_B+1","Defend_B+1","Defend_B","Zap","Dualcast","Redo+1","Coolheaded","Ball Lightning+1","Coolheaded+1","Self Repair","Capacitor","Capacitor","Cold Snap","Biased Cognition","Conserve Battery+1","Hologram","Static Discharge","Fusion+1","Secret Technique+1","Sweeping Beam","Machine Learning","Loop","Seek","Creative AI","Steam+1","Madness","Madness","Darkness"],"special_seed":0,"relics":["Cracked Core","Shovel","Ornamental Fan","Cables","Inserter","Anchor","Dodecahedron","War Paint","Philosopher\u0027s Stone","Red Mask","Peace Pipe"],"potions_floor_usage":[7,16,16,16,24,33],"damage_taken":[{"damage":1,"enemies":"Cultist","floor":1,"turns":3},{"damage":2,"enemies":"2 Louse","floor":4,"turns":2},{"damage":1,"enemies":"Jaw Worm","floor":5,"turns":3},{"damage":27,"enemies":"Gremlin Nob","floor":7,"turns":4},{"damage":5,"enemies":"3 Louse","floor":11,"turns":3},{"damage":11,"enemies":"Lagavulin","floor":12,"turns":8},{"damage":0,"enemies":"Blue Slaver","floor":13,"turns":6},{"damage":0,"enemies":"2 Fungi Beasts","floor":14,"turns":4},{"damage":7,"enemies":"Hexaghost","floor":16,"turns":8},{"damage":37,"enemies":"2 Thieves","floor":18,"turns":4},{"damage":14,"enemies":"Spheric Guardian","floor":19,"turns":4},{"damage":1,"enemies":"Chosen and Byrds","floor":24,"turns":6},{"damage":22,"enemies":"Snecko","floor":28,"turns":7},{"damage":10,"enemies":"Centurion and Healer","floor":31,"turns":7},{"damage":35,"enemies":"Automaton","floor":33,"turns":12},{"damage":6,"enemies":"3 Shapes","floor":35,"turns":4},{"damage":29,"enemies":"3 Darklings","floor":39,"turns":6},{"damage":42,"enemies":"Reptomancer","floor":41,"turns":2}],"seed_played":"1109135696758696037","potions_obtained":[{"floor":5,"key":"Fire Potion"},{"floor":12,"key":"FocusPotion"},{"floor":13,"key":"Poison Potion"},{"floor":14,"key":"Ancient Potion"},{"floor":18,"key":"SkillPotion"},{"floor":24,"key":"AttackPotion"},{"floor":33,"key":"Ancient Potion"}],"is_trial":false,"path_per_floor":["M","?","?","M","M","R","E","?","T","?","M","E","M","M","R","B",null,"M","M","?","?","$","R","M","R","T","$","M","T","R","M","R","B",null,"M","?","?","?","M","R","E"],"character_chosen":"DEFECT","items_purchased":["Static Discharge","Fusion","Secret Technique","Machine Learning","War Paint"],"campfire_rested":2,"item_purchase_floors":[22,22,22,27,27],"current_hp_per_floor":[74,59,59,57,56,56,29,29,29,29,24,20,27,34,56,56,75,38,31,31,31,31,31,37,37,37,37,22,22,44,41,41,13,75,69,69,60,60,38,38,0],"gold":18,"neow_bonus":"REMOVE_CARD","is_prod":false,"is_daily":false,"chose_seed":false,"campfire_upgraded":4,"win_rate":0,"timestamp":1562038430,"path_taken":["M","?","?","M","M","R","E","?","T","?","M","E","M","?","R","BOSS","M","M","?","?","$","R","M","R","T","$","M","?","R","M","R","BOSS","M","?","?","?","M","R","E"],"build_version":"2019-07-01","purchased_purges":1,"victory":false,"max_hp_per_floor":[75,75,75,75,75,75,75,75,75,75,75,75,75,75,75,75,75,75,75,75,75,75,75,75,75,75,75,75,75,75,75,75,75,75,75,75,75,75,75,75,75],"card_choices":[{"not_picked":["Leap","Turbo"],"picked":"Redo","floor":1},{"not_picked":["Rip and Tear","Stack"],"picked":"Coolheaded","floor":4},{"not_picked":["Leap","Beam Cell"],"picked":"Ball Lightning","floor":5},{"not_picked":["Skim","Undo"],"picked":"Coolheaded","floor":7},{"not_picked":["Blizzard","Stack"],"picked":"Self Repair","floor":11},{"not_picked":["Thunder Strike","Cold Snap"],"picked":"Capacitor","floor":12},{"not_picked":["Skim","Streamline"],"picked":"Capacitor","floor":13},{"not_picked":["Melter","Beam Cell"],"picked":"Cold Snap","floor":14},{"not_picked":["All For One","Hyperbeam"],"picked":"Biased Cognition","floor":16},{"not_picked":["Hello World","Streamline"],"picked":"Conserve Battery+1","floor":18},{"not_picked":["Stack","Capacitor"],"picked":"Hologram","floor":19},{"not_picked":["Redo","Steam Power"],"picked":"Sweeping Beam","floor":24},{"not_picked":["Tempest","Beam Cell"],"picked":"Loop","floor":28},{"not_picked":["Force Field+1","Glacier"],"picked":"Seek","floor":31},{"not_picked":["Reboot","Amplify"],"picked":"Creative AI","floor":33},{"not_picked":["Hologram+1","White Noise"],"picked":"Steam+1","floor":35},{"not_picked":["BootSequence","Turbo+1"],"picked":"Darkness","floor":39}],"player_experience":72979,"relics_obtained":[{"floor":7,"key":"Shovel"},{"floor":9,"key":"Ornamental Fan"},{"floor":12,"key":"Cables"},{"floor":26,"key":"Dodecahedron"}],"event_choices":[{"damage_healed":0,"gold_gain":0,"player_choice":"Entered Light","damage_taken":15,"max_hp_gain":0,"max_hp_loss":0,"event_name":"Shining Light","floor":2,"gold_loss":0,"cards_upgraded":["Strike_B","Defend_B"]},{"damage_healed":0,"gold_gain":175,"player_choice":"AGREE","damage_taken":0,"max_hp_gain":0,"max_hp_loss":0,"event_name":"Liars Game","floor":3,"gold_loss":0,"cards_obtained":["Doubt"]},{"cards_removed":["Strike_B"],"damage_healed":0,"gold_gain":0,"player_choice":"Forget","damage_taken":0,"max_hp_gain":0,"max_hp_loss":0,"event_name":"Living Wall","floor":8,"gold_loss":0},{"damage_healed":0,"gold_gain":0,"player_choice":"Upgraded","damage_taken":0,"max_hp_gain":0,"max_hp_loss":0,"event_name":"Upgrade Shrine","floor":10,"gold_loss":0,"cards_upgraded":["Ball Lightning"]},{"damage_healed":0,"gold_gain":0,"player_choice":"Ignored","damage_taken":0,"max_hp_gain":0,"max_hp_loss":0,"event_name":"Vampires","floor":20,"gold_loss":0},{"damage_healed":0,"gold_gain":0,"player_choice":"Opened","damage_taken":0,"relics_obtained":["Anchor"],"max_hp_gain":0,"max_hp_loss":0,"event_name":"The Mausoleum","floor":21,"gold_loss":0},{"damage_healed":0,"gold_gain":0,"player_choice":"Paid","damage_taken":0,"relics_obtained":["Red Mask"],"max_hp_gain":0,"max_hp_loss":0,"event_name":"Tomb of Lord Red Mask","floor":36,"gold_loss":144},{"damage_healed":0,"gold_gain":0,"player_choice":"Embrace Madness","damage_taken":9,"max_hp_gain":0,"max_hp_loss":0,"event_name":"Winding Halls","floor":37,"gold_loss":0,"cards_obtained":["Madness","Madness"]},{"damage_healed":0,"gold_gain":0,"player_choice":"Gave Potion","damage_taken":0,"relics_obtained":["Peace Pipe"],"max_hp_gain":0,"max_hp_loss":0,"event_name":"WeMeetAgain","floor":38,"gold_loss":0}],"is_beta":false,"boss_relics":[{"not_picked":["Astrolabe","Ectoplasm"],"picked":"Inserter"},{"not_picked":["Black Star","FrozenCore"],"picked":"Philosopher\u0027s Stone"}],"items_purged_floors":[22],"is_endless":false,"potions_floor_spawned":[5,12,13,14,18,24,33],"killed_by":"Reptomancer","ascension_level":0}