{"gold_per_floor":[113,38,52,52,68,68,98,111,160,160,12,40,5,18,18,119,119,134,34,50,63,12,12,27,43,43,68,68,68,99,118,118,118],"floor_reached":33,"playtime":2191,"items_purged":["Pain","Defend_R"],"score":322,"play_id":"566bcbcf-d706-44ae-8f00-93d087c6afe9","local_time":"20180709082221","is_ascension_mode":false,"campfire_choices":[{"data":"Whirlwind","floor":6,"key":"SMITH"},{"data":"Searing Blow","floor":15,"key":"SMITH"},{"data":"Searing Blow+1","floor":23,"key":"SMITH"},{"floor":32,"key":"REST"}],"neow_cost":"CURSE","seed_source_timestamp":1094679535187438,"circlet_count":0,"master_deck":["Strike_R","Strike_R","Bash","Ghostly Armor","Offering","Whirlwind+1","Infernal Blade","Sever Soul","Searing Blow+2","Inflame+1","Flex","Warcry+1","Rampage+1","Shrug It Off+1","Flex+1","Power Through+1","Anger+1","Twin Strike","Shrug It Off","Cleave","Twin Strike+1","Inflame+1","Whirlwind","Body Slam"],"relics":["Burning Blood","Frozen Egg 2","Boot","Blood Vial","Pen Nib","Astrolabe","Ornamental Fan","Bottled Flame","Strawberry"],"potions_floor_usage":[7,12,12,14,21,27,33],"damage_taken":[{"damage":11,"enemies":"Jaw Worm","floor":1,"turns":3},{"damage":4,"enemies":"Small Slimes","floor":3,"turns":3},{"damage":0,"enemies":"Cultist","floor":5,"turns":4},{"damage":4,"enemies":"3 Sentries","floor":7,"turns":1},{"damage":4,"enemies":"Red Slaver","floor":8,"turns":2},{"damage":19,"enemies":"Lagavulin","floor":12,"turns":5},{"damage":4,"enemies":"Exordium Wildlife","floor":14,"turns":1},{"damage":51,"enemies":"The Guardian","floor":16,"turns":7},{"damage":14,"enemies":"Spheric Guardian","floor":18,"turns":3},{"damage":10,"enemies":"Chosen","floor":20,"turns":2},{"damage":25,"enemies":"Centurion and Healer","floor":21,"turns":7},{"damage":4,"enemies":"Cultist and Chosen","floor":24,"turns":2},{"damage":4,"enemies":"Snake Plant","floor":25,"turns":4},{"damage":25,"enemies":"Book of Stabbing","floor":27,"turns":5},{"damage":31,"enemies":"Slavers","floor":30,"turns":4},{"damage":4,"enemies":"3 Cultists","floor":31,"turns":2},{"damage":64,"enemies":"Champ","floor":33,"turns":9}],"seed_played":"-5180407106445748701","potions_obtained":[{"floor":3,"key":"Energy Potion"},{"floor":5,"key":"Fire Potion"},{"floor":8,"key":"PowerPotion"},{"floor":12,"key":"Fire Potion"},{"floor":20,"key":"Block Potion"},{"floor":24,"key":"EssenceOfSteel"},{"floor":30,"key":"Block Potion"},{"floor":31,"key":"Explosive Potion"}],"is_trial":false,"path_per_floor":["M","$","M","?","M","R","E","M","T","?","$","E","$","M","R","B",null,"M","$","M","M","$","R","M","M","T","E","?","?","E","M","R"],"character_chosen":"IRONCLAD","items_purchased":["Blood Vial","Inflame+1","Twin Strike"],"campfire_rested":1,"item_purchase_floors":[11,13,22],"current_hp_per_floor":[75,75,77,70,76,76,78,80,80,72,72,61,61,65,65,22,80,72,72,70,53,53,53,57,61,61,44,44,44,28,32,58,0],"gold":118,"neow_bonus":"TRANSFORM_TWO_CARDS","is_prod":false,"is_daily":false,"chose_seed":false,"campfire_upgraded":3,"win_rate":0,"timestamp":1531142541,"path_taken":["M","$","M","?","M","R","E","M","T","?","?","E","$","M","R","BOSS","M","$","M","?","?","R","M","M","T","E","?","?","E","M","R","BOSS"],"build_version":"2018-07-05","purchased_purges":2,"victory":false,"max_hp_per_floor":[80,80,80,80,80,80,80,80,80,80,80,80,80,80,80,80,80,80,80,80,80,80,80,80,80,80,80,80,80,87,87,87,87],"card_choices":[{"not_picked":["Perfected Strike","Wild Strike"],"picked":"Whirlwind","floor":1},{"not_picked":["Thunderclap","Impervious","Perfected Strike"],"picked":"SKIP","floor":3},{"not_picked":["Thunderclap","Evolve","Sword Boomerang"],"picked":"SKIP","floor":5},{"not_picked":["Evolve","Pommel Strike"],"picked":"Infernal Blade","floor":7},{"not_picked":["Shrug It Off","Twin Strike"],"picked":"Sever Soul","floor":8},{"not_picked":["Cleave","Reckless Charge"],"picked":"Searing Blow","floor":12},{"not_picked":["Havoc","Dual Wield"],"picked":"Flex","floor":14},{"not_picked":["Havoc+1","Disarm"],"picked":"Flex+1","floor":18},{"not_picked":["Wild Strike+1","Intimidate"],"picked":"Power Through+1","floor":20},{"not_picked":["Rage","Clothesline"],"picked":"Anger+1","floor":21},{"not_picked":["Perfected Strike+1","Warcry"],"picked":"Shrug It Off","floor":24},{"not_picked":["Disarm","Rampage+1"],"picked":"Cleave","floor":25},{"not_picked":["Feel No Pain+1","Demon Form+1"],"picked":"Twin Strike+1","floor":27},{"not_picked":["Twin Strike+1","Thunderclap"],"picked":"Whirlwind","floor":30},{"not_picked":["Thunderclap+1","Infernal Blade"],"picked":"Body Slam","floor":31}],"player_experience":114207,"relics_obtained":[{"floor":7,"key":"Frozen Egg 2"},{"floor":9,"key":"Boot"},{"floor":12,"key":"Pen Nib"},{"floor":26,"key":"Ornamental Fan"},{"floor":27,"key":"Bottled Flame"},{"floor":30,"key":"Strawberry"}],"event_choices":[{"event_name":"Golden Wing","player_choice":"Card Removal","floor":4,"damage_taken":0},{"event_name":"Wheel of Change","player_choice":"Damage","floor":10,"damage_taken":0},{"event_name":"Drug Dealer","player_choice":"Ignored","floor":28,"damage_taken":0},{"event_name":"Duplicator","player_choice":"One dupe","floor":29,"damage_taken":0}],"boss_relics":[{"not_picked":["Black Blood","Snecko Eye"],"picked":"Astrolabe"}],"items_purged_floors":[2,19],"is_endless":false,"potions_floor_spawned":[3,5,8,12,20,24,30,31],"killed_by":"Champ","ascension_level":0}