{"gold_per_floor":[116,116,135,154,154,154,166,166,215,228,19,29,56,67,67,67],"floor_reached":16,"playtime":986,"items_purged":[],"score":172,"play_id":"24603f3f-3117-41c3-9ca1-8461972a0a8f","local_time":"20190510113728","is_ascension_mode":true,"campfire_choices":[{"data":"Dash","floor":6,"key":"SMITH"},{"data":"Backflip","floor":8,"key":"SMITH"},{"floor":15,"key":"REST"}],"neow_cost":"NONE","seed_source_timestamp":144832435649111,"circlet_count":0,"master_deck":["AscendersBane","Defend_G","Defend_G","Defend_G","Defend_G","Defend_G","Strike_G","Strike_G","Strike_G","Strike_G","Survivor+1","Neutralize+1","Acrobatics","Dash+1","Adrenaline","Backflip+1","Blade Dance","A Thousand Cuts","Grand Finale","Cloak And Dagger","Backstab","Cloak And Dagger","Glass Knife"],"relics":["Ring of the Snake","Dream Catcher","Happy Flower"],"potions_floor_usage":[10,13,13],"damage_taken":[{"damage":4,"enemies":"Jaw Worm","floor":1,"turns":5},{"damage":0,"enemies":"Cultist","floor":3,"turns":6},{"damage":0,"enemies":"2 Louse","floor":4,"turns":3},{"damage":0,"enemies":"Blue Slaver","floor":7,"turns":4},{"damage":1,"enemies":"Exordium Wildlife","floor":10,"turns":7},{"damage":1,"enemies":"2 Fungi Beasts","floor":12,"turns":4},{"damage":23,"enemies":"Gremlin Nob","floor":13,"turns":5},{"damage":6,"enemies":"Looter","floor":14,"turns":3},{"damage":19,"enemies":"Hexaghost","floor":16,"turns":3}],"seed_played":"-688072231604658752","potions_obtained":[{"floor":7,"key":"Poison Potion"},{"floor":10,"key":"Block Potion"},{"floor":12,"key":"AttackPotion"},{"floor":14,"key":"Energy Potion"}],"is_trial":false,"path_per_floor":["M","?","M","M","?","R","M","R","T","M","$","M","E","M","R","B"],"character_chosen":"THE_SILENT","items_purchased":["A Thousand Cuts","Grand Finale"],"campfire_rested":1,"item_purchase_floors":[11,11],"current_hp_per_floor":[59,59,59,59,59,59,59,59,59,58,58,57,34,28,49,30],"gold":67,"neow_bonus":"UPGRADE_CARD","is_prod":false,"is_daily":false,"chose_seed":false,"campfire_upgraded":2,"win_rate":0,"timestamp":1557506248,"path_taken":["M","?","M","?","?","R","M","R","T","M","?","M","E","M","R","BOSS"],"build_version":"2019-01-23","purchased_purges":0,"victory":false,"max_hp_per_floor":[70,70,70,70,70,70,70,70,70,70,70,70,70,70,70,70],"card_choices":[{"not_picked":["Dagger Throw","Prepared"],"picked":"Acrobatics","floor":1},{"not_picked":["Dagger Spray","Caltrops"],"picked":"Dash","floor":3},{"not_picked":["Blade Dance","Dash"],"picked":"Adrenaline","floor":4},{"not_picked":["Underhanded Strike","Poisoned Stab"],"picked":"Backflip","floor":7},{"not_picked":["Deflect","Poisoned Stab"],"picked":"Blade Dance","floor":10},{"not_picked":["Expertise","Poisoned Stab"],"picked":"Cloak And Dagger","floor":12},{"not_picked":["Escape Plan","Slice"],"picked":"Backstab","floor":13},{"not_picked":["Underhanded Strike","Slice"],"picked":"Cloak And Dagger","floor":14},{"not_picked":["Finisher","Accuracy"],"picked":"Glass Knife","floor":15}],"player_experience":1376813,"relics_obtained":[{"floor":9,"key":"Dream Catcher"},{"floor":13,"key":"Happy Flower"}],"event_choices":[{"damage_healed":0,"gold_gain":0,"player_choice":"Upgraded","damage_taken":0,"max_hp_gain":0,"max_hp_loss":0,"event_name":"Upgrade Shrine","floor":2,"gold_loss":0,"cards_upgraded":["Survivor"]},{"cards_removed":["Strike_G"],"damage_healed":0,"gold_gain":0,"player_choice":"Card Removal","damage_taken":0,"max_hp_gain":0,"max_hp_loss":0,"event_name":"Wheel of Change","floor":5,"gold_loss":0}],"is_beta":false,"boss_relics":[],"items_purged_floors":[],"is_endless":false,"potions_floor_spawned":[7,10,12,14],"killed_by":"Hexaghost","ascension_level":13}