{"gold_per_floor":[119,139,139,154,87,87,97,114,114,125,150,165,193,211,211,316,316,336,435,97,97,9,9,9,9,9,20,30,30,41,41,41,140,140,159,177,194,0,17,17,17,17,43,43,43,143,153,163,163,163],"floor_reached":51,"playtime":4531,"items_purged":[],"score":686,"play_id":"31b75240-6c69-4ab5-9287-1c04bac138ee","local_time":"20190624132115","is_ascension_mode":false,"campfire_choices":[{"data":"White Noise","floor":6,"key":"SMITH"},{"floor":15,"key":"REST"},{"data":"Redo","floor":23,"key":"SMITH"},{"data":"Dualcast","floor":25,"key":"SMITH"},{"data":"Darkness","floor":29,"key":"SMITH"},{"data":"Loop","floor":32,"key":"SMITH"},{"data":"Chrysalis","floor":40,"key":"SMITH"},{"data":"Doom and Gloom","floor":42,"key":"SMITH"},{"data":"Stack","floor":44,"key":"SMITH"},{"floor":49,"key":"REST"}],"neow_cost":"NONE","seed_source_timestamp":11918790335483,"circlet_count":0,"master_deck":["Strike_B+1","Strike_B+1","Strike_B+1","Strike_B+1","Defend_B+1","Defend_B+1","Defend_B+1","Defend_B+1","Zap+1","Dualcast+1","Darkness+1","Go for the Eyes","White Noise+1","Leap","Cold Snap","Loop+1","Doom and Gloom+1","Go for the Eyes","Ball Lightning","Melter","Reinforced Body+1","Blizzard","Redo+1","Electrodynamics","Steam+1","Tempest","Chrysalis+1","Enlightenment","Sweeping Beam","BootSequence","Stack","Undo","Leap","Sweeping Beam+1","Seek","Compile Driver","Go for the Eyes","Cold Snap+1","Stack+1","Cold Snap","Sunder+1","Compile Driver+1","Cold Snap+1","Redo+1","Redo+1","Streamline+1","Redo+1","Heatsinks+1"],"relics":["Cracked Core","NeowsBlessing","Pantograph","Lantern","Prayer Wheel","Busted Crown","War Paint","Sundial","Sozu","Red Mask","Strawberry","Thread and Needle"],"potions_floor_usage":[50,50,50],"damage_taken":[{"damage":0,"enemies":"Cultist","floor":1,"turns":1},{"damage":0,"enemies":"Jaw Worm","floor":2,"turns":1},{"damage":0,"enemies":"Small Slimes","floor":4,"turns":1},{"damage":0,"enemies":"Looter","floor":7,"turns":3},{"damage":25,"enemies":"Gremlin Gang","floor":8,"turns":6},{"damage":10,"enemies":"Blue Slaver","floor":10,"turns":2},{"damage":8,"enemies":"Lagavulin","floor":11,"turns":6},{"damage":8,"enemies":"2 Fungi Beasts","floor":12,"turns":3},{"damage":11,"enemies":"3 Sentries","floor":13,"turns":4},{"damage":6,"enemies":"Exordium Thugs","floor":14,"turns":4},{"damage":20,"enemies":"Hexaghost","floor":16,"turns":10},{"damage":15,"enemies":"3 Byrds","floor":18,"turns":4},{"damage":11,"enemies":"2 Thieves","floor":27,"turns":2},{"damage":1,"enemies":"Snake Plant","floor":28,"turns":4},{"damage":0,"enemies":"Sentry and Sphere","floor":30,"turns":3},{"damage":38,"enemies":"Collector","floor":33,"turns":8},{"damage":5,"enemies":"Orb Walker","floor":35,"turns":5},{"damage":10,"enemies":"3 Shapes","floor":36,"turns":3},{"damage":30,"enemies":"Writhing Mass","floor":37,"turns":7},{"damage":6,"enemies":"3 Darklings","floor":39,"turns":5},{"damage":2,"enemies":"Mind Bloom Boss Battle","floor":46,"turns":7},{"damage":24,"enemies":"Spire Growth","floor":47,"turns":4},{"damage":20,"enemies":"Sphere and 2 Shapes","floor":48,"turns":5},{"damage":51,"enemies":"Donu and Deca","floor":50,"turns":8}],"seed_played":"3506011209053113202","potions_obtained":[{"floor":4,"key":"Regen Potion"},{"floor":10,"key":"Dexterity Potion"},{"floor":11,"key":"Explosive Potion"},{"floor":28,"key":"FocusPotion"}],"is_trial":false,"path_per_floor":["M","M","?","M","$","R","M","M","T","M","E","M","E","M","R","B",null,"M","?","$","?","$","R","?","R","T","M","M","R","M","?","R","B",null,"M","M","M","?","M","R","$","R","T","R","$","?","M","M","R","B",null],"character_chosen":"DEFECT","items_purchased":["Leap","Cold Snap","War Paint","Chrysalis","Enlightenment"],"campfire_rested":2,"item_purchase_floors":[5,5,20,20,22],"current_hp_per_floor":[75,75,75,75,75,75,75,50,50,40,32,24,13,7,29,34,75,60,60,60,60,60,60,60,60,60,49,48,48,48,34,34,21,80,75,65,35,35,29,29,29,29,36,36,36,59,35,15,41,30],"gold":163,"neow_bonus":"THREE_ENEMY_KILL","is_prod":false,"is_daily":false,"chose_seed":false,"campfire_upgraded":8,"win_rate":0.0,"timestamp":1561375275,"path_taken":["M","?","?","?","$","R","M","M","T","M","E","M","E","M","R","BOSS","M","?","$","?","$","R","?","R","T","?","M","R","M","?","R","BOSS","M","M","M","?","M","R","$","R","T","R","?","?","M","M","R","BOSS"],"build_version":"2019-01-23","purchased_purges":0,"victory":true,"max_hp_per_floor":[75,75,75,75,75,75,75,75,75,75,75,75,75,75,75,75,75,75,75,75,75,75,75,75,75,75,75,75,75,75,80,80,80,80,80,80,80,80,80,80,80,80,87,87,87,87,87,87,87,87],"card_choices":[{"not_picked":["Streamline","Beam Cell"],"picked":"Darkness","floor":1},{"not_picked":["Genetic Algorithm","Recycle"],"picked":"Go for the Eyes","floor":2},{"not_picked":["Cold Snap","Genetic Algorithm"],"picked":"White Noise","floor":4},{"not_picked":["Leap","Steam"],"picked":"Loop","floor":7},{"not_picked":["Steam Power","Steam"],"picked":"Doom and Gloom","floor":8},{"not_picked":["Beam Cell","Streamline"],"picked":"Go for the Eyes","floor":10},{"not_picked":["Streamline","Hologram"],"picked":"Ball Lightning","floor":11},{"not_picked":["BootSequence","Compile Driver"],"picked":"Melter","floor":12},{"not_picked":["Buffer","Rebound"],"picked":"Reinforced Body","floor":13},{"not_picked":["Hello World","Hologram"],"picked":"Blizzard","floor":14},{"not_picked":["Compile Driver","Hologram"],"picked":"Redo","floor":14},{"not_picked":["Amplify","Machine Learning"],"picked":"Electrodynamics","floor":16},{"not_picked":[],"picked":"Steam+1","floor":18},{"not_picked":[],"picked":"Tempest","floor":18},{"not_picked":[],"picked":"Sweeping Beam","floor":27},{"not_picked":[],"picked":"BootSequence","floor":27},{"not_picked":[],"picked":"Stack","floor":28},{"not_picked":[],"picked":"Undo","floor":28},{"not_picked":[],"picked":"Leap","floor":30},{"not_picked":[],"picked":"Sweeping Beam+1","floor":30},{"not_picked":[],"picked":"Seek","floor":33},{"not_picked":[],"picked":"Compile Driver","floor":35},{"not_picked":[],"picked":"Go for the Eyes","floor":35},{"not_picked":[],"picked":"Cold Snap+1","floor":36},{"not_picked":[],"picked":"Stack","floor":36},{"not_picked":[],"picked":"Cold Snap","floor":37},{"not_picked":[],"picked":"Sunder+1","floor":37},{"not_picked":[],"picked":"Compile Driver+1","floor":39},{"not_picked":[],"picked":"Cold Snap+1","floor":39},{"not_picked":[],"picked":"Redo+1","floor":46},{"not_picked":[],"picked":"Redo+1","floor":47},{"not_picked":[],"picked":"Streamline+1","floor":47},{"not_picked":[],"picked":"Redo+1","floor":48},{"not_picked":[],"picked":"Heatsinks+1","floor":48}],"player_experience":92260,"relics_obtained":[{"floor":9,"key":"Pantograph"},{"floor":11,"key":"Lantern"},{"floor":13,"key":"Prayer Wheel"},{"floor":26,"key":"Sundial"},{"floor":43,"key":"Strawberry"},{"floor":46,"key":"Thread and Needle"}],"event_choices":[{"damage_healed":0,"gold_gain":0,"player_choice":"Ignored","damage_taken":0,"max_hp_gain":0,"max_hp_loss":0,"event_name":"WeMeetAgain","floor":3,"gold_loss":0},{"damage_healed":0,"gold_gain":99,"player_choice":"Stole From Cult","damage_taken":0,"max_hp_gain":0,"max_hp_loss":0,"event_name":"Nest","floor":19,"gold_loss":0},{"damage_healed":0,"gold_gain":0,"player_choice":"Simplicity","damage_taken":0,"max_hp_gain":0,"max_hp_loss":0,"event_name":"Back to Basics","floor":21,"gold_loss":0,"cards_upgraded":["Strike_B","Strike_B","Strike_B","Strike_B","Defend_B","Defend_B","Defend_B","Defend_B"]},{"damage_healed":0,"gold_gain":0,"player_choice":"Ignored","damage_taken":0,"max_hp_gain":0,"max_hp_loss":0,"event_name":"Transmorgrifier","floor":24,"gold_loss":0},{"damage_healed":0,"gold_gain":0,"player_choice":"Shed Blood","damage_taken":19,"max_hp_gain":5,"max_hp_loss":0,"event_name":"Forgotten Altar","floor":31,"gold_loss":0},{"damage_healed":0,"gold_gain":0,"player_choice":"Paid","damage_taken":0,"relics_obtained":["Red Mask"],"max_hp_gain":0,"max_hp_loss":0,"event_name":"Tomb of Lord Red Mask","floor":38,"gold_loss":194},{"damage_healed":0,"gold_gain":0,"player_choice":"Fight","damage_taken":0,"max_hp_gain":0,"max_hp_loss":0,"event_name":"MindBloom","floor":46,"gold_loss":0}],"is_beta":false,"boss_relics":[{"not_picked":["Astrolabe","Ectoplasm"],"picked":"Busted Crown"},{"not_picked":["Philosopher\u0027s Stone","Inserter"],"picked":"Sozu"}],"items_purged_floors":[],"is_endless":false,"potions_floor_spawned":[4,10,11,12,13,14,27,28,35,39,46],"ascension_level":0}