{"gold_per_floor":[113,113,113,129,142,142,170,170,170,183,196,224,239,84,84,179,179,198,216,131,145,145,175,187,7,7,7,26,26,53,69,69,69],"floor_reached":33,"playtime":2879,"items_purged":[],"score":555,"play_id":"3b96eedf-5134-4ff1-ae7b-c7de9c321700","local_time":"20180925104728","is_ascension_mode":true,"campfire_choices":[{"data":"Heavy Blade","floor":6.0,"key":"SMITH"},{"data":"1","floor":15.0,"key":"LIFT"},{"floor":24,"key":"REST"},{"data":"2","floor":27,"key":"LIFT"},{"floor":29,"key":"REST"},{"floor":32,"key":"REST"}],"neow_cost":"","seed_source_timestamp":0,"circlet_count":0,"master_deck":["Strike_R+1","Strike_R","Strike_R","Strike_R","Defend_R","Defend_R","Defend_R+1","Defend_R","Bash","AscendersBane","Spot Weakness","Wild Strike","Heavy Blade+1","Body Slam+1","Armaments","Clothesline","Uppercut","Power Through","Immolate","Cleave","Carnage","Heavy Blade","Thunderclap"],"special_seed":0,"relics":["Burning Blood","Girya","Self Forming Clay","Centennial Puzzle","Bronze Scales","Runic Cube","Happy Flower","MawBank","Sling","The Courier","Toxic Egg 2"],"potions_floor_usage":[16,23,30],"damage_taken":[{"damage":9.0,"enemies":"2 Louse","floor":1.0,"turns":5.0},{"damage":1.0,"enemies":"Small Slimes","floor":4.0,"turns":4.0},{"damage":7.0,"enemies":"Jaw Worm","floor":5.0,"turns":3.0},{"damage":20.0,"enemies":"Lagavulin","floor":7.0,"turns":5.0},{"damage":13.0,"enemies":"Blue Slaver","floor":10.0,"turns":2.0},{"damage":3.0,"enemies":"3 Louse","floor":11.0,"turns":4.0},{"damage":25.0,"enemies":"Gremlin Nob","floor":12.0,"turns":4.0},{"damage":0.0,"enemies":"Exordium Wildlife","floor":13.0,"turns":3.0},{"damage":0,"enemies":"Slime Boss","floor":16,"turns":8},{"damage":8,"enemies":"3 Byrds","floor":18,"turns":2},{"damage":22,"enemies":"2 Thieves","floor":19,"turns":3},{"damage":7,"enemies":"Snecko","floor":21,"turns":3},{"damage":34,"enemies":"Slavers","floor":23,"turns":4},{"damage":22,"enemies":"Sentry and Sphere","floor":28,"turns":4},{"damage":21,"enemies":"Gremlin Leader","floor":30,"turns":4},{"damage":26,"enemies":"Shelled Parasite and Fungi","floor":31,"turns":3},{"damage":14,"enemies":"Automaton","floor":33,"turns":6}],"seed_played":"8982290393642577168","potions_obtained":[{"floor":1.0,"key":"SteroidPotion"},{"floor":4.0,"key":"SneckoOil"},{"floor":10.0,"key":"FearPotion"},{"floor":11.0,"key":"BloodPotion"},{"floor":13.0,"key":"PowerPotion"},{"floor":21,"key":"BloodPotion"},{"floor":23,"key":"Weak Potion"},{"floor":31,"key":"SmokeBomb"}],"is_trial":false,"path_per_floor":["M","?","?","M","M","R","E","?","T","M","M","E","M","$","R","B",null,"M","M","?","M","$","E","R","$","T","R","M","R","E","M","R"],"character_chosen":"IRONCLAD","items_purchased":["Bronze Scales","Sling"],"campfire_rested":3,"item_purchase_floors":[14,25],"current_hp_per_floor":[69,62,46,51,50,50,36,36,36,29,32,21,27,27,27,33,68,66,50,50,49,49,29,53,53,53,53,37,61,46,26,50,36],"gold":69,"neow_bonus":"","is_prod":false,"is_daily":false,"chose_seed":false,"campfire_upgraded":1,"win_rate":0,"timestamp":1537890448,"path_taken":["M","?","?","M","M","R","E","?","T","?","M","E","?","$","R","BOSS","M","M","?","M","?","E","R","$","T","R","?","R","E","M","R","BOSS"],"build_version":"2018-09-20","purchased_purges":0,"victory":false,"max_hp_per_floor":[80,80,80,80,80,80,80,80,80,80,80,80,80,80,80,80,80,80,80,80,80,80,80,80,80,80,80,80,80,80,80,80,80],"card_choices":[{"not_picked":["Bloodletting","Havoc"],"picked":"Spot Weakness","floor":1.0},{"not_picked":["Feel No Pain","Cleave"],"picked":"Wild Strike","floor":4.0},{"not_picked":["Anger","Cleave"],"picked":"Heavy Blade","floor":5.0},{"not_picked":["Disarm","Entrench"],"picked":"Body Slam","floor":7.0},{"not_picked":["Dropkick","Second Wind"],"picked":"Armaments","floor":10.0},{"not_picked":["Infernal Blade","Sever Soul"],"picked":"Clothesline","floor":11.0},{"not_picked":["Twin Strike","Blood for Blood"],"picked":"Uppercut","floor":12.0},{"not_picked":["Combust","Uppercut"],"picked":"Power Through","floor":13.0},{"not_picked":["Impervious","Reaper"],"picked":"Immolate","floor":16},{"not_picked":["Bloodletting","Combust","Corruption"],"picked":"SKIP","floor":18},{"not_picked":["Clothesline","Armaments"],"picked":"Cleave","floor":19},{"not_picked":["Entrench","Fire Breathing"],"picked":"Carnage","floor":21},{"not_picked":["Shockwave+1","Blood for Blood"],"picked":"Heavy Blade","floor":23},{"not_picked":["Havoc","Entrench","Sentinel"],"picked":"SKIP","floor":28},{"not_picked":["Dual Wield","Uppercut","True Grit"],"picked":"SKIP","floor":30},{"not_picked":["Twin Strike","Perfected Strike"],"picked":"Thunderclap","floor":31}],"player_experience":641657,"relics_obtained":[{"floor":7.0,"key":"Girya"},{"floor":9.0,"key":"Self Forming Clay"},{"floor":12.0,"key":"Centennial Puzzle"},{"floor":23,"key":"MawBank"},{"floor":26,"key":"The Courier"},{"floor":30,"key":"Toxic Egg 2"}],"event_choices":[{"event_name":"Golden Wing","player_choice":"Card Removal","floor":2.0,"damage_taken":0.0},{"event_name":"Shining Light","player_choice":"Entered Light","floor":3.0,"damage_taken":0.0},{"event_name":"Living Wall","player_choice":"Grow","floor":8.0,"damage_taken":0.0},{"event_name":"Addict","player_choice":"Obtained Relic","floor":20,"damage_taken":0}],"is_beta":false,"boss_relics":[{"not_picked":["Black Blood","Astrolabe"],"picked":"Runic Cube"}],"items_purged_floors":[],"is_endless":false,"potions_floor_spawned":[1,4,10,11,13,21,23,31],"killed_by":"Automaton","ascension_level":12}