{"gold_per_floor":[217,217,217,231,245,245,259,279,305,339,112,175,187,187,187,288,288,303,303,403,403,53,53,53,53,104,116,128,151,163,193,205,217],"floor_reached":33,"playtime":1494,"items_purged":[],"score":243,"play_id":"3707627d-0489-48b8-955d-28ded677f83c","local_time":"20190607211703","is_ascension_mode":false,"campfire_choices":[{"data":"Dualcast","floor":6,"key":"SMITH"},{"data":"Static Discharge","floor":15,"key":"SMITH"},{"floor":23,"key":"REST"},{"data":"Static Discharge","floor":25,"key":"SMITH"},{"data":"Thunder Strike","floor":27,"key":"SMITH"},{"data":"Capacitor","floor":32,"key":"SMITH"}],"neow_cost":"NONE","seed_source_timestamp":1896709205193890,"circlet_count":0,"master_deck":["Strike_B","Strike_B","Strike_B","Strike_B","Defend_B","Defend_B","Defend_B+1","Defend_B","Zap+1","Dualcast+1","Doom and Gloom","Redo","Loop","Static Discharge+1","Static Discharge+1","Thunder Strike+1","Ball Lightning","Reboot","Capacitor+1","Ball Lightning","Capacitor+1"],"relics":["Cracked Core","Mercury Hourglass","Omamori","Matryoshka","Darkstone Periapt","Sozu","FossilizedHelix","Singing Bowl","Ancient Tea Set","Emotion Chip","MutagenicStrength","Dream Catcher","MawBank"],"potions_floor_usage":[10,12,20,33],"damage_taken":[{"damage":7,"enemies":"2 Louse","floor":1,"turns":3},{"damage":6,"enemies":"Jaw Worm","floor":4,"turns":2},{"damage":1,"enemies":"Cultist","floor":5,"turns":3},{"damage":0,"enemies":"Lots of Slimes","floor":7,"turns":1},{"damage":2,"enemies":"Exordium Wildlife","floor":8,"turns":2},{"damage":7,"enemies":"Gremlin Nob","floor":10,"turns":3},{"damage":7,"enemies":"3 Sentries","floor":12,"turns":3},{"damage":3,"enemies":"Large Slime","floor":13,"turns":4},{"damage":12,"enemies":"Slime Boss","floor":16,"turns":7},{"damage":5,"enemies":"Spheric Guardian","floor":18,"turns":3},{"damage":20,"enemies":"Colosseum Slavers","floor":20,"turns":2},{"damage":45,"enemies":"Colosseum Nobs","floor":20,"turns":4},{"damage":12,"enemies":"2 Thieves","floor":29,"turns":3},{"damage":0,"enemies":"Snecko","floor":31,"turns":3},{"damage":70,"enemies":"Collector","floor":33,"turns":5}],"seed_played":"-5098786350070067628","potions_obtained":[{"floor":5,"key":"Strength Potion"},{"floor":8,"key":"Block Potion"},{"floor":12,"key":"Ancient Potion"},{"floor":16,"key":"PowerPotion"}],"is_trial":false,"path_per_floor":["M","?","T","M","M","R","M","M","T","E","$","?","M","?","R","B",null,"M","?","?","?","$","R","?","R","T","R","?","M","$","M","R","B"],"character_chosen":"DEFECT","items_purchased":["Static Discharge","Thunder Strike","Emotion Chip","Ball Lightning"],"campfire_rested":1,"item_purchase_floors":[11,11,22,22],"current_hp_per_floor":[68,53,53,47,46,46,46,44,44,37,37,30,27,52,52,40,75,70,70,7,7,7,30,30,30,30,30,55,45,45,45,45,0],"gold":217,"neow_bonus":"HUNDRED_GOLD","is_prod":false,"is_daily":false,"chose_seed":false,"campfire_upgraded":5,"win_rate":0,"timestamp":1559960223,"path_taken":["M","?","?","M","?","R","M","M","T","E","?","?","M","?","R","BOSS","M","?","?","?","$","R","?","R","T","R","?","?","?","M","R","BOSS"],"build_version":"2019-01-23","purchased_purges":0,"victory":false,"max_hp_per_floor":[75,75,75,75,75,75,75,75,75,75,75,75,75,75,75,75,75,75,75,77,77,77,77,77,77,77,77,77,79,79,79,79,79],"card_choices":[{"not_picked":["Steam","Redo","Conserve Battery"],"picked":"SKIP","floor":1},{"not_picked":["Redo","Reinforced Body","Hologram"],"picked":"SKIP","floor":4},{"not_picked":["Barrage","Sweeping Beam"],"picked":"Doom and Gloom","floor":5},{"not_picked":["Stack","Heatsinks"],"picked":"Redo","floor":7},{"not_picked":["Streamline","Leap"],"picked":"Loop","floor":8},{"not_picked":["Leap","BootSequence"],"picked":"Static Discharge","floor":10},{"not_picked":["Hologram","BootSequence"],"picked":"Ball Lightning","floor":12},{"not_picked":["Hologram","Cold Snap","Steam"],"picked":"SKIP","floor":13},{"not_picked":["Biased Cognition","Hyperbeam"],"picked":"Reboot","floor":16},{"not_picked":["Doom and Gloom","Auto Shields+1"],"picked":"Capacitor+1","floor":18},{"not_picked":["Beam Cell","Redo","Compile Driver"],"picked":"Singing Bowl","floor":20},{"not_picked":["Redo","Consume","Loop"],"picked":"Singing Bowl","floor":29},{"not_picked":["Coolheaded","Reinforced Body"],"picked":"Capacitor","floor":31}],"player_experience":1422605,"relics_obtained":[{"floor":3,"key":"Mercury Hourglass"},{"floor":9,"key":"Omamori"},{"floor":10,"key":"Matryoshka"},{"floor":20,"key":"FossilizedHelix"},{"floor":20,"key":"Singing Bowl"},{"floor":26,"key":"Dream Catcher"},{"floor":26,"key":"MawBank"}],"event_choices":[{"damage_healed":0,"gold_gain":0,"player_choice":"Entered Light","damage_taken":15,"max_hp_gain":0,"max_hp_loss":0,"event_name":"Shining Light","floor":2,"gold_loss":0,"cards_upgraded":["Zap","Defend_B"]},{"damage_healed":0,"gold_gain":0,"player_choice":"Searched \u00272\u0027 times","damage_taken":0,"relics_obtained":["Darkstone Periapt"],"max_hp_gain":0,"max_hp_loss":0,"event_name":"Dead Adventurer","floor":12,"gold_loss":0},{"damage_healed":25,"gold_gain":0,"player_choice":"Banana","damage_taken":0,"max_hp_gain":0,"max_hp_loss":0,"event_name":"Big Fish","floor":14,"gold_loss":0},{"damage_healed":0,"gold_gain":0,"player_choice":"Ignored","damage_taken":0,"max_hp_gain":0,"max_hp_loss":0,"event_name":"Ghosts","floor":19,"gold_loss":0},{"damage_healed":0,"gold_gain":0,"player_choice":"Fight","damage_taken":0,"max_hp_gain":0,"max_hp_loss":0,"event_name":"Colosseum","floor":20,"gold_loss":0},{"damage_healed":0,"gold_gain":0,"player_choice":"Fought Nobs","damage_taken":0,"max_hp_gain":0,"max_hp_loss":0,"event_name":"Colosseum","floor":20,"gold_loss":0},{"damage_healed":0,"gold_gain":0,"player_choice":"Opened","damage_taken":0,"relics_obtained":["Ancient Tea Set"],"max_hp_gain":0,"max_hp_loss":0,"event_name":"The Mausoleum","floor":21,"gold_loss":0,"cards_obtained":["Writhe"]},{"damage_healed":0,"gold_gain":0,"player_choice":"Inject Mutagens","damage_taken":0,"relics_obtained":["MutagenicStrength"],"max_hp_gain":0,"max_hp_loss":0,"event_name":"Drug Dealer","floor":24,"gold_loss":0},{"damage_healed":25,"gold_gain":0,"player_choice":"Heal","damage_taken":0,"max_hp_gain":0,"max_hp_loss":0,"event_name":"The Library","floor":28,"gold_loss":0}],"is_beta":false,"boss_relics":[{"not_picked":["Empty Cage","Runic Pyramid"],"picked":"Sozu"}],"items_purged_floors":[],"is_endless":false,"potions_floor_spawned":[5,8,12,16,20,29],"killed_by":"Collector","ascension_level":0}