{"gold_per_floor":[210,68,79,79,97,123,133,160,160,179,179,9,9,27,27,27],"floor_reached":16,"playtime":1220,"items_purged":["Strike_B","Defend_B"],"score":118,"play_id":"6e7a7788-9818-403f-97c5-0a7fa2adaf92","local_time":"20180801141923","is_ascension_mode":true,"campfire_choices":[{"floor":11.0,"key":"REST"},{"floor":15.0,"key":"REST"}],"neow_cost":"NONE","seed_source_timestamp":0,"circlet_count":0,"master_deck":["Strike_B","Strike_B","Strike_B","Defend_B","Defend_B","Defend_B","Zap","Dualcast","Conserve Battery","Chaos+1","Melter","Hologram","Conserve Battery+1","Skim","Genetic Algorithm","Self Repair+1","Chaos"],"special_seed":0,"relics":["Cracked Core","Strawberry","StoneCalendar","Bird Faced Urn"],"potions_floor_usage":[],"damage_taken":[{"damage":0.0,"enemies":"2 Louse","floor":1.0,"turns":4.0},{"damage":0.0,"enemies":"Cultist","floor":3.0,"turns":4.0},{"damage":4.0,"enemies":"Jaw Worm","floor":5.0,"turns":3.0},{"damage":28.0,"enemies":"Gremlin Nob","floor":6.0,"turns":4.0},{"damage":10.0,"enemies":"Gremlin Gang","floor":7.0,"turns":5.0},{"damage":6.0,"enemies":"Lagavulin","floor":8.0,"turns":6.0},{"damage":3.0,"enemies":"Exordium Thugs","floor":10.0,"turns":7.0},{"damage":0.0,"enemies":"Large Slime","floor":14.0,"turns":5.0},{"damage":0,"enemies":"The Guardian","floor":16,"turns":2}],"seed_played":"-7634787341676478676","potions_obtained":[{"floor":3.0,"key":"PowerPotion"},{"floor":5.0,"key":"EssenceOfSteel"}],"is_trial":false,"path_per_floor":["M","$","M","?","M","E","M","E","T","M","R","$","?","M","R"],"character_chosen":"DEFECT","items_purchased":["Chaos","Self Repair"],"campfire_rested":2,"item_purchase_floors":[2,12],"current_hp_per_floor":[75,75,75,75,71,50,40,34,34,31,55,55,39,51,75,77],"gold":27,"neow_bonus":"HUNDRED_GOLD","is_prod":false,"is_daily":false,"chose_seed":false,"campfire_upgraded":0,"win_rate":0,"timestamp":1533151163,"path_taken":["M","$","M","?","?","E","M","E","T","M","R","$","?","M","R","BOSS"],"build_version":"2018-07-26","purchased_purges":2,"victory":false,"max_hp_per_floor":[75,75,75,75,75,82,82,82,82,82,82,82,82,82,82,82],"card_choices":[{"not_picked":["Stack","White Noise"],"picked":"Conserve Battery","floor":1.0},{"not_picked":["Hologram","Beam Cell"],"picked":"Melter","floor":3.0},{"not_picked":["BootSequence","Turbo"],"picked":"Hologram","floor":5.0},{"not_picked":["Cold Snap","Hologram"],"picked":"Conserve Battery","floor":6.0},{"not_picked":["Redo","Conserve Battery"],"picked":"Skim","floor":7.0},{"not_picked":["Gash","Stack"],"picked":"Genetic Algorithm","floor":8.0},{"not_picked":["Redo","Reprogram","Stack"],"picked":"SKIP","floor":10.0},{"not_picked":["Gash","Streamline"],"picked":"Chaos","floor":14.0}],"player_experience":398136,"relics_obtained":[{"floor":6.0,"key":"Strawberry"},{"floor":8.0,"key":"StoneCalendar"},{"floor":9.0,"key":"Bird Faced Urn"}],"event_choices":[{"event_name":"Upgrade Shrine","player_choice":"Upgraded","floor":4.0,"damage_taken":0.0},{"event_name":"Shining Light","player_choice":"Entered Light","floor":13.0,"damage_taken":0.0}],"is_beta":false,"boss_relics":[],"items_purged_floors":[2,12],"is_endless":false,"potions_floor_spawned":[3,5],"killed_by":"The Guardian","ascension_level":1}