{"gold_per_floor":[109,109,109,34,49,74,74,94,94,94],"floor_reached":10,"playtime":1589,"items_purged":["Strike_B"],"score":123,"play_id":"986530be-a7a9-478d-b8bc-bf9acbf35f16","local_time":"20181107161610","is_ascension_mode":true,"campfire_choices":[{"data":"Darkness","floor":7,"key":"SMITH"}],"neow_cost":"NONE","seed_source_timestamp":118296467680346,"circlet_count":0,"master_deck":["Strike_B","Strike_B","Defend_B","Defend_B","Defend_B","Zap","Dualcast","Cold Snap","Gash","Darkness+1","Fusion"],"relics":["Cracked Core","NeowsBlessing","Mummified Hand","Strawberry"],"potions_floor_usage":[],"damage_taken":[{"damage":0,"enemies":"Jaw Worm","floor":1,"turns":1},{"damage":0,"enemies":"Small Slimes","floor":5,"turns":1},{"damage":0,"enemies":"3 Sentries","floor":6,"turns":1},{"damage":3,"enemies":"Cultist","floor":8,"turns":4},{"damage":6,"enemies":"Blue Slaver","floor":10,"turns":3}],"seed_played":"2887559924780658689","potions_obtained":[{"floor":5,"key":"FocusPotion"},{"floor":8,"key":"Swift Potion"}],"is_trial":false,"path_per_floor":["M","?","?","$","M","E","R","M","T","M"],"character_chosen":"DEFECT","items_purchased":[],"campfire_rested":0,"item_purchase_floors":[],"current_hp_per_floor":[68,61,61,61,61,61,61,58,65,59],"gold":94,"neow_bonus":"THREE_ENEMY_KILL","is_prod":false,"is_daily":false,"chose_seed":false,"campfire_upgraded":1,"win_rate":0,"timestamp":1541628970,"path_taken":["M","?","?","$","M","E","R","M","T","?"],"build_version":"2018-11-01","purchased_purges":1,"victory":false,"max_hp_per_floor":[75,75,75,75,75,75,75,75,82,82],"card_choices":[{"not_picked":["Fusion","Undo"],"picked":"Cold Snap","floor":1},{"not_picked":["Beam Cell","Streamline"],"picked":"Gash","floor":5},{"not_picked":["Hyperbeam","Blizzard"],"picked":"Darkness","floor":6},{"not_picked":["Redo","Hologram"],"picked":"Fusion","floor":8}],"player_experience":957273,"relics_obtained":[{"floor":6,"key":"Mummified Hand"},{"floor":9,"key":"Strawberry"}],"event_choices":[{"cards_removed":["Strike_B"],"damage_healed":0,"gold_gain":0,"player_choice":"Card Removal","damage_taken":7,"max_hp_gain":0,"max_hp_loss":0,"event_name":"Golden Wing","floor":2,"gold_loss":0},{"cards_removed":["Defend_B"],"damage_healed":0,"gold_gain":0,"player_choice":"Offered Basic","damage_taken":0,"max_hp_gain":0,"max_hp_loss":0,"event_name":"Bonfire Elementals","floor":3,"gold_loss":0}],"is_beta":false,"boss_relics":[],"items_purged_floors":[4],"is_endless":false,"potions_floor_spawned":[5,8],"killed_by":"Blue Slaver","ascension_level":7}