{"gold_per_floor":[118,29,29,42,56,81,95,95,95,112,287,311,311,6,6,109,109,129,129,140,140],"floor_reached":21,"playtime":913,"items_purged":[],"score":179,"play_id":"6089788d-92ca-47f1-90a7-dd989df48349","local_time":"20190317173437","is_ascension_mode":false,"campfire_choices":[{"data":"Zap","floor":8,"key":"SMITH"},{"floor":13,"key":"REST"},{"data":"Defragment","floor":15,"key":"SMITH"}],"neow_cost":"NONE","seed_source_timestamp":344379635675543,"circlet_count":0,"master_deck":["Strike_B","Strike_B","Strike_B","Strike_B","Defend_B","Defend_B","Defend_B","Defend_B","Zap+1","Dualcast","Darkness","Ball Lightning","Capacitor","Coolheaded","Barrage","Cold Snap","Defragment","Compile Driver","Doubt","Cold Snap","Defragment+1","Doom and Gloom","Buffer","Consume","FTL","Double Energy","Barrage","Compile Driver","FTL","Melter","Zap","Reboot"],"relics":["Cracked Core","Bag of Preparation","Bottled Lightning","Odd Mushroom","DataDisk","Orrery"],"potions_floor_usage":[12],"damage_taken":[{"damage":0,"enemies":"Small Slimes","floor":1,"turns":2},{"damage":0,"enemies":"2 Louse","floor":4,"turns":1},{"damage":6,"enemies":"Jaw Worm","floor":5,"turns":2},{"damage":28,"enemies":"Gremlin Nob","floor":6,"turns":4},{"damage":8,"enemies":"Blue Slaver","floor":7,"turns":2},{"damage":13,"enemies":"Red Slaver","floor":10,"turns":3},{"damage":18,"enemies":"The Mushroom Lair","floor":12,"turns":3},{"damage":6,"enemies":"The Guardian","floor":16,"turns":7},{"damage":30,"enemies":"2 Thieves","floor":18,"turns":4},{"damage":12,"enemies":"3 Byrds","floor":20,"turns":4},{"damage":0,"enemies":"Shelled Parasite and Fungi","floor":21,"turns":1}],"seed_played":"-7026528879099210920","potions_obtained":[{"floor":1,"key":"SteroidPotion"},{"floor":4,"key":"Poison Potion"},{"floor":10,"key":"Explosive Potion"},{"floor":12,"key":"Weak Potion"}],"is_trial":false,"path_per_floor":["M","$","?","M","M","E","M","R","T","M","?","?","R","$","R","B",null,"M","?","M","M"],"character_chosen":"DEFECT","items_purchased":["Ball Lightning","Capacitor","DataDisk","Defragment","Doom and Gloom"],"campfire_rested":1,"item_purchase_floors":[2,2,14,14,14],"current_hp_per_floor":[82,82,82,82,76,48,40,40,40,27,27,9,33,33,33,27,82,52,52,40,40],"gold":140,"neow_bonus":"TEN_PERCENT_HP_BONUS","is_prod":false,"is_daily":false,"chose_seed":false,"campfire_upgraded":2,"win_rate":0,"timestamp":1552862077,"path_taken":["M","$","?","M","M","E","M","R","T","M","?","?","R","?","R","BOSS","M","?","?","M"],"build_version":"2019-01-23","purchased_purges":0,"victory":false,"max_hp_per_floor":[82,82,82,82,82,82,82,82,82,82,82,82,82,82,82,82,82,82,82,82,82],"card_choices":[{"not_picked":["Sweeping Beam","Reinforced Body"],"picked":"Darkness","floor":1},{"not_picked":["Aggregate","Reinforced Body"],"picked":"Coolheaded","floor":4},{"not_picked":["Blizzard","Conserve Battery"],"picked":"Barrage","floor":5},{"not_picked":["Static Discharge","Amplify"],"picked":"Cold Snap","floor":6},{"not_picked":["Genetic Algorithm","Hologram"],"picked":"Defragment","floor":7},{"not_picked":["Rip and Tear","Coolheaded"],"picked":"Compile Driver","floor":10},{"not_picked":["Turbo","Loop"],"picked":"Cold Snap","floor":12},{"not_picked":["Amplify","Hyperbeam"],"picked":"Buffer","floor":16},{"not_picked":["Coolheaded","Conserve Battery"],"picked":"Consume","floor":17},{"not_picked":["Beam Cell","Stack"],"picked":"FTL","floor":17},{"not_picked":["Coolheaded","Aggregate"],"picked":"Double Energy","floor":17},{"not_picked":["Double Energy","Fusion"],"picked":"Barrage","floor":17},{"not_picked":["Beam Cell","Static Discharge"],"picked":"Compile Driver","floor":17},{"not_picked":["Turbo","Go for the Eyes"],"picked":"FTL","floor":18},{"not_picked":["Turbo","Gash"],"picked":"Reboot","floor":20}],"player_experience":1206566,"relics_obtained":[{"floor":6,"key":"Bag of Preparation"},{"floor":9,"key":"Bottled Lightning"},{"floor":12,"key":"Odd Mushroom"}],"event_choices":[{"damage_healed":0,"gold_gain":0,"player_choice":"Leave","damage_taken":0,"max_hp_gain":0,"max_hp_loss":0,"event_name":"The Cleric","floor":3,"gold_loss":0},{"damage_healed":0,"gold_gain":175,"player_choice":"AGREE","damage_taken":0,"max_hp_gain":0,"max_hp_loss":0,"event_name":"Liars Game","floor":11,"gold_loss":0,"cards_obtained":["Doubt"]},{"damage_healed":0,"gold_gain":0,"player_choice":"Fought Mushrooms","damage_taken":0,"max_hp_gain":0,"max_hp_loss":0,"event_name":"Mushrooms","floor":12,"gold_loss":0},{"damage_healed":0,"gold_gain":0,"player_choice":"2 cards matched","damage_taken":0,"max_hp_gain":0,"max_hp_loss":0,"event_name":"Match and Keep!","floor":19,"gold_loss":0,"cards_obtained":["Melter","Zap"]}],"is_beta":false,"boss_relics":[{"not_picked":["Runic Pyramid","Velvet Choker"],"picked":"Orrery"}],"items_purged_floors":[],"is_endless":false,"potions_floor_spawned":[1,4,10,12,18],"killed_by":"Shelled Parasite and Fungi","ascension_level":0}