{"gold_per_floor":[116,116,191,43,43,43,77,252,276,286,318,335,349,381,381,486,486,501,530,530,629,642,642,671,691,691,691],"floor_reached":27,"playtime":1490,"items_purged":[],"score":356,"play_id":"a26c88e6-f7b2-4790-b398-96418bfbcced","local_time":"20181105173531","is_ascension_mode":true,"campfire_choices":[{"data":"Dualcast","floor":6.0,"key":"SMITH"},{"floor":15.0,"key":"REST"},{"floor":23.0,"key":"REST"}],"neow_cost":"NONE","seed_source_timestamp":0,"circlet_count":0,"master_deck":["Strike_B","Strike_B","Strike_B","Strike_B","Defend_B","Defend_B","Defend_B","Defend_B","Zap+1","Dualcast+1","Glacier","FTL","Doubt","Ball Lightning","FTL","Defragment","Loop","Sweeping Beam+1","Electrodynamics","Conserve Battery","Doom and Gloom+1","Sweeping Beam+1","Reinforced Body+1","Cold Snap+1"],"special_seed":0,"relics":["Cracked Core","NeowsBlessing","Blood Vial","Dodecahedron","Lantern","DataDisk","Molten Egg 2","Inserter","Red Mask","Smiling Mask","The Courier"],"potions_floor_usage":[],"damage_taken":[{"damage":0.0,"enemies":"Cultist","floor":1.0,"turns":1.0},{"damage":0.0,"enemies":"Gremlin Nob","floor":7.0,"turns":1.0},{"damage":0.0,"enemies":"Small Slimes","floor":10.0,"turns":1.0},{"damage":8.0,"enemies":"3 Sentries","floor":11.0,"turns":7.0},{"damage":2.0,"enemies":"Jaw Worm","floor":12.0,"turns":2.0},{"damage":1.0,"enemies":"Looter","floor":13.0,"turns":3.0},{"damage":7.0,"enemies":"Gremlin Nob","floor":14.0,"turns":3.0},{"damage":2.0,"enemies":"The Guardian","floor":16.0,"turns":9.0},{"damage":1.0,"enemies":"Chosen","floor":18.0,"turns":3.0},{"damage":22.0,"enemies":"Masked Bandits","floor":19.0,"turns":3.0},{"damage":20.0,"enemies":"Shell Parasite","floor":22.0,"turns":5.0},{"damage":42.0,"enemies":"Gremlin Leader","floor":24.0,"turns":5.0},{"damage":11.0,"enemies":"Centurion and Healer","floor":25.0,"turns":5.0},{"damage":0,"enemies":"Shelled Parasite and Fungi","floor":27,"turns":2}],"seed_played":"4435023679925119786","potions_obtained":[{"floor":1.0,"key":"Block Potion"},{"floor":10.0,"key":"GamblersBrew"},{"floor":11.0,"key":"Dexterity Potion"},{"floor":12.0,"key":"SkillPotion"},{"floor":18.0,"key":"Poison Potion"},{"floor":19.0,"key":"EssenceOfSteel"}],"is_trial":false,"path_per_floor":["M","?","?","$","$","R","E","?","T","M","E","M","M","E","R","B",null,"M","?","?","?","M","R","E","M","T","M"],"character_chosen":"DEFECT","items_purchased":["Blood Vial"],"campfire_rested":2,"item_purchase_floors":[4],"current_hp_per_floor":[68,68,57,57,57,57,59,59,59,61,55,55,56,51,73,73,75,74,53,53,53,35,57,17,8,8,10],"gold":691,"neow_bonus":"THREE_ENEMY_KILL","is_prod":false,"is_daily":false,"chose_seed":false,"campfire_upgraded":1,"win_rate":0,"timestamp":1541460931,"path_taken":["M","?","?","?","$","R","E","?","T","M","E","M","?","E","R","BOSS","M","?","?","?","M","R","E","M","T","?"],"build_version":"2018-11-01","purchased_purges":0,"victory":false,"max_hp_per_floor":[75,75,75,75,75,75,75,75,75,75,75,75,75,75,75,75,75,75,75,75,75,75,75,75,75,75,75],"card_choices":[{"not_picked":["Auto Shields","Storm"],"picked":"Glacier","floor":1.0},{"not_picked":["Heatsinks","Turbo"],"picked":"FTL","floor":7.0},{"not_picked":["Hello World","Gash"],"picked":"Ball Lightning","floor":10.0},{"not_picked":["Conserve Battery","Genetic Algorithm"],"picked":"FTL","floor":11.0},{"not_picked":["Auto Shields","Turbo"],"picked":"Defragment","floor":12.0},{"not_picked":["Reinforced Body","Sunder"],"picked":"Loop","floor":13.0},{"not_picked":["Hello World","Steam"],"picked":"Sweeping Beam","floor":14.0},{"not_picked":["Machine Learning","Thunder Strike+1"],"picked":"Electrodynamics","floor":16.0},{"not_picked":["Recycle+1","Leap"],"picked":"Conserve Battery","floor":18.0},{"not_picked":["Reprogram","Stack"],"picked":"Doom and Gloom+1","floor":19.0},{"not_picked":["Gash+1","Steam Power"],"picked":"Sweeping Beam+1","floor":22.0},{"not_picked":["Stack+1","Scrape+1"],"picked":"Reinforced Body+1","floor":24.0},{"not_picked":["Chaos","Coolheaded+1"],"picked":"Cold Snap+1","floor":25.0}],"player_experience":932593,"relics_obtained":[{"floor":7.0,"key":"Dodecahedron"},{"floor":9.0,"key":"Lantern"},{"floor":11.0,"key":"DataDisk"},{"floor":14.0,"key":"Molten Egg 2"},{"floor":19.0,"key":"Red Mask"},{"floor":24.0,"key":"Smiling Mask"},{"floor":26.0,"key":"The Courier"}],"event_choices":[{"damage_healed":0.0,"max_hp_gain":0.0,"max_hp_loss":0.0,"gold_gain":0.0,"event_name":"Living Wall","player_choice":"Grow","floor":2.0,"gold_loss":0.0,"damage_taken":0.0,"cards_upgraded":["Zap"]},{"damage_healed":0.0,"max_hp_gain":0.0,"max_hp_loss":0.0,"gold_gain":75.0,"event_name":"World of Goop","player_choice":"Gather Gold","floor":3.0,"gold_loss":0.0,"damage_taken":11.0},{"damage_healed":0.0,"max_hp_gain":0.0,"max_hp_loss":0.0,"gold_gain":175.0,"event_name":"Liars Game","player_choice":"AGREE","floor":8.0,"gold_loss":0.0,"damage_taken":0.0,"cards_obtained":["Doubt"]},{"damage_healed":0.0,"max_hp_gain":0.0,"max_hp_loss":0.0,"gold_gain":0.0,"event_name":"Masked Bandits","player_choice":"Fought Bandits","floor":19.0,"gold_loss":0.0,"damage_taken":0.0},{"damage_healed":0.0,"max_hp_gain":0.0,"max_hp_loss":0.0,"gold_gain":0.0,"event_name":"Ghosts","player_choice":"Ignored","floor":20.0,"gold_loss":0.0,"damage_taken":0.0},{"damage_healed":0.0,"max_hp_gain":0.0,"max_hp_loss":0.0,"gold_gain":99.0,"event_name":"Nest","player_choice":"Stole From Cult","floor":21.0,"gold_loss":0.0,"damage_taken":0.0}],"is_beta":false,"boss_relics":[{"not_picked":["Velvet Choker","Cursed Key"],"picked":"Inserter"}],"items_purged_floors":[],"is_endless":false,"potions_floor_spawned":[1,10,11,12,18,19],"killed_by":"Shelled Parasite and Fungi","ascension_level":6}