{"gold_per_floor":[119,133,113,113,124,153,153,170,170,170,197,213,363,377,377,451,451,470,21,21,41,61,61,72,72,72,85,85,112,312,362,362,439,439,450,250,264,15,65,65,97,97,97,97],"floor_reached":44,"playtime":2567,"items_purged":[],"score":816,"play_id":"3d414213-aa36-480f-a877-514eba271d53","local_time":"20181006182038","is_ascension_mode":true,"campfire_choices":[{"floor":7,"key":"REST"},{"data":"Headbutt","floor":10,"key":"SMITH"},{"floor":15,"key":"REST"},{"floor":23,"key":"REST"},{"data":"Body Slam","floor":25,"key":"SMITH"},{"floor":28,"key":"REST"},{"floor":32,"key":"REST"},{"floor":40,"key":"REST"},{"floor":42,"key":"REST"}],"neow_cost":"PERCENT_DAMAGE","seed_source_timestamp":4942561149944,"circlet_count":0,"master_deck":["Strike_R","Strike_R","Strike_R","Strike_R","Defend_R","Defend_R","Defend_R","Bash","AscendersBane","Pommel Strike","Twin Strike","Cleave","Battle Trance","Headbutt+1","Iron Wave","Demon Form","Doubt","Ghostly Armor","Bludgeon","Twin Strike","Apotheosis","Body Slam+1","Shrug It Off","Body Slam","Rage","Impervious","Immolate","Flex","Shrug It Off","Iron Wave+1","Thunderclap+1"],"relics":["Burning Blood","Art of War","Boot","Dodecahedron","Sozu","Gremlin Horn","Letter Opener","Mercury Hourglass","Black Star","Happy Flower","Bottled Tornado","Toxic Egg 2","Ornamental Fan","The Courier"],"potions_floor_usage":[2,5,6,16,16],"damage_taken":[{"damage":14,"enemies":"Jaw Worm","floor":1,"turns":4},{"damage":0,"enemies":"Cultist","floor":2,"turns":3},{"damage":15,"enemies":"Small Slimes","floor":5,"turns":3},{"damage":32,"enemies":"Gremlin Nob","floor":6,"turns":4},{"damage":12,"enemies":"Looter","floor":8,"turns":3},{"damage":30,"enemies":"3 Sentries","floor":11,"turns":5},{"damage":6,"enemies":"Blue Slaver","floor":12,"turns":3},{"damage":0,"enemies":"3 Louse","floor":14,"turns":2},{"damage":7,"enemies":"Slime Boss","floor":16,"turns":7},{"damage":15,"enemies":"Chosen","floor":18,"turns":5},{"damage":8,"enemies":"Shell Parasite","floor":21,"turns":3},{"damage":14,"enemies":"Centurion and Healer","floor":22,"turns":5},{"damage":5,"enemies":"Chosen and Byrds","floor":24,"turns":5},{"damage":25,"enemies":"Shelled Parasite and Fungi","floor":27,"turns":5},{"damage":21,"enemies":"Gremlin Leader","floor":29,"turns":6},{"damage":22,"enemies":"Collector","floor":33,"turns":8},{"damage":14,"enemies":"Orb Walker","floor":35,"turns":3},{"damage":40,"enemies":"3 Darklings","floor":37,"turns":5},{"damage":53,"enemies":"2 Orb Walkers","floor":41,"turns":5},{"damage":65,"enemies":"Giant Head","floor":44,"turns":7}],"seed_played":"-5360552918253705670","potions_obtained":[{"floor":1,"key":"Energy Potion"},{"floor":3,"key":"Fruit Juice"},{"floor":5,"key":"FearPotion"},{"floor":11,"key":"Weak Potion"},{"floor":12,"key":"Fire Potion"}],"is_trial":false,"path_per_floor":["M","M","?","?","M","E","R","M","T","R","E","M","?","M","R","B",null,"M","$","?","M","M","R","M","R","T","M","R","E","?","?","R","B",null,"M","$","M","$","?","R","E","R","T"],"character_chosen":"IRONCLAD","items_purchased":["Apotheosis","Gremlin Horn","Happy Flower","Shrug It Off","Bottled Tornado"],"campfire_rested":7,"item_purchase_floors":[19,19,36,36,38],"current_hp_per_floor":[42,48,48,53,49,23,48,42,42,42,18,18,18,24,49,48,76,67,67,42,40,32,59,60,60,60,41,68,53,53,53,80,64,84,76,76,42,42,42,69,22,49,49,0],"gold":97,"neow_bonus":"REMOVE_TWO","is_prod":false,"is_daily":false,"chose_seed":false,"campfire_upgraded":2,"win_rate":0,"timestamp":1538868038,"path_taken":["M","M","?","?","M","E","R","M","T","R","E","?","?","?","R","BOSS","M","$","?","M","M","R","M","R","T","?","R","E","?","?","R","BOSS","M","$","M","$","?","R","E","R","T","E"],"build_version":"2018-10-04v2","purchased_purges":0,"victory":false,"max_hp_per_floor":[75,75,75,80,85,85,85,85,85,85,85,85,85,85,85,85,85,85,85,90,90,90,90,90,90,90,90,90,90,90,90,90,90,90,90,90,90,90,90,90,90,90,90,90],"card_choices":[{"not_picked":["Pummel","Second Wind"],"picked":"Pommel Strike","floor":1},{"not_picked":["Carnage","Sword Boomerang"],"picked":"Twin Strike","floor":2},{"not_picked":["Dropkick","Havoc"],"picked":"Cleave","floor":5},{"not_picked":["Anger","Heavy Blade"],"picked":"Battle Trance","floor":6},{"not_picked":["Intimidate","True Grit"],"picked":"Headbutt","floor":8},{"not_picked":["Flex","Evolve"],"picked":"Iron Wave","floor":11},{"not_picked":["Dropkick","Flex"],"picked":"Demon Form","floor":12},{"not_picked":["Sword Boomerang","Heavy Blade"],"picked":"Ghostly Armor","floor":14},{"not_picked":["Impervious","Berserk"],"picked":"Bludgeon","floor":16},{"not_picked":["True Grit","Dual Wield"],"picked":"Twin Strike","floor":18},{"not_picked":["Sentinel","Heavy Blade"],"picked":"Body Slam","floor":21},{"not_picked":["Sentinel","Sever Soul+1"],"picked":"Shrug It Off","floor":22},{"not_picked":["Bloodletting","Cleave"],"picked":"Body Slam","floor":24},{"not_picked":["Armaments","Searing Blow"],"picked":"Rage","floor":27},{"not_picked":["Perfected Strike","Intimidate"],"picked":"Impervious","floor":29},{"not_picked":["Juggernaut","Fiend Fire"],"picked":"Immolate","floor":33},{"not_picked":["Warcry+1","Uppercut"],"picked":"Flex","floor":35},{"not_picked":["Warcry","Havoc"],"picked":"Iron Wave+1","floor":37},{"not_picked":["Searing Blow","Pommel Strike+1"],"picked":"Thunderclap+1","floor":41}],"player_experience":707054,"relics_obtained":[{"floor":6,"key":"Art of War"},{"floor":9,"key":"Boot"},{"floor":11,"key":"Dodecahedron"},{"floor":26,"key":"Letter Opener"},{"floor":29,"key":"Mercury Hourglass"},{"floor":41,"key":"Toxic Egg 2"},{"floor":41,"key":"Ornamental Fan"},{"floor":43,"key":"The Courier"}],"event_choices":[{"event_name":"The Woman in Blue","player_choice":"Bought 1 Potion","floor":3,"damage_taken":0},{"event_name":"Big Fish","player_choice":"Donut","floor":4,"damage_taken":0},{"event_name":"Liars Game","player_choice":"agreed","floor":13,"damage_taken":0},{"event_name":"Forgotten Altar","player_choice":"Shed Blood","floor":20,"damage_taken":0},{"event_name":"Wheel of Change","player_choice":"Gold","floor":30,"damage_taken":0},{"event_name":"The Joust","player_choice":"Bet on Murderer","floor":31,"damage_taken":0},{"event_name":"Golden Shrine","player_choice":"Pray","floor":39,"damage_taken":0}],"is_beta":false,"boss_relics":[{"not_picked":["Orrery","Lizard Tail"],"picked":"Sozu"},{"not_picked":["Pandora\u0027s Box","Philosopher\u0027s Stone"],"picked":"Black Star"}],"items_purged_floors":[],"is_endless":false,"potions_floor_spawned":[1,5,11,12,18,27,37],"killed_by":"Giant Head","ascension_level":15}