{"gold_per_floor":[12,26,43,57,76,108,108,108,135,150,150,229,244,260,260,355,355,365,148,148,48,48,81,81,96,149,239,251,251,0,0,0,0],"floor_reached":33,"playtime":2024,"items_purged":["Strike_R","Normality","Strike_R"],"score":292,"play_id":"3f17ce64-af74-4da0-9681-6decb7392ff2","local_time":"20180703115405","is_ascension_mode":false,"campfire_choices":[{"floor":15,"key":"REST"},{"floor":24,"key":"REST"},{"floor":29,"key":"REST"},{"data":"Heavy Blade","floor":32,"key":"SMITH"}],"neow_cost":"NO_GOLD","seed_source_timestamp":589084841140207,"circlet_count":0,"master_deck":["Strike_R","Strike_R","Defend_R","Defend_R","Bash","Headbutt","Heavy Blade+1","Iron Wave","Heavy Blade+1","Inflame","Flex+1","Flex","Heavy Blade+1","Double Tap","Bludgeon","Carnage","Inflame","RitualDagger","Anger+1","Wild Strike+1","Headbutt","Shrug It Off","Inflame"],"relics":["Burning Blood","Pear","Orichalcum","Omamori","Letter Opener","Busted Crown","Lantern","Boot"],"potions_floor_usage":[4,6,16,23,33,33],"damage_taken":[{"damage":6,"enemies":"Jaw Worm","floor":1,"turns":4},{"damage":2,"enemies":"2 Louse","floor":2,"turns":3},{"damage":1,"enemies":"Cultist","floor":3,"turns":3},{"damage":11,"enemies":"Lots of Slimes","floor":4,"turns":2},{"damage":10,"enemies":"Looter","floor":5,"turns":3},{"damage":25,"enemies":"3 Sentries","floor":6,"turns":6},{"damage":8,"enemies":"Blue Slaver","floor":10,"turns":3},{"damage":0,"enemies":"3 Louse","floor":13,"turns":2},{"damage":0,"enemies":"Large Slime","floor":14,"turns":5},{"damage":46,"enemies":"The Guardian","floor":16,"turns":8},{"damage":18,"enemies":"2 Thieves","floor":18,"turns":3},{"damage":43,"enemies":"Gremlin Leader","floor":23,"turns":6},{"damage":7,"enemies":"Shell Parasite","floor":25,"turns":2},{"damage":2,"enemies":"Centurion and Healer","floor":28,"turns":3},{"damage":96,"enemies":"Champ","floor":33,"turns":7}],"seed_played":"7393321932027956414","potions_obtained":[{"floor":1,"key":"Swift Potion"},{"floor":2,"key":"Explosive Potion"},{"floor":6,"key":"FairyPotion"},{"floor":14,"key":"Poison Potion"},{"floor":16,"key":"Regen Potion"},{"floor":23,"key":"SpeedPotion"},{"floor":28,"key":"Ancient Potion"}],"is_trial":false,"path_per_floor":["M","M","M","M","M","E","?","?","T","M","?","T","M","M","R","B",null,"M","$","?","$","?","E","R","M","T","?","M","R","$","?","R"],"character_chosen":"IRONCLAD","items_purchased":["Carnage","Inflame","Shrug It Off","Inflame"],"campfire_rested":3,"item_purchase_floors":[19,19,30,30],"current_hp_per_floor":[80,80,80,75,71,62,62,62,62,60,42,42,48,54,81,41,90,78,78,72,72,54,31,59,58,58,40,44,72,72,72,72,0],"gold":0,"neow_bonus":"REMOVE_TWO","is_prod":false,"is_daily":false,"chose_seed":false,"campfire_upgraded":1,"win_rate":0,"timestamp":1530636845,"path_taken":["M","M","M","M","M","E","?","?","T","M","?","?","?","M","R","BOSS","M","?","?","$","?","E","R","M","T","?","?","R","$","?","R","BOSS"],"build_version":"2018-06-28","purchased_purges":3,"victory":false,"max_hp_per_floor":[80,80,80,80,80,90,90,90,90,90,90,90,90,90,90,90,90,90,90,90,90,95,95,95,95,95,95,95,95,95,95,95,95],"card_choices":[{"not_picked":["Uppercut","Hemokinesis"],"picked":"Headbutt","floor":1},{"not_picked":["Pommel Strike","Feel No Pain"],"picked":"Heavy Blade","floor":2},{"not_picked":["Pommel Strike","Heavy Blade"],"picked":"Iron Wave","floor":3},{"not_picked":["Feel No Pain","Entrench"],"picked":"Heavy Blade","floor":4},{"not_picked":["Sword Boomerang","Power Through"],"picked":"Inflame","floor":5},{"not_picked":["Iron Wave","Wild Strike"],"picked":"Flex","floor":6},{"not_picked":["Anger","Seeing Red"],"picked":"Flex","floor":10},{"not_picked":["Warcry","Armaments"],"picked":"Heavy Blade","floor":13},{"not_picked":["Entrench","Havoc"],"picked":"Double Tap","floor":14},{"not_picked":["Double Tap","Berserk"],"picked":"Bludgeon","floor":16},{"not_picked":["Entrench"],"picked":"SKIP","floor":18},{"not_picked":[],"picked":"Anger+1","floor":23},{"not_picked":[],"picked":"Wild Strike+1","floor":25},{"not_picked":[],"picked":"Headbutt","floor":28}],"player_experience":76968,"relics_obtained":[{"floor":6,"key":"Pear"},{"floor":9,"key":"Omamori"},{"floor":12,"key":"Letter Opener"},{"floor":23,"key":"Lantern"},{"floor":26,"key":"Boot"}],"event_choices":[{"event_name":"Living Wall","player_choice":"Forget","floor":7,"damage_taken":0},{"event_name":"Accursed Blacksmith","player_choice":"Rummage","floor":8,"damage_taken":0},{"event_name":"Shining Light","player_choice":"Entered Light","floor":11,"damage_taken":0},{"event_name":"Nest","player_choice":"Joined the Cult","floor":20,"damage_taken":0},{"event_name":"Forgotten Altar","player_choice":"Shed Blood","floor":22,"damage_taken":0},{"event_name":"Knowing Skull","player_choice":"GOLD ","floor":27,"damage_taken":0},{"event_name":"Upgrade Shrine","player_choice":"Upgraded","floor":31,"damage_taken":0}],"boss_relics":[{"not_picked":["Velvet Choker","Cursed Key"],"picked":"Busted Crown"}],"items_purged_floors":[19,21,30],"is_endless":false,"potions_floor_spawned":[1,2,6,14,16,23,28],"killed_by":"Champ","ascension_level":0}