{"gold_per_floor":[114,84,104,23,23,23,67,67,67,92,110,128,144,69,69,69],"floor_reached":16,"playtime":894,"items_purged":["Injury"],"score":147,"play_id":"aa6b2c54-e8dc-47f1-9f95-f0a46230ffa0","local_time":"20181031175911","is_ascension_mode":true,"campfire_choices":[{"floor":6,"key":"REST"},{"floor":8,"key":"REST"},{"floor":15,"key":"REST"}],"neow_cost":"PERCENT_DAMAGE","seed_source_timestamp":110656347840235,"circlet_count":0,"master_deck":["Strike_R","Strike_R","Strike_R","Strike_R","Defend_R","Defend_R","Defend_R","Bash","Thunderclap","Flame Barrier","Limit Break","Thunderclap","Warcry","Battle Trance","Reaper"],"relics":["Burning Blood","Golden Idol","Pear","Magic Flower"],"potions_floor_usage":[3,7,11,12],"damage_taken":[{"damage":10,"enemies":"Small Slimes","floor":1,"turns":3},{"damage":6,"enemies":"Cultist","floor":3,"turns":4},{"damage":53,"enemies":"Lagavulin","floor":7,"turns":8},{"damage":14,"enemies":"Jaw Worm","floor":10,"turns":4},{"damage":39,"enemies":"Exordium Thugs","floor":11,"turns":4},{"damage":14,"enemies":"Lots of Slimes","floor":12,"turns":3},{"damage":9,"enemies":"3 Louse","floor":13,"turns":4},{"damage":130,"enemies":"Slime Boss","floor":16,"turns":11}],"seed_played":"6789386345207194181","potions_obtained":[{"floor":1,"key":"Fire Potion"},{"floor":2,"key":"SmokeBomb"},{"floor":2,"key":"Fruit Juice"},{"floor":10,"key":"AttackPotion"},{"floor":11,"key":"Regen Potion"},{"floor":13,"key":"FairyPotion"}],"is_trial":false,"path_per_floor":["M","?","M","$","?","R","E","R","T","M","M","M","M","$","R"],"character_chosen":"IRONCLAD","items_purchased":["Limit Break"],"campfire_rested":3,"item_purchase_floors":[4],"current_hp_per_floor":[52,52,57,57,57,82,45,73,73,68,38,47,61,61,89,0],"gold":69,"neow_bonus":"REMOVE_TWO","is_prod":false,"is_daily":false,"chose_seed":false,"campfire_upgraded":0,"win_rate":0,"timestamp":1541033951,"path_taken":["M","?","M","$","?","R","E","R","T","M","M","M","M","?","R","BOSS"],"build_version":"2018-10-25v2","purchased_purges":1,"victory":false,"max_hp_per_floor":[80,80,85,85,85,85,95,95,95,95,95,95,95,95,95,95],"card_choices":[{"not_picked":["Carnage","Havoc"],"picked":"Thunderclap","floor":1},{"not_picked":["Burning Pact","Twin Strike"],"picked":"Flame Barrier","floor":3},{"not_picked":["Burning Pact","Barricade"],"picked":"Thunderclap","floor":7},{"not_picked":["Iron Wave","Headbutt"],"picked":"Warcry","floor":10},{"not_picked":["Wild Strike","Combust"],"picked":"Battle Trance","floor":11},{"not_picked":["Searing Blow","Shrug It Off"],"picked":"Reaper","floor":12},{"not_picked":["Shockwave","Intimidate","Havoc"],"picked":"SKIP","floor":13}],"player_experience":459023,"relics_obtained":[{"floor":7,"key":"Pear"},{"floor":9,"key":"Magic Flower"}],"event_choices":[{"damage_healed":0,"gold_gain":0,"player_choice":"Bought 2 Potions","damage_taken":0,"max_hp_gain":0,"max_hp_loss":0,"event_name":"The Woman in Blue","floor":2,"gold_loss":0},{"damage_healed":0,"gold_gain":0,"player_choice":"Take Wound","damage_taken":0,"relics_obtained":["Golden Idol"],"max_hp_gain":0,"max_hp_loss":0,"event_name":"Golden Idol","floor":5,"gold_loss":0,"cards_obtained":["Injury"]}],"is_beta":false,"boss_relics":[],"items_purged_floors":[14],"is_endless":false,"potions_floor_spawned":[1,10,11,13],"killed_by":"Slime Boss","ascension_level":4}