{"gold_per_floor":[116,116,131,149,176,176,176,188,188,248,277,277,311,321,321,420,420,432,432,178,178,93,93,121,121,151,151,179,194,226,238,238,341,391,403,136,146,146,46,46,73,73,73,89,109,137,137,0,0,0],"floor_reached":51,"playtime":3089,"items_purged":["Writhe","Pain"],"score":1197,"play_id":"e8546fe4-235c-4094-bb34-62ab9aee3549","local_time":"20180916123453","is_ascension_mode":true,"campfire_choices":[{"data":"Armaments","floor":6.0,"key":"SMITH"},{"data":"Twin Strike","floor":12.0,"key":"SMITH"},{"data":"Clothesline","floor":15.0,"key":"SMITH"},{"data":"Flex","floor":23.0,"key":"SMITH"},{"data":"Armaments","floor":25.0,"key":"SMITH"},{"data":"Bash","floor":32.0,"key":"SMITH"},{"data":"Immolate","floor":40.0,"key":"SMITH"},{"data":"Power Through","floor":42.0,"key":"SMITH"},{"data":"Flex","floor":47.0,"key":"SMITH"},{"data":"Wild Strike","floor":49.0,"key":"SMITH"}],"neow_cost":"","seed_source_timestamp":0,"circlet_count":0,"master_deck":["Defend_R+1","Defend_R+1","Defend_R","Defend_R","Bash+1","Twin Strike+1","Perfected Strike+1","Armaments+1","Cleave","Flex+1","Pommel Strike","Clothesline+1","Anger","Immolate+1","Battle Trance","Bite","Bite","Bite","Bite","Bite","Armaments+1","Thunderclap","Flex+1","Pommel Strike+1","Power Through+1","Feed","Wild Strike+1"],"special_seed":0,"relics":["Burning Blood","Juzu Bracelet","Magic Flower","Ornamental Fan","Bag of Preparation","Bird Faced Urn","Busted Crown","MutagenicStrength","Pantograph","Dodecahedron","Meat on the Bone","Tiny Chest","Regal Pillow","Bottled Flame","Kunai","Tiny House","ClockworkSouvenir","WarpedTongs","Bronze Scales","Singing Bowl","Centennial Puzzle","Red Mask"],"potions_floor_usage":[50,50,50],"damage_taken":[{"damage":6.0,"enemies":"2 Louse","floor":1.0,"turns":4.0},{"damage":7.0,"enemies":"Jaw Worm","floor":3.0,"turns":3.0},{"damage":0.0,"enemies":"Cultist","floor":4.0,"turns":3.0},{"damage":8.0,"enemies":"Exordium Thugs","floor":8.0,"turns":5.0},{"damage":9.0,"enemies":"3 Sentries","floor":10.0,"turns":6.0},{"damage":5.0,"enemies":"3 Sentries","floor":11.0,"turns":4.0},{"damage":25.0,"enemies":"Lagavulin","floor":13.0,"turns":4.0},{"damage":9.0,"enemies":"2 Fungi Beasts","floor":14.0,"turns":3.0},{"damage":0.0,"enemies":"Slime Boss","floor":16.0,"turns":5.0},{"damage":2.0,"enemies":"2 Thieves","floor":18.0,"turns":2.0},{"damage":0.0,"enemies":"Gremlin Leader","floor":24.0,"turns":2.0},{"damage":4.0,"enemies":"Slavers","floor":28.0,"turns":4.0},{"damage":0.0,"enemies":"Shell Parasite","floor":29.0,"turns":3.0},{"damage":12.0,"enemies":"Gremlin Leader","floor":30.0,"turns":3.0},{"damage":0.0,"enemies":"Centurion and Healer","floor":31.0,"turns":4.0},{"damage":55.0,"enemies":"Automaton","floor":33.0,"turns":10.0},{"damage":0.0,"enemies":"Orb Walker","floor":35.0,"turns":3.0},{"damage":0.0,"enemies":"3 Darklings","floor":37.0,"turns":2.0},{"damage":7.0,"enemies":"2 Orb Walkers","floor":41.0,"turns":3.0},{"damage":0.0,"enemies":"Spire Growth","floor":44.0,"turns":3.0},{"damage":0.0,"enemies":"Transient","floor":45.0,"turns":5.0},{"damage":0.0,"enemies":"Nemesis","floor":46.0,"turns":3.0},{"damage":81,"enemies":"Awakened One","floor":50,"turns":12}],"seed_played":"-4352056866617172084","potions_obtained":[{"floor":3.0,"key":"Energy Potion"},{"floor":8.0,"key":"BloodPotion"},{"floor":10.0,"key":"SteroidPotion"},{"floor":11.0,"key":"Swift Potion"},{"floor":14.0,"key":"SpeedPotion"},{"floor":16.0,"key":"EssenceOfSteel"},{"floor":24.0,"key":"LiquidBronze"},{"floor":28.0,"key":"Fire Potion"},{"floor":30.0,"key":"SteroidPotion"},{"floor":33.0,"key":"Block Potion"},{"floor":35.0,"key":"SpeedPotion"},{"floor":45.0,"key":"Energy Potion"},{"floor":46.0,"key":"LiquidBronze"}],"is_trial":false,"path_per_floor":["M","?","M","M","T","R","?","M","T","?","E","R","E","M","R","B",null,"M","?","$","?","?","R","E","R","T","?","E","M","E","M","R","B",null,"M","$","M","?","$","R","E","R","T","M","M","E","R","?","R","B"],"character_chosen":"IRONCLAD","items_purchased":["Pantograph","ClockworkSouvenir"],"campfire_rested":0,"item_purchase_floors":[20,36],"current_hp_per_floor":[72,56,55,61,61,61,61,59,59,71,75,75,59,59,59,68,77,80,80,80,56,56,56,56,56,56,56,56,56,53,56,56,51,60,61,61,61,61,61,61,64,64,64,66,66,68,68,68,68,41],"gold":0,"neow_bonus":"","is_prod":false,"is_daily":false,"chose_seed":false,"campfire_upgraded":10,"win_rate":0,"timestamp":1537119293,"path_taken":["M","?","?","M","?","R","?","M","T","?","E","R","E","M","R","BOSS","M","?","$","?","?","R","E","R","T","?","E","M","E","M","R","BOSS","M","$","M","?","$","R","E","R","T","M","M","E","R","?","R","BOSS"],"build_version":"2018-09-06","purchased_purges":2,"victory":true,"max_hp_per_floor":[80,80,80,80,80,80,80,80,80,80,80,80,80,80,80,80,80,80,80,80,56,56,56,56,56,56,56,56,56,56,56,56,56,61,61,61,61,61,61,61,64,64,64,66,66,68,68,68,68,68],"card_choices":[{"not_picked":["Power Through","Inflame"],"picked":"Twin Strike","floor":1.0},{"not_picked":["Warcry","Sever Soul"],"picked":"Perfected Strike","floor":3.0},{"not_picked":["Clothesline","Sword Boomerang"],"picked":"Armaments","floor":4.0},{"not_picked":["Warcry","Sword Boomerang"],"picked":"Cleave","floor":8.0},{"not_picked":["Armaments","Wild Strike"],"picked":"Flex","floor":10.0},{"not_picked":["True Grit","Sentinel"],"picked":"Pommel Strike","floor":11.0},{"not_picked":["Impervious","Clash"],"picked":"Clothesline","floor":13.0},{"not_picked":["Evolve","Body Slam"],"picked":"Anger","floor":14.0},{"not_picked":["Berserk","Dark Embrace"],"picked":"Immolate","floor":16.0},{"not_picked":[],"picked":"Battle Trance","floor":18.0},{"not_picked":[],"picked":"Armaments","floor":24.0},{"not_picked":[],"picked":"Thunderclap","floor":28.0},{"not_picked":[],"picked":"Flex","floor":29.0},{"not_picked":[],"picked":"Pommel Strike+1","floor":30.0},{"not_picked":[],"picked":"Power Through","floor":31.0},{"not_picked":[],"picked":"Feed","floor":33.0},{"not_picked":["Second Wind"],"picked":"SKIP","floor":35.0},{"not_picked":["Pummel"],"picked":"SKIP","floor":37.0},{"not_picked":["Second Wind"],"picked":"SKIP","floor":41.0},{"not_picked":["Thunderclap"],"picked":"Singing Bowl","floor":44.0},{"not_picked":[],"picked":"Wild Strike","floor":45.0},{"not_picked":["Rupture"],"picked":"Singing Bowl","floor":46.0}],"player_experience":601848,"relics_obtained":[{"floor":5.0,"key":"Juzu Bracelet"},{"floor":9.0,"key":"Magic Flower"},{"floor":10.0,"key":"Ornamental Fan"},{"floor":11.0,"key":"Bag of Preparation"},{"floor":13.0,"key":"Bird Faced Urn"},{"floor":24.0,"key":"Meat on the Bone"},{"floor":26.0,"key":"Tiny Chest"},{"floor":28.0,"key":"Bottled Flame"},{"floor":30.0,"key":"Kunai"},{"floor":41.0,"key":"Bronze Scales"},{"floor":43.0,"key":"Singing Bowl"},{"floor":46.0,"key":"Centennial Puzzle"}],"event_choices":[{"event_name":"Shining Light","player_choice":"Entered Light","floor":2.0,"damage_taken":0.0},{"event_name":"Upgrade Shrine","player_choice":"Upgraded","floor":7.0,"damage_taken":0.0},{"event_name":"Dead Adventurer","player_choice":"Searched \u00272\u0027 times","floor":10.0,"damage_taken":0.0},{"event_name":"Drug Dealer","player_choice":"Inject Mutagens","floor":19.0,"damage_taken":0.0},{"event_name":"Vampires","player_choice":"Became a vampire","floor":21.0,"damage_taken":0.0},{"event_name":"Addict","player_choice":"Obtained Relic","floor":22.0,"damage_taken":0.0},{"event_name":"The Mausoleum","player_choice":"Yes","floor":27.0,"damage_taken":0.0},{"event_name":"Accursed Blacksmith","player_choice":"Rummage","floor":38.0,"damage_taken":0.0},{"event_name":"Tomb of Lord Red Mask","player_choice":"Paid","floor":48.0,"damage_taken":0.0}],"is_beta":false,"boss_relics":[{"not_picked":["Cursed Key","White Beast Statue"],"picked":"Busted Crown"},{"not_picked":["Astrolabe","Coffee Dripper"],"picked":"Tiny House"}],"items_purged_floors":[36,39],"is_endless":false,"potions_floor_spawned":[3,8,10,11,14,16,24,28,30,33,35,45,46],"ascension_level":8}