{"gold_per_floor":[114,126,126,12,12,12,22,56,56,56,75,7,25,39,39,139,139,159,159,173,173,190,220,236,247,271,29,29,59,76,90,90,189,189,202,202,212,228,241,241,241,241,264,283,301,335,23,34,34,34],"floor_reached":51,"playtime":4036,"items_purged":["Defend_G","Defend_G"],"score":805,"play_id":"ee3fbcb0-07d7-4201-9844-97a537d3b48d","local_time":"20181006154726","is_ascension_mode":true,"campfire_choices":[{"data":"Noxious Fumes","floor":6,"key":"SMITH"},{"floor":10,"key":"REST"},{"floor":15,"key":"REST"},{"floor":28,"key":"REST"},{"floor":32,"key":"REST"},{"floor":40,"key":"REST"},{"floor":42,"key":"REST"},{"floor":49,"key":"REST"}],"neow_cost":"NONE","seed_source_timestamp":699243166493969,"circlet_count":0,"master_deck":["Defend_G","Defend_G","Strike_G","Survivor","Neutralize","Dagger Spray","Noxious Fumes+1","Dagger Throw","Cloak And Dagger+1","Bouncing Flask+1","A Thousand Cuts","PiercingWail+1","Expertise+1","Corpse Explosion+1","All Out Attack+1","Noxious Fumes+1","Prepared+1","Corpse Explosion+1","Bane","Catalyst+1","Noxious Fumes"],"relics":["Busted Crown","Toxic Egg 2","Mummified Hand","Fusion Hammer","Matryoshka","Centennial Puzzle","MawBank","Snake Skull","Letter Opener","Empty Cage","Anchor","PreservedInsect","Molten Egg 2","TwistedFunnel"],"potions_floor_usage":[8,8,13,22,22,23,24,25,31,33,39,44,44,44,45,50,50],"damage_taken":[{"damage":3,"enemies":"Small Slimes","floor":1,"turns":4},{"damage":0,"enemies":"2 Louse","floor":2,"turns":2},{"damage":0,"enemies":"Cultist","floor":7,"turns":4},{"damage":20,"enemies":"Gremlin Nob","floor":8,"turns":5},{"damage":13,"enemies":"Large Slime","floor":11,"turns":5},{"damage":1,"enemies":"Looter","floor":13,"turns":3},{"damage":1,"enemies":"Exordium Wildlife","floor":14,"turns":3},{"damage":30,"enemies":"Hexaghost","floor":16,"turns":8},{"damage":0,"enemies":"Spheric Guardian","floor":18,"turns":3},{"damage":0,"enemies":"Chosen","floor":20,"turns":4},{"damage":0,"enemies":"Snecko","floor":22,"turns":4},{"damage":12,"enemies":"Book of Stabbing","floor":23,"turns":5},{"damage":21,"enemies":"Snake Plant","floor":24,"turns":5},{"damage":0,"enemies":"Shelled Parasite and Fungi","floor":25,"turns":5},{"damage":25,"enemies":"Slavers","floor":29,"turns":4},{"damage":0,"enemies":"Centurion and Healer","floor":30,"turns":5},{"damage":2,"enemies":"Snake Plant","floor":31,"turns":3},{"damage":35,"enemies":"Collector","floor":33,"turns":7},{"damage":4,"enemies":"3 Shapes","floor":35,"turns":2},{"damage":3,"enemies":"Orb Walker","floor":37,"turns":3},{"damage":19,"enemies":"Spire Growth","floor":38,"turns":4},{"damage":12,"enemies":"Sphere and 2 Shapes","floor":39,"turns":3},{"damage":0,"enemies":"3 Darklings","floor":44,"turns":2},{"damage":5,"enemies":"Reptomancer","floor":45,"turns":4},{"damage":44,"enemies":"Nemesis","floor":46,"turns":5},{"damage":2,"enemies":"Transient","floor":48,"turns":5},{"damage":47,"enemies":"Donu and Deca","floor":50,"turns":5}],"seed_played":"-416260042400696725","potions_obtained":[{"floor":2,"key":"GhostInAJar"},{"floor":7,"key":"Poison Potion"},{"floor":11,"key":"Fruit Juice"},{"floor":13,"key":"GhostInAJar"},{"floor":16,"key":"GamblersBrew"},{"floor":20,"key":"EssenceOfSteel"},{"floor":22,"key":"SkillPotion"},{"floor":24,"key":"SkillPotion"},{"floor":30,"key":"Ancient Potion"},{"floor":31,"key":"FearPotion"},{"floor":38,"key":"Energy Potion"},{"floor":39,"key":"GamblersBrew"},{"floor":41,"key":"Fruit Juice"},{"floor":41,"key":"EntropicBrew"},{"floor":46,"key":"SpeedPotion"}],"is_trial":false,"path_per_floor":["M","M","?","$","?","R","M","E","T","R","M","$","M","M","R","B",null,"M","?","M","?","M","E","M","M","T","$","R","E","M","M","R","B",null,"M","?","M","M","M","R","?","R","T","M","M","E","$","M","R","B"],"character_chosen":"THE_SILENT","items_purchased":["Noxious Fumes","Dagger Throw","Cloak And Dagger+1","Snake Skull","TwistedFunnel","Catalyst+1","Noxious Fumes"],"campfire_rested":7,"item_purchase_floors":[4,12,12,27,47,47,47],"current_hp_per_floor":[67,67,67,67,60,60,60,40,40,61,48,48,52,51,73,43,75,75,75,75,75,75,63,42,42,42,42,64,39,39,37,59,24,75,71,71,68,49,37,59,59,75,75,80,75,31,31,29,53,6],"gold":34,"neow_bonus":"BOSS_RELIC","is_prod":false,"is_daily":false,"chose_seed":false,"campfire_upgraded":1,"win_rate":0,"timestamp":1538866046,"path_taken":["M","M","?","?","?","R","M","E","T","R","M","$","?","M","R","BOSS","M","?","M","?","M","E","M","M","T","$","R","E","M","M","R","BOSS","M","?","M","?","M","R","?","R","T","M","?","E","$","M","R","BOSS"],"build_version":"2018-10-04v2","purchased_purges":2,"victory":true,"max_hp_per_floor":[70,70,70,70,70,70,70,70,70,70,70,70,75,75,75,75,75,75,75,75,75,75,75,75,75,75,75,75,75,75,75,75,75,75,75,75,75,75,75,75,75,75,75,80,80,80,80,80,80,80],"card_choices":[{"not_picked":["Outmaneuver"],"picked":"SKIP","floor":1},{"not_picked":[],"picked":"Dagger Spray","floor":2},{"not_picked":["Footwork"],"picked":"SKIP","floor":7},{"not_picked":["Skewer"],"picked":"SKIP","floor":8},{"not_picked":["Slice"],"picked":"SKIP","floor":11},{"not_picked":[],"picked":"Bouncing Flask+1","floor":13},{"not_picked":["Riddle With Holes"],"picked":"SKIP","floor":14},{"not_picked":[],"picked":"A Thousand Cuts","floor":16},{"not_picked":[],"picked":"PiercingWail+1","floor":18},{"not_picked":["Outmaneuver+1"],"picked":"SKIP","floor":20},{"not_picked":["Sucker Punch"],"picked":"SKIP","floor":22},{"not_picked":["Concentrate+1"],"picked":"SKIP","floor":23},{"not_picked":["Accuracy"],"picked":"SKIP","floor":24},{"not_picked":["Accuracy+1"],"picked":"SKIP","floor":25},{"not_picked":[],"picked":"Expertise+1","floor":29},{"not_picked":["Blade Dance+1"],"picked":"SKIP","floor":30},{"not_picked":["Phantasmal Killer+1"],"picked":"SKIP","floor":31},{"not_picked":[],"picked":"Corpse Explosion+1","floor":33},{"not_picked":[],"picked":"All Out Attack+1","floor":35},{"not_picked":["Dagger Throw+1"],"picked":"SKIP","floor":37},{"not_picked":[],"picked":"Prepared+1","floor":38},{"not_picked":["Dagger Spray+1"],"picked":"SKIP","floor":39},{"not_picked":[],"picked":"Corpse Explosion+1","floor":44},{"not_picked":[],"picked":"Bane","floor":45},{"not_picked":["Caltrops+1"],"picked":"SKIP","floor":46},{"not_picked":["Acrobatics+1"],"picked":"SKIP","floor":48}],"player_experience":427222,"relics_obtained":[{"floor":8,"key":"Toxic Egg 2"},{"floor":9,"key":"Mummified Hand"},{"floor":23,"key":"Matryoshka"},{"floor":26,"key":"Centennial Puzzle"},{"floor":26,"key":"MawBank"},{"floor":29,"key":"Letter Opener"},{"floor":43,"key":"Anchor"},{"floor":43,"key":"PreservedInsect"},{"floor":46,"key":"Molten Egg 2"}],"event_choices":[{"event_name":"Living Wall","player_choice":"Forget","floor":3,"damage_taken":0},{"event_name":"Golden Wing","player_choice":"Card Removal","floor":5,"damage_taken":0},{"event_name":"Ghosts","player_choice":"Ignored","floor":19,"damage_taken":0},{"event_name":"Purifier","player_choice":"One Purge","floor":21,"damage_taken":0},{"event_name":"Duplicator","player_choice":"One dupe","floor":36,"damage_taken":0},{"event_name":"The Lab","player_choice":"Got Potions","floor":41,"damage_taken":0}],"is_beta":false,"boss_relics":[{"not_picked":["Runic Dome","Philosopher\u0027s Stone"],"picked":"Fusion Hammer"},{"not_picked":["Sozu","Cursed Key"],"picked":"Empty Cage"}],"items_purged_floors":[4,27],"is_endless":false,"potions_floor_spawned":[2,7,11,13,16,20,22,24,30,31,38,39,46],"ascension_level":3}