{"gold_per_floor":[15,34,51,51,68,93,109,109,109,132,132,145,170,140],"floor_reached":14,"playtime":2600,"items_purged":[],"score":115,"play_id":"a9f9897a-45af-40c5-ae5d-4dd918a152a9","local_time":"20181017194303","is_ascension_mode":true,"campfire_choices":[{"floor":11,"key":"REST"}],"neow_cost":"NO_GOLD","seed_source_timestamp":36909543067521,"circlet_count":0,"master_deck":["Strike_R","Strike_R","Strike_R","Defend_R","Defend_R","Defend_R","Bash","Flex","Thunderclap","Flame Barrier","Shrug It Off","Flex","Berserk","Cleave","Inflame"],"relics":["Burning Blood","Omamori","Golden Idol","Champion Belt"],"potions_floor_usage":[3,6,6,13],"damage_taken":[{"damage":3,"enemies":"Small Slimes","floor":1,"turns":4},{"damage":9,"enemies":"2 Louse","floor":2,"turns":2},{"damage":12,"enemies":"Jaw Worm","floor":3,"turns":2},{"damage":13,"enemies":"3 Louse","floor":5,"turns":3},{"damage":25,"enemies":"3 Sentries","floor":6,"turns":11},{"damage":38,"enemies":"Exordium Wildlife","floor":7,"turns":7},{"damage":6,"enemies":"Lots of Slimes","floor":10,"turns":3},{"damage":18,"enemies":"2 Fungi Beasts","floor":12,"turns":4},{"damage":32,"enemies":"Gremlin Gang","floor":13,"turns":3},{"damage":25,"enemies":"Exordium Thugs","floor":14,"turns":2}],"seed_played":"8573431002332681951","potions_obtained":[{"floor":1,"key":"BloodPotion"},{"floor":2,"key":"Dexterity Potion"},{"floor":5,"key":"Poison Potion"},{"floor":12,"key":"BloodPotion"},{"floor":13,"key":"GamblersBrew"}],"is_trial":false,"path_per_floor":["M","M","M","?","M","E","M","?","T","M","R","M","M"],"character_chosen":"IRONCLAD","items_purchased":[],"campfire_rested":1,"item_purchase_floors":[],"current_hp_per_floor":[80,77,79,79,72,53,21,21,21,21,45,33,15,0],"gold":140,"neow_bonus":"REMOVE_TWO","is_prod":false,"is_daily":false,"chose_seed":false,"campfire_upgraded":0,"win_rate":0,"timestamp":1539830583,"path_taken":["M","M","M","?","M","E","M","?","T","M","R","M","M","M"],"build_version":"2018-10-11","purchased_purges":0,"victory":false,"max_hp_per_floor":[80,80,80,80,80,80,80,80,80,80,80,80,80,80],"card_choices":[{"not_picked":["Rupture","Metallicize"],"picked":"Flex","floor":1},{"not_picked":["Bloodletting","Cleave"],"picked":"Thunderclap","floor":2},{"not_picked":["Power Through","Warcry","Perfected Strike"],"picked":"SKIP","floor":3},{"not_picked":["Whirlwind","Clash"],"picked":"Flame Barrier","floor":5},{"not_picked":["Armaments","Intimidate"],"picked":"Shrug It Off","floor":6},{"not_picked":["Anger","Clash"],"picked":"Flex","floor":7},{"not_picked":["Clash","Infernal Blade"],"picked":"Berserk","floor":10},{"not_picked":["Evolve","Burning Pact"],"picked":"Cleave","floor":12},{"not_picked":["Cleave","Shockwave"],"picked":"Inflame","floor":13}],"player_experience":437470,"relics_obtained":[{"floor":6,"key":"Omamori"},{"floor":9,"key":"Champion Belt"}],"event_choices":[{"event_name":"Living Wall","player_choice":"Forget","floor":4,"damage_taken":0},{"event_name":"Golden Idol","player_choice":"Take Wound","floor":8,"damage_taken":0}],"is_beta":false,"boss_relics":[],"items_purged_floors":[],"is_endless":false,"potions_floor_spawned":[1,2,5,12,13],"killed_by":"Exordium Thugs","ascension_level":4}