{"gold_per_floor":[116,116,140,159,170,195,195,207,207,225,253,253,285,285,285,389,389,408,420,435,435,435,463,463,463,511,527,11,11,30,45,45,45],"floor_reached":33,"playtime":6700,"items_purged":["Defend_R"],"score":369,"play_id":"fd9d4703-fd17-4fdd-b434-81ab374d8ad5","local_time":"20181020190453","is_ascension_mode":true,"campfire_choices":[{"floor":7,"key":"REST"},{"floor":12,"key":"REST"},{"floor":15,"key":"REST"},{"data":"Reaper","floor":24,"key":"SMITH"},{"data":"Flex","floor":32,"key":"SMITH"}],"neow_cost":"PERCENT_DAMAGE","seed_source_timestamp":29486486770201,"circlet_count":0,"master_deck":["Defend_R","Defend_R","Bash","Power Through","Twin Strike+1","Clothesline","Uppercut+1","Thunderclap","Iron Wave","Blood for Blood","Reaper+1","Cleave+1","Flex+1","Battle Trance","Bite","Bite","Bite","Bite","Bite","Flame Barrier+1","Writhe","Reckless Charge+1","Thunderclap"],"relics":["Burning Blood","Anchor","Strawberry","Mercury Hourglass","Whetstone","Oddly Smooth Stone","Dodecahedron","Sozu","Pantograph","Bottled Lightning","Blood Vial","Ornamental Fan","PrismaticShard","Mummified Hand"],"potions_floor_usage":[5,13],"damage_taken":[{"damage":2,"enemies":"Jaw Worm","floor":1,"turns":3},{"damage":1,"enemies":"Cultist","floor":4,"turns":3},{"damage":0,"enemies":"2 Louse","floor":5,"turns":1},{"damage":30,"enemies":"3 Sentries","floor":6,"turns":10},{"damage":12,"enemies":"Exordium Thugs","floor":8,"turns":5},{"damage":0,"enemies":"2 Fungi Beasts","floor":10,"turns":2},{"damage":12,"enemies":"Gremlin Nob","floor":11,"turns":3},{"damage":17,"enemies":"3 Sentries","floor":13,"turns":4},{"damage":12,"enemies":"Slime Boss","floor":16,"turns":9},{"damage":13,"enemies":"Shell Parasite","floor":18,"turns":4},{"damage":3,"enemies":"3 Byrds","floor":19,"turns":4},{"damage":19,"enemies":"Centurion and Healer","floor":20,"turns":5},{"damage":24,"enemies":"Gremlin Leader","floor":23,"turns":6},{"damage":4,"enemies":"Snecko","floor":27,"turns":4},{"damage":0,"enemies":"Chosen and Byrds","floor":30,"turns":3},{"damage":2,"enemies":"Sentry and Sphere","floor":31,"turns":4},{"damage":76,"enemies":"Collector","floor":33,"turns":8}],"seed_played":"3553439861932951593","potions_obtained":[{"floor":4,"key":"AttackPotion"},{"floor":6,"key":"Explosive Potion"}],"is_trial":false,"path_per_floor":["M","?","T","M","M","E","R","M","T","M","E","R","E","?","R","B",null,"M","M","M","T","?","E","R","?","T","M","$","?","M","M","R"],"character_chosen":"IRONCLAD","items_purchased":["Ornamental Fan","PrismaticShard"],"campfire_rested":3,"item_purchase_floors":[28,28],"current_hp_per_floor":[60,60,60,65,71,54,80,74,74,80,74,87,76,76,87,81,87,80,87,74,74,60,50,50,50,50,60,60,60,60,60,60,0],"gold":45,"neow_bonus":"REMOVE_TWO","is_prod":false,"is_daily":false,"chose_seed":false,"campfire_upgraded":2,"win_rate":0,"timestamp":1540087493,"path_taken":["M","?","?","?","M","E","R","M","T","M","E","R","E","?","R","BOSS","M","M","M","?","?","E","R","?","T","?","$","?","M","M","R","BOSS"],"build_version":"2018-10-18","purchased_purges":1,"victory":false,"max_hp_per_floor":[80,80,80,80,80,87,87,87,87,87,87,87,87,87,87,87,87,87,87,87,87,60,60,60,60,60,60,60,60,60,60,60,60],"card_choices":[{"not_picked":["Body Slam","Iron Wave"],"picked":"Power Through","floor":1},{"not_picked":["Headbutt","Armaments"],"picked":"Twin Strike","floor":4},{"not_picked":["Second Wind","Disarm"],"picked":"Clothesline","floor":5},{"not_picked":["Metallicize","Wild Strike","True Grit"],"picked":"SKIP","floor":6},{"not_picked":["Seeing Red","Second Wind"],"picked":"Uppercut","floor":8},{"not_picked":["Twin Strike","Entrench"],"picked":"Thunderclap","floor":10},{"not_picked":["Corruption","Perfected Strike"],"picked":"Iron Wave","floor":11},{"not_picked":["Power Through","Exhume"],"picked":"Blood for Blood","floor":13},{"not_picked":["Fiend Fire","Bludgeon"],"picked":"Reaper","floor":16},{"not_picked":["Thunderclap","Entrench"],"picked":"Cleave+1","floor":18},{"not_picked":["Seeing Red","Power Through"],"picked":"Flex","floor":19},{"not_picked":["Cleave","Shockwave"],"picked":"Battle Trance","floor":20},{"not_picked":["Flex+1","Reckless Charge"],"picked":"Flame Barrier+1","floor":23},{"not_picked":["Corruption+1","Uppercut","Wild Strike"],"picked":"SKIP","floor":27},{"not_picked":["Rebound+1","Storm"],"picked":"Reckless Charge+1","floor":30},{"not_picked":["True Grit","Stack"],"picked":"Thunderclap","floor":31}],"player_experience":446831,"relics_obtained":[{"floor":3,"key":"Anchor"},{"floor":6,"key":"Strawberry"},{"floor":9,"key":"Mercury Hourglass"},{"floor":11,"key":"Whetstone"},{"floor":13,"key":"Oddly Smooth Stone"},{"floor":21,"key":"Pantograph"},{"floor":23,"key":"Bottled Lightning"},{"floor":26,"key":"Blood Vial"}],"event_choices":[{"cards_removed":["Strike_R"],"damage_healed":0,"gold_gain":0,"player_choice":"Purged","damage_taken":0,"max_hp_gain":0,"max_hp_loss":0,"event_name":"Purifier","floor":2,"gold_loss":0},{"damage_healed":0,"gold_gain":0,"player_choice":"Searched \u00271\u0027 times","damage_taken":0,"relics_obtained":["Dodecahedron"],"max_hp_gain":0,"max_hp_loss":0,"event_name":"Dead Adventurer","floor":14,"gold_loss":0},{"damage_healed":0,"gold_gain":0,"player_choice":"Became a vampire","damage_taken":0,"max_hp_gain":0,"max_hp_loss":27,"event_name":"Vampires","floor":22,"gold_loss":0,"cards_obtained":["Bite","Bite","Bite","Bite","Bite"]},{"damage_healed":0,"gold_gain":0,"player_choice":"Ignored","damage_taken":0,"max_hp_gain":0,"max_hp_loss":0,"event_name":"Ghosts","floor":25,"gold_loss":0},{"damage_healed":0,"gold_gain":0,"player_choice":"Opened","damage_taken":0,"relics_obtained":["Mummified Hand"],"max_hp_gain":0,"max_hp_loss":0,"event_name":"The Mausoleum","floor":29,"gold_loss":0,"cards_obtained":["Writhe"]}],"is_beta":false,"boss_relics":[{"not_picked":["Snecko Eye","Ectoplasm"],"picked":"Sozu"}],"items_purged_floors":[28],"is_endless":false,"potions_floor_spawned":[4,6,27,30,31],"killed_by":"Collector","ascension_level":4}