{"gold_per_floor":[114,132,145,145,145,179,197,44,44,19,19,37,37,37,37,37],"floor_reached":16,"playtime":2273,"items_purged":["Strike_R"],"score":115,"play_id":"543c8feb-6247-4a6b-bddd-c094bdc2b749","local_time":"20180909203444","is_ascension_mode":true,"campfire_choices":[{"floor":11,"key":"REST"},{"floor":15,"key":"DIG"}],"neow_cost":"NONE","seed_source_timestamp":38154688607116,"circlet_count":0,"master_deck":["Strike_R","Strike_R","Strike_R","Defend_R","Defend_R","Defend_R","Bash","Cleave","Pummel","Iron Wave","True Grit","Flex","Pommel Strike","Shockwave","Twin Strike","Cleave"],"relics":["Burning Blood","Juzu Bracelet","Peace Pipe","Shovel","Golden Idol","Incense Burner"],"potions_floor_usage":[6,16],"damage_taken":[{"damage":8,"enemies":"2 Louse","floor":1,"turns":3},{"damage":5,"enemies":"Small Slimes","floor":2,"turns":4},{"damage":1,"enemies":"Cultist","floor":3,"turns":4},{"damage":24,"enemies":"3 Sentries","floor":6,"turns":5},{"damage":11,"enemies":"Lots of Slimes","floor":7,"turns":4},{"damage":13,"enemies":"3 Louse","floor":12,"turns":3},{"damage":61,"enemies":"The Guardian","floor":16,"turns":10}],"seed_played":"2308764405823995543","potions_obtained":[{"floor":2,"key":"PowerPotion"},{"floor":12,"key":"SpeedPotion"}],"is_trial":false,"path_per_floor":["M","M","M","?","?","E","M","$","T","$","R","M","?","?","R"],"character_chosen":"IRONCLAD","items_purchased":["Shockwave","Twin Strike"],"campfire_rested":1,"item_purchase_floors":[8,10],"current_hp_per_floor":[78,79,80,73,73,55,50,50,50,50,74,67,80,60,60,0],"gold":37,"neow_bonus":"RANDOM_COMMON_RELIC","is_prod":false,"is_daily":false,"chose_seed":false,"campfire_upgraded":0,"win_rate":0,"timestamp":1536550484,"path_taken":["M","M","M","?","?","E","M","$","T","$","R","M","?","?","R","BOSS"],"build_version":"2018-09-06","purchased_purges":1,"victory":false,"max_hp_per_floor":[80,80,80,80,80,80,80,80,80,80,80,80,80,80,80,80],"card_choices":[{"not_picked":["Carnage","Uppercut"],"picked":"Cleave","floor":1},{"not_picked":["Dual Wield","Entrench"],"picked":"Pummel","floor":2},{"not_picked":["Perfected Strike","Disarm"],"picked":"Iron Wave","floor":3},{"not_picked":["Thunderclap","Clothesline"],"picked":"Flex","floor":6},{"not_picked":["Armaments","Sword Boomerang"],"picked":"Pommel Strike","floor":7},{"not_picked":["Pommel Strike","Heavy Blade"],"picked":"Cleave","floor":12}],"player_experience":363238,"relics_obtained":[{"floor":6,"key":"Peace Pipe"},{"floor":9,"key":"Shovel"},{"floor":15,"key":"Incense Burner"}],"event_choices":[{"event_name":"Golden Wing","player_choice":"Card Removal","floor":4,"damage_taken":0},{"event_name":"Transmorgrifier","player_choice":"Transform","floor":5,"damage_taken":0},{"event_name":"Wheel of Change","player_choice":"Full Heal","floor":13,"damage_taken":0},{"event_name":"Golden Idol","player_choice":"Take Damage","floor":14,"damage_taken":0}],"is_beta":false,"boss_relics":[],"items_purged_floors":[8],"is_endless":false,"potions_floor_spawned":[2,12],"killed_by":"The Guardian","ascension_level":3}