{"gold_per_floor":[110,185,185,200,216,240,240,274,274],"floor_reached":9,"playtime":723,"items_purged":[],"score":98,"play_id":"c0468fce-865f-4d51-8127-db33c73f6e22","local_time":"20190331225313","is_ascension_mode":true,"campfire_choices":[{"data":"Glass Knife","floor":7,"key":"SMITH"}],"neow_cost":"NONE","seed_source_timestamp":1045984704540195,"circlet_count":0,"master_deck":["AscendersBane","Defend_G","Defend_G","Defend_G","Defend_G","Defend_G","Strike_G","Strike_G","Strike_G","Strike_G","Strike_G","Survivor","Neutralize","Flying Knee","Backflip","Glass Knife+1","Flying Knee","Backstab"],"relics":["Ring of the Snake","Golden Idol","Vajra","The Courier"],"potions_floor_usage":[],"damage_taken":[{"damage":0,"enemies":"Small Slimes","floor":1,"turns":3},{"damage":1,"enemies":"Jaw Worm","floor":4,"turns":4},{"damage":0,"enemies":"2 Louse","floor":5,"turns":4},{"damage":4,"enemies":"Looter","floor":6,"turns":3},{"damage":33,"enemies":"Lagavulin","floor":8,"turns":8}],"seed_played":"-3977433770369755177","potions_obtained":[{"floor":5,"key":"Fire Potion"}],"is_trial":false,"path_per_floor":["M","?","?","M","M","M","R","E","T"],"character_chosen":"THE_SILENT","items_purchased":[],"campfire_rested":0,"item_purchase_floors":[],"current_hp_per_floor":[70,59,40,39,39,35,35,2,2],"gold":274,"neow_bonus":"TEN_PERCENT_HP_BONUS","is_prod":false,"is_daily":false,"chose_seed":false,"campfire_upgraded":1,"win_rate":0,"timestamp":1554090793,"path_taken":["M","?","?","?","M","M","R","E","T"],"build_version":"2019-01-23","purchased_purges":0,"victory":false,"max_hp_per_floor":[77,77,77,77,77,77,77,77,77],"card_choices":[{"not_picked":["Underhanded Strike","Dagger Throw"],"picked":"Flying Knee","floor":1},{"not_picked":["Noxious Fumes","All Out Attack"],"picked":"Backflip","floor":4},{"not_picked":["Accuracy","Riddle With Holes"],"picked":"Glass Knife","floor":5},{"not_picked":["Blade Dance","Acrobatics"],"picked":"Flying Knee","floor":6},{"not_picked":["Deflect","Outmaneuver"],"picked":"Backstab","floor":8}],"player_experience":1310550,"relics_obtained":[{"floor":8,"key":"Vajra"},{"floor":9,"key":"The Courier"}],"event_choices":[{"damage_healed":0,"gold_gain":75,"player_choice":"Gather Gold","damage_taken":11,"max_hp_gain":0,"max_hp_loss":0,"event_name":"World of Goop","floor":2,"gold_loss":0},{"damage_healed":0,"gold_gain":0,"player_choice":"Take Damage","damage_taken":19,"relics_obtained":["Golden Idol"],"max_hp_gain":0,"max_hp_loss":0,"event_name":"Golden Idol","floor":3,"gold_loss":0}],"is_beta":false,"boss_relics":[],"items_purged_floors":[],"is_endless":false,"potions_floor_spawned":[5],"ascension_level":11}