{"gold_per_floor":[118,118,137,147,147,147,179,179,234,309,324,324,249,278,278,373,373,386,398,313,141,231,244,244,260,260,271,271,282,294,313,313,413,413,430,448,70,84,84,84,95,107,107,139,139,154,154,171,171,171],"floor_reached":51,"playtime":6995,"items_purged":["Strike_G"],"score":668,"play_id":"4b5ce5a3-817d-4736-9b07-80782050c154","local_time":"20190324164042","is_ascension_mode":false,"campfire_choices":[{"data":"Dagger Spray","floor":6.0,"key":"SMITH"},{"data":"Deadly Poison","floor":8.0,"key":"SMITH"},{"floor":12.0,"key":"REST"},{"data":"Dagger Spray","floor":15.0,"key":"SMITH"},{"data":"Wraith Form v2","floor":24.0,"key":"SMITH"},{"data":"Bullet Time","floor":28.0,"key":"SMITH"},{"floor":32.0,"key":"REST"},{"floor":40.0,"key":"REST"},{"data":"Envenom","floor":45.0,"key":"SMITH"},{"floor":47.0,"key":"REST"},{"data":"Night Terror","floor":49.0,"key":"SMITH"}],"neow_cost":"NONE","seed_source_timestamp":0,"circlet_count":0,"master_deck":["Defend_G","Defend_G+1","Defend_G+1","Defend_G","Strike_G","Strike_G","Strike_G+1","Survivor","Neutralize+1","Deadly Poison+1","Dagger Spray+1","Bullet Time+1","Footwork","Dagger Spray+1","Envenom+1","Wraith Form v2+1","PiercingWail","Sadistic Nature+1","Backflip","Outmaneuver+1","Acrobatics+1","After Image+1","Storm of Steel","Blade Dance+1","Noxious Fumes+1","Flash of Steel","Quick Slash+1","Calculated Gamble+1","Catalyst+1","Burst","Crippling Poison+1","Quick Slash+1","Night Terror+1"],"special_seed":0,"relics":["Ring of the Snake","Dream Catcher","Whetstone","Nunchaku","Lizard Tail","Frozen Egg 2","Gremlin Horn","Sozu","Ninja Scroll","War Paint","Molten Egg 2"],"potions_floor_usage":[50],"damage_taken":[{"damage":0.0,"enemies":"Jaw Worm","floor":1.0,"turns":3.0},{"damage":0.0,"enemies":"Small Slimes","floor":3.0,"turns":3.0},{"damage":0.0,"enemies":"2 Louse","floor":4.0,"turns":3.0},{"damage":23.0,"enemies":"3 Sentries","floor":7.0,"turns":7.0},{"damage":0.0,"enemies":"2 Fungi Beasts","floor":11.0,"turns":2.0},{"damage":8.0,"enemies":"Lagavulin","floor":14.0,"turns":6.0},{"damage":29.0,"enemies":"Slime Boss","floor":16.0,"turns":12.0},{"damage":0.0,"enemies":"Chosen","floor":18.0,"turns":4.0},{"damage":0.0,"enemies":"3 Byrds","floor":19.0,"turns":6.0},{"damage":22.0,"enemies":"Snake Plant","floor":23.0,"turns":6.0},{"damage":5.0,"enemies":"3 Cultists","floor":25.0,"turns":5.0},{"damage":3.0,"enemies":"Centurion and Healer","floor":27.0,"turns":8.0},{"damage":6.0,"enemies":"Snake Plant","floor":29.0,"turns":5.0},{"damage":0.0,"enemies":"3 Cultists","floor":30.0,"turns":5.0},{"damage":0.0,"enemies":"Chosen and Byrds","floor":31.0,"turns":5.0},{"damage":53.0,"enemies":"Champ","floor":33.0,"turns":10.0},{"damage":13.0,"enemies":"3 Shapes","floor":35.0,"turns":3.0},{"damage":8.0,"enemies":"3 Darklings","floor":36.0,"turns":4.0},{"damage":25.0,"enemies":"Sphere and 2 Shapes","floor":38.0,"turns":6.0},{"damage":0.0,"enemies":"Jaw Worm Horde","floor":41.0,"turns":4.0},{"damage":10.0,"enemies":"Transient","floor":42.0,"turns":5.0},{"damage":4.0,"enemies":"Giant Head","floor":44.0,"turns":6.0},{"damage":8.0,"enemies":"4 Shapes","floor":46.0,"turns":4.0},{"damage":0.0,"enemies":"Spire Growth","floor":48.0,"turns":5.0},{"damage":28,"enemies":"Awakened One","floor":50,"turns":9}],"seed_played":"4974376011844781409","potions_obtained":[{"floor":7.0,"key":"Fire Potion"},{"floor":14.0,"key":"Weak Potion"},{"floor":19.0,"key":"PowerPotion"},{"floor":25.0,"key":"Swift Potion"},{"floor":29.0,"key":"LiquidBronze"},{"floor":33.0,"key":"Energy Potion"}],"is_trial":false,"path_per_floor":["M","?","M","M","?","R","E","R","T","?","M","R","$","E","R","B",null,"M","M","?","$","?","M","R","M","T","M","R","M","M","M","R","B",null,"M","M","$","M","?","R","M","M","T","E","R","M","R","M","R","B",null],"character_chosen":"THE_SILENT","items_purchased":["Sadistic Nature+1","Noxious Fumes+1","Ninja Scroll","Flash of Steel"],"campfire_rested":4,"item_purchase_floors":[21,37,37,37],"current_hp_per_floor":[77,70,70,70,70,70,47,47,47,36,36,59,59,51,51,22,77,77,77,77,77,63,41,41,36,36,33,33,27,27,27,50,38,77,64,56,56,31,31,54,54,44,44,40,40,32,55,55,55,27],"gold":171,"neow_bonus":"TEN_PERCENT_HP_BONUS","is_prod":false,"is_daily":false,"chose_seed":false,"campfire_upgraded":7,"win_rate":0,"timestamp":1553442042,"path_taken":["M","?","M","M","?","R","E","R","T","?","M","R","$","E","R","BOSS","M","M","?","$","?","M","R","?","T","M","R","M","M","M","R","BOSS","M","M","$","M","?","R","M","M","T","E","R","M","R","M","R","BOSS"],"build_version":"2019-01-23","purchased_purges":1,"victory":true,"max_hp_per_floor":[77,77,77,77,77,77,77,77,77,77,77,77,77,77,77,77,77,77,77,77,77,77,77,77,77,77,77,77,77,77,77,77,77,77,77,77,77,77,77,77,77,77,77,77,77,77,77,77,77,77],"card_choices":[{"not_picked":["Underhanded Strike","Quick Slash"],"picked":"Deadly Poison","floor":1.0},{"not_picked":["Bouncing Flask","Prepared"],"picked":"Dagger Spray","floor":3.0},{"not_picked":["Underhanded Strike","Dagger Throw","Acrobatics"],"picked":"SKIP","floor":4.0},{"not_picked":["Cloak And Dagger","Slice"],"picked":"Footwork","floor":7.0},{"not_picked":["Slice","Endless Agony"],"picked":"Dagger Spray","floor":11.0},{"not_picked":["Poisoned Stab","Dagger Spray"],"picked":"Envenom","floor":12.0},{"not_picked":["Underhanded Strike","Dodge and Roll","Blade Dance"],"picked":"SKIP","floor":14.0},{"not_picked":["Die Die Die","Grand Finale"],"picked":"Wraith Form v2","floor":16.0},{"not_picked":["Dagger Spray","Deadly Poison"],"picked":"PiercingWail","floor":18.0},{"not_picked":["Prepared","Calculated Gamble","Quick Slash"],"picked":"SKIP","floor":19.0},{"not_picked":["Deflect","Outmaneuver"],"picked":"Backflip","floor":23.0},{"not_picked":["Dash+1","Backstab"],"picked":"Outmaneuver+1","floor":25.0},{"not_picked":["Calculated Gamble","Caltrops+1"],"picked":"Acrobatics+1","floor":27.0},{"not_picked":["PiercingWail","Calculated Gamble","Dodge and Roll"],"picked":"SKIP","floor":29.0},{"not_picked":["Sucker Punch","Cloak And Dagger"],"picked":"After Image+1","floor":30.0},{"not_picked":["Sucker Punch","Riddle With Holes","Poisoned Stab"],"picked":"SKIP","floor":31.0},{"not_picked":["Grand Finale","Unload"],"picked":"Storm of Steel","floor":33.0},{"not_picked":["Heel Hook+1","Choke","Deflect"],"picked":"SKIP","floor":35.0},{"not_picked":["Setup","Terror+1"],"picked":"Blade Dance+1","floor":36.0},{"not_picked":["Masterful Stab+1","Sucker Punch+1"],"picked":"Quick Slash+1","floor":38.0},{"not_picked":["Eviscerate+1","Flying Knee"],"picked":"Calculated Gamble+1","floor":40.0},{"not_picked":["Cloak And Dagger","Backstab"],"picked":"Catalyst+1","floor":41.0},{"not_picked":["Quick Slash+1","Poisoned Stab+1"],"picked":"Burst","floor":42.0},{"not_picked":["Leg Sweep+1","Flying Knee+1"],"picked":"Crippling Poison+1","floor":44.0},{"not_picked":["Underhanded Strike+1","All Out Attack+1","Cloak And Dagger+1"],"picked":"SKIP","floor":46.0},{"not_picked":["Dodge and Roll+1","Sucker Punch+1"],"picked":"Quick Slash+1","floor":47.0},{"not_picked":["Quick Slash+1","Poisoned Stab+1"],"picked":"Night Terror","floor":48.0}],"player_experience":195536,"relics_obtained":[{"floor":7.0,"key":"Dream Catcher"},{"floor":9.0,"key":"Whetstone"},{"floor":14.0,"key":"Nunchaku"},{"floor":26.0,"key":"Gremlin Horn"},{"floor":43.0,"key":"War Paint"},{"floor":44.0,"key":"Molten Egg 2"}],"event_choices":[{"cards_removed":["Strike_G"],"damage_healed":0.0,"max_hp_gain":0.0,"max_hp_loss":0.0,"gold_gain":0.0,"event_name":"Golden Wing","player_choice":"Card Removal","floor":2.0,"gold_loss":0.0,"damage_taken":7.0},{"damage_healed":0.0,"max_hp_gain":0.0,"max_hp_loss":0.0,"gold_gain":0.0,"cards_transformed":["Defend_G"],"event_name":"Living Wall","player_choice":"Change","floor":5.0,"gold_loss":0.0,"damage_taken":0.0,"cards_obtained":["Bullet Time"]},{"damage_healed":0.0,"max_hp_gain":0.0,"max_hp_loss":0.0,"gold_gain":75.0,"event_name":"World of Goop","player_choice":"Gather Gold","floor":10.0,"gold_loss":0.0,"damage_taken":11.0},{"damage_healed":0.0,"max_hp_gain":0.0,"max_hp_loss":0.0,"gold_gain":0.0,"event_name":"Addict","player_choice":"Obtained Relic","floor":20.0,"gold_loss":85.0,"damage_taken":0.0,"relics_obtained":["Frozen Egg 2"]},{"damage_healed":0.0,"max_hp_gain":0.0,"max_hp_loss":0.0,"gold_gain":90.0,"event_name":"Knowing Skull","player_choice":"GOLD ","floor":22.0,"potions_obtained":[],"gold_loss":0.0,"damage_taken":14.0,"cards_obtained":[]},{"damage_healed":0.0,"max_hp_gain":0.0,"max_hp_loss":0.0,"gold_gain":0.0,"event_name":"The Moai Head","player_choice":"Ignored","floor":39.0,"gold_loss":0.0,"damage_taken":0.0}],"is_beta":false,"boss_relics":[{"not_picked":["Black Star","Snecko Eye"],"picked":"Lizard Tail"},{"not_picked":["Philosopher\u0027s Stone","Pandora\u0027s Box"],"picked":"Sozu"}],"items_purged_floors":[13],"is_endless":false,"potions_floor_spawned":[7,14,19,25,29,33,36,41,48],"ascension_level":0}