{"gold_per_floor":[118,50,69,82,94,94,94,125,181,181],"floor_reached":10,"playtime":801,"items_purged":[],"score":75,"play_id":"cf63de5e-6415-4397-8780-f3c92ef15223","local_time":"20180803180031","is_ascension_mode":true,"campfire_choices":[{"floor":6,"key":"REST"}],"neow_cost":"NONE","seed_source_timestamp":34913111112037,"circlet_count":0,"master_deck":["Defend_G","Defend_G","Defend_G","Defend_G","Defend_G","Strike_G","Strike_G","Strike_G","Strike_G","Strike_G","Survivor","Neutralize","Deadly Poison","Noxious Fumes","Escape Plan","Noxious Fumes","Injury"],"relics":["WristBlade","Golden Idol","Ancient Tea Set","Tiny Chest"],"potions_floor_usage":[4,5],"damage_taken":[{"damage":2,"enemies":"2 Louse","floor":1,"turns":4},{"damage":5,"enemies":"Small Slimes","floor":3,"turns":3},{"damage":6,"enemies":"Jaw Worm","floor":4,"turns":4},{"damage":17,"enemies":"3 Louse","floor":5,"turns":4},{"damage":32,"enemies":"Lagavulin","floor":8,"turns":7},{"damage":40,"enemies":"Gremlin Gang","floor":10,"turns":3}],"seed_played":"5468632347680909558","potions_obtained":[{"floor":3,"key":"GamblersBrew"},{"floor":4,"key":"GhostInAJar"}],"is_trial":false,"path_per_floor":["M","$","M","M","M","R","?","E","T"],"character_chosen":"THE_SILENT","items_purchased":["Noxious Fumes"],"campfire_rested":1,"item_purchase_floors":[2],"current_hp_per_floor":[68,68,63,57,40,61,61,29,29,0],"gold":181,"neow_bonus":"BOSS_RELIC","is_prod":false,"is_daily":false,"chose_seed":false,"campfire_upgraded":0,"win_rate":0,"timestamp":1533344431,"path_taken":["M","$","M","M","M","R","?","E","T","M"],"build_version":"2018-08-02","purchased_purges":0,"victory":false,"max_hp_per_floor":[70,70,70,70,70,70,70,70,70,70],"card_choices":[{"not_picked":["Underhanded Strike","Dagger Spray"],"picked":"Deadly Poison","floor":1},{"not_picked":["PiercingWail","Accuracy"],"picked":"Escape Plan","floor":3},{"not_picked":["Deadly Poison","Underhanded Strike"],"picked":"Noxious Fumes","floor":4},{"not_picked":["Corpse Explosion","Concentrate","Sucker Punch"],"picked":"SKIP","floor":5},{"not_picked":["Caltrops","Setup","PiercingWail"],"picked":"SKIP","floor":8}],"player_experience":181820,"relics_obtained":[{"floor":8,"key":"Ancient Tea Set"},{"floor":9,"key":"Tiny Chest"}],"event_choices":[{"event_name":"Golden Idol","player_choice":"Take Wound","floor":7,"damage_taken":0}],"is_beta":false,"boss_relics":[],"items_purged_floors":[],"is_endless":false,"potions_floor_spawned":[3,4],"killed_by":"Gremlin Gang","ascension_level":2}