{"gold_per_floor":[117,67,17,33,33,33,67,87,141,66,66,83,83,98,98,193,193,209,209,209,209,209,209,224,139,139,156,2,35,47,72,84,200,212,240,271,297,322,349,361,373,412,424,455,486,513,525,553,565,577],"floor_reached":50,"playtime":3881,"items_purged":["Strike_B","Normality"],"score":466,"play_id":"a8ee9e1a-d198-41bc-81c9-a12665c99367","local_time":"20190703004136","is_ascension_mode":false,"campfire_choices":[{"data":"Redo","floor":6.0,"key":"SMITH"},{"data":"Conserve Battery","floor":11.0,"key":"SMITH"},{"data":"Barrage","floor":13.0,"key":"SMITH"},{"floor":15.0,"key":"REST"},{"data":"RitualDagger","floor":23.0,"key":"SMITH"},{"floor":30.0,"key":"REST"},{"floor":32.0,"key":"REST"},{"data":"Coolheaded","floor":41.0,"key":"SMITH"},{"floor":49,"key":"REST"}],"neow_cost":"NONE","seed_source_timestamp":57008209364279,"circlet_count":0,"master_deck":["Strike_B","Strike_B","Defend_B","Defend_B","Defend_B","Zap+1","Dualcast","Redo+1","Gash","Barrage+1","Cold Snap","Conserve Battery+1","Hologram","Ball Lightning","RitualDagger+1","Conserve Battery+1","Coolheaded+1","Gash+1","Compile Driver+1","Stack+1","Hologram","Parasite","Cold Snap+1","Gash+1","Hologram"],"special_seed":0,"relics":["Cracked Core","DataDisk","Lantern","Cursed Key","Mummified Hand","Orichalcum","Molten Egg 2","MawBank","White Beast Statue","Bronze Scales"],"potions_floor_usage":[46,50,50,50],"damage_taken":[{"damage":6.0,"enemies":"Jaw Worm","floor":1.0,"turns":2.0},{"damage":7.0,"enemies":"2 Louse","floor":4.0,"turns":2.0},{"damage":23.0,"enemies":"Gremlin Nob","floor":7.0,"turns":4.0},{"damage":0.0,"enemies":"Cultist","floor":8.0,"turns":2.0},{"damage":8.0,"enemies":"2 Fungi Beasts","floor":12.0,"turns":3.0},{"damage":3.0,"enemies":"Exordium Wildlife","floor":14.0,"turns":2.0},{"damage":13.0,"enemies":"Slime Boss","floor":16.0,"turns":10.0},{"damage":2.0,"enemies":"Shell Parasite","floor":18.0,"turns":3.0},{"damage":0.0,"enemies":"3 Byrds","floor":24.0,"turns":3.0},{"damage":19.0,"enemies":"Cultist and Chosen","floor":27.0,"turns":5.0},{"damage":26.0,"enemies":"Gremlin Leader","floor":29.0,"turns":6.0},{"damage":12.0,"enemies":"Snake Plant","floor":31.0,"turns":4.0},{"damage":20.0,"enemies":"Champ","floor":33.0,"turns":10.0},{"damage":13.0,"enemies":"Orb Walker","floor":35.0,"turns":4.0},{"damage":7.0,"enemies":"3 Darklings","floor":36.0,"turns":5.0},{"damage":0.0,"enemies":"Jaw Worm Horde","floor":37.0,"turns":5.0},{"damage":0.0,"enemies":"Transient","floor":38.0,"turns":5.0},{"damage":3.0,"enemies":"3 Darklings","floor":39.0,"turns":9.0},{"damage":5.0,"enemies":"Sphere and 2 Shapes","floor":44.0,"turns":4.0},{"damage":37.0,"enemies":"Jaw Worm Horde","floor":45.0,"turns":5.0},{"damage":0,"enemies":"Transient","floor":46,"turns":5},{"damage":4,"enemies":"3 Darklings","floor":48,"turns":5},{"damage":41,"enemies":"Awakened One","floor":50,"turns":3}],"seed_played":"5045174087436123506","potions_obtained":[{"floor":4.0,"key":"SpeedPotion"},{"floor":12.0,"key":"SkillPotion"},{"floor":14.0,"key":"FearPotion"},{"floor":29.0,"key":"PowerPotion"},{"floor":31.0,"key":"FocusPotion"},{"floor":33.0,"key":"Dexterity Potion"},{"floor":35.0,"key":"EssenceOfSteel"},{"floor":36.0,"key":"AttackPotion"},{"floor":37.0,"key":"Weak Potion"},{"floor":38.0,"key":"SteroidPotion"},{"floor":39.0,"key":"FocusPotion"},{"floor":45.0,"key":"Ancient Potion"},{"floor":46,"key":"Ancient Potion"},{"floor":48,"key":"FearPotion"}],"is_trial":false,"path_per_floor":["M","?","$","M","?","R","E","M","T","$","R","M","R","M","R","B",null,"M","$","?","?","?","R","M","?","T","M","$","E","R","M","R","B",null,"M","M","M","M","M","?","R","T","T","M","M","M","?","M","R","B"],"character_chosen":"DEFECT","items_purchased":["Gash","Gash+1"],"campfire_rested":4,"item_purchase_floors":[3,28],"current_hp_per_floor":[69,69,69,62,62,62,39,39,39,39,39,31,31,28,50,37,75,73,73,73,59,53,53,53,53,53,34,34,8,32,20,44,24,80,67,60,60,60,57,57,57,57,57,52,15,15,15,11,35,0],"gold":577,"neow_bonus":"UPGRADE_CARD","is_prod":false,"is_daily":false,"chose_seed":false,"campfire_upgraded":5,"win_rate":0,"timestamp":1562107296,"path_taken":["M","?","$","M","?","R","E","?","T","$","R","M","R","M","R","BOSS","M","$","?","?","?","R","M","?","T","?","$","E","R","M","R","BOSS","M","M","?","M","M","?","R","?","T","M","M","M","?","M","R","BOSS"],"build_version":"2019-07-01","purchased_purges":2,"victory":false,"max_hp_per_floor":[75,75,75,75,75,75,75,75,75,75,75,75,75,75,75,75,75,75,75,75,80,80,80,80,80,80,80,80,80,80,80,80,80,80,80,80,80,80,80,80,80,80,80,80,80,80,80,80,80,80],"card_choices":[{"not_picked":["Sweeping Beam","Melter"],"picked":"Redo","floor":1.0},{"not_picked":["Reinforced Body","Leap"],"picked":"Barrage","floor":4.0},{"not_picked":["Sunder","Reinforced Body"],"picked":"Cold Snap","floor":7.0},{"not_picked":["Lockon","Gash"],"picked":"Conserve Battery","floor":8.0},{"not_picked":["Go for the Eyes","Hello World","Streamline"],"picked":"SKIP","floor":12.0},{"not_picked":["Beam Cell","Leap"],"picked":"Hologram","floor":14.0},{"not_picked":["White Noise+1","Genetic Algorithm"],"picked":"Ball Lightning","floor":18.0},{"not_picked":["Ball Lightning","Blizzard+1"],"picked":"Conserve Battery+1","floor":24.0},{"not_picked":["Stack+1","Steam Power"],"picked":"Coolheaded","floor":27.0},{"not_picked":["Force Field","Steam","Consume"],"picked":"SKIP","floor":29.0},{"not_picked":["Redo+1","Hello World","Undo"],"picked":"SKIP","floor":31.0},{"not_picked":["Leap+1","Stack"],"picked":"Compile Driver+1","floor":35.0},{"not_picked":["Self Repair","Ball Lightning+1","Rebound+1"],"picked":"SKIP","floor":36.0},{"not_picked":["Loop","Undo"],"picked":"Stack+1","floor":37.0},{"not_picked":["Redo","Turbo"],"picked":"Hologram","floor":38.0},{"not_picked":["Recycle+1","Redo+1","Beam Cell+1"],"picked":"SKIP","floor":39.0},{"not_picked":["Ball Lightning+1","Genetic Algorithm+1","Aggregate"],"picked":"SKIP","floor":44.0},{"not_picked":["Beam Cell+1","Aggregate"],"picked":"Cold Snap+1","floor":45.0},{"not_picked":["Barrage+1","Melter+1"],"picked":"Gash+1","floor":46},{"not_picked":["Tempest","Double Energy"],"picked":"Hologram","floor":48}],"player_experience":432876,"relics_obtained":[{"floor":7.0,"key":"DataDisk"},{"floor":9.0,"key":"Lantern"},{"floor":26.0,"key":"Molten Egg 2"},{"floor":29.0,"key":"MawBank"},{"floor":42.0,"key":"Bronze Scales"}],"event_choices":[{"cards_removed":["Strike_B"],"damage_healed":0.0,"max_hp_gain":0.0,"max_hp_loss":0.0,"gold_gain":0.0,"event_name":"The Cleric","player_choice":"Card Removal","floor":2.0,"gold_loss":50.0,"damage_taken":0.0},{"cards_removed":["Defend_B"],"damage_healed":0.0,"max_hp_gain":0.0,"max_hp_loss":0.0,"gold_gain":0.0,"event_name":"Purifier","player_choice":"Purged","floor":5.0,"gold_loss":0.0,"damage_taken":0.0},{"damage_healed":0.0,"max_hp_gain":0.0,"max_hp_loss":0.0,"gold_gain":0.0,"event_name":"The Mausoleum","player_choice":"Opened","floor":20.0,"gold_loss":0.0,"damage_taken":0.0,"relics_obtained":["Mummified Hand"]},{"damage_healed":0.0,"max_hp_gain":5.0,"max_hp_loss":0.0,"gold_gain":0.0,"event_name":"Forgotten Altar","player_choice":"Shed Blood","floor":21.0,"gold_loss":0.0,"damage_taken":19.0},{"damage_healed":0.0,"max_hp_gain":0.0,"max_hp_loss":0.0,"gold_gain":0.0,"event_name":"Nest","player_choice":"Joined the Cult","floor":22.0,"gold_loss":0.0,"damage_taken":6.0,"cards_obtained":["RitualDagger"]},{"damage_healed":0.0,"max_hp_gain":0.0,"max_hp_loss":0.0,"gold_gain":0.0,"event_name":"Addict","player_choice":"Obtained Relic","floor":25.0,"gold_loss":85.0,"damage_taken":0.0,"relics_obtained":["Orichalcum"]},{"damage_healed":0.0,"max_hp_gain":0.0,"max_hp_loss":0.0,"gold_gain":0.0,"event_name":"SensoryStone","player_choice":"Memory 1","floor":40.0,"gold_loss":0.0,"damage_taken":0.0},{"damage_healed":0,"gold_gain":0,"player_choice":"Ignored","damage_taken":0,"max_hp_gain":0,"max_hp_loss":0,"event_name":"Mysterious Sphere","floor":47,"gold_loss":0}],"is_beta":false,"boss_relics":[{"not_picked":["FrozenCore","Eternal Feather"],"picked":"Cursed Key"},{"not_picked":["Nuclear Battery","Philosopher\u0027s Stone"],"picked":"White Beast Statue"}],"items_purged_floors":[10,28],"is_endless":false,"potions_floor_spawned":[4,12,14,29,31,33,35,36,37,38,39,44,45,46,48],"killed_by":"Awakened One","ascension_level":0}