{"gold_per_floor":[131,318,345,432,458,470,497,544,556,568,595,607,631,643,655,770,782,764,34,34,52,64,64,83,83,107,107],"floor_reached":27,"playtime":2165,"items_purged":["Doubt"],"score":258,"play_id":"813938ad-8488-4a50-ad52-1feb166fda34","local_time":"20181110143824","is_ascension_mode":true,"campfire_choices":[{"floor":6,"key":"REST"},{"floor":15,"key":"REST"},{"floor":23,"key":"REST"},{"floor":25,"key":"REST"}],"neow_cost":"NONE","seed_source_timestamp":535790061079977,"circlet_count":0,"master_deck":["Strike_B","Strike_B","Strike_B","Strike_B","Defend_B","Defend_B","Defend_B","Defend_B","Zap","Dualcast","Double Energy+1","Beam Cell","BootSequence","Leap","Buffer","White Noise+1","Fission+1","Fusion+1","Self Repair","Transmutation+1","Conserve Battery+1"],"relics":["FrozenCore","MawBank","Shovel","Toxic Egg 2","Bronze Scales","Shuriken","Omamori"],"potions_floor_usage":[3,8,11,18,22,24,27],"damage_taken":[{"damage":13,"enemies":"Jaw Worm","floor":1,"turns":4},{"damage":0,"enemies":"2 Louse","floor":3,"turns":1},{"damage":0,"enemies":"Small Slimes","floor":5,"turns":3},{"damage":0,"enemies":"2 Fungi Beasts","floor":7,"turns":4},{"damage":40,"enemies":"Lagavulin","floor":8,"turns":7},{"damage":8,"enemies":"Lots of Slimes","floor":11,"turns":5},{"damage":8,"enemies":"3 Louse","floor":13,"turns":5},{"damage":31,"enemies":"The Guardian","floor":16,"turns":14},{"damage":8,"enemies":"2 Thieves","floor":18,"turns":5},{"damage":12,"enemies":"Shell Parasite","floor":21,"turns":6},{"damage":0,"enemies":"Centurion and Healer","floor":22,"turns":9},{"damage":26,"enemies":"Cultist and Chosen","floor":24,"turns":9},{"damage":95,"enemies":"Gremlin Leader","floor":27,"turns":10}],"seed_played":"8403543928584763691","potions_obtained":[{"floor":1,"key":"Explosive Potion"},{"floor":3,"key":"GamblersBrew"},{"floor":8,"key":"AttackPotion"},{"floor":11,"key":"Energy Potion"},{"floor":16,"key":"Dexterity Potion"},{"floor":18,"key":"Ancient Potion"},{"floor":21,"key":"AttackPotion"},{"floor":24,"key":"Block Potion"}],"is_trial":false,"path_per_floor":["M","?","M","?","M","R","M","E","T","?","M","?","M","?","R","B",null,"M","$","?","M","M","R","M","R","T","E"],"character_chosen":"DEFECT","items_purchased":["Bronze Scales","Shuriken","Self Repair","Transmutation+1"],"campfire_rested":4,"item_purchase_floors":[19,19,19,19],"current_hp_per_floor":[62,62,62,51,51,73,73,33,33,33,25,25,17,17,39,8,75,67,67,53,48,55,79,60,80,80,0],"gold":107,"neow_bonus":"RANDOM_COMMON_RELIC","is_prod":false,"is_daily":false,"chose_seed":false,"campfire_upgraded":0,"win_rate":0,"timestamp":1541889504,"path_taken":["M","?","M","?","M","R","M","E","T","?","M","?","M","?","R","BOSS","M","$","?","M","M","R","M","R","T","E"],"build_version":"2018-11-08","purchased_purges":1,"victory":false,"max_hp_per_floor":[75,75,75,75,75,75,75,75,75,75,75,75,75,75,75,75,75,75,75,80,80,80,80,80,80,80,80],"card_choices":[{"not_picked":["Beam Cell","Skim"],"picked":"Double Energy","floor":1},{"not_picked":["Tempest","Skim"],"picked":"Beam Cell","floor":3},{"not_picked":["Steam Power","Melter"],"picked":"BootSequence","floor":5},{"not_picked":["Gash","Redo"],"picked":"Leap","floor":7},{"not_picked":["Turbo","Doom and Gloom"],"picked":"Buffer","floor":8},{"not_picked":["Stack+1","Storm"],"picked":"White Noise+1","floor":11},{"not_picked":["Skim+1","Force Field+1","Reprogram+1"],"picked":"SKIP","floor":13},{"not_picked":["Multi-Cast+1","Machine Learning"],"picked":"Fission+1","floor":16},{"not_picked":["Turbo+1","Redo+1"],"picked":"Fusion+1","floor":18},{"not_picked":["Barrage","Hologram+1"],"picked":"Conserve Battery+1","floor":21},{"not_picked":["Beam Cell+1","Steam+1","Go for the Eyes"],"picked":"SKIP","floor":22},{"not_picked":["Hologram+1","Rip and Tear","Sweeping Beam"],"picked":"SKIP","floor":24}],"player_experience":499460,"relics_obtained":[{"floor":8,"key":"Shovel"},{"floor":9,"key":"Toxic Egg 2"},{"floor":26,"key":"Omamori"}],"event_choices":[{"damage_healed":0,"gold_gain":175,"player_choice":"AGREE","damage_taken":0,"max_hp_gain":0,"max_hp_loss":0,"event_name":"Liars Game","floor":2,"gold_loss":0,"cards_obtained":["Doubt"]},{"damage_healed":0,"gold_gain":75,"player_choice":"Gather Gold","damage_taken":11,"max_hp_gain":0,"max_hp_loss":0,"event_name":"World of Goop","floor":4,"gold_loss":0},{"damage_healed":0,"gold_gain":0,"player_choice":"Searched \u00270\u0027 times","damage_taken":0,"max_hp_gain":0,"max_hp_loss":0,"event_name":"Dead Adventurer","floor":10,"gold_loss":0},{"damage_healed":0,"gold_gain":0,"player_choice":"Ignored","damage_taken":0,"max_hp_gain":0,"max_hp_loss":0,"event_name":"Shining Light","floor":12,"gold_loss":0},{"damage_healed":0,"gold_gain":0,"player_choice":"Forge","damage_taken":0,"max_hp_gain":0,"max_hp_loss":0,"event_name":"Accursed Blacksmith","floor":14,"gold_loss":0,"cards_upgraded":["Double Energy"]},{"damage_healed":0,"gold_gain":0,"player_choice":"Shed Blood","damage_taken":19,"max_hp_gain":5,"max_hp_loss":0,"event_name":"Forgotten Altar","floor":20,"gold_loss":0}],"is_beta":false,"boss_relics":[{"not_picked":["Runic Dome","Calling Bell"],"picked":"FrozenCore"}],"items_purged_floors":[19],"is_endless":false,"potions_floor_spawned":[1,3,8,11,16,18,21,24],"killed_by":"Gremlin Leader","ascension_level":4}