{"gold_per_floor":[109,109,109,0,0,0,10,10,10,10,29,29,29,48,48,48],"floor_reached":16,"playtime":946,"items_purged":["Strike_G"],"score":101,"play_id":"7c61b7ea-a4d6-4473-984e-bf1675bb1067","local_time":"20190525191501","is_ascension_mode":true,"campfire_choices":[{"floor":6.0,"key":"DIG"},{"floor":8.0,"key":"DIG"},{"floor":10.0,"key":"DIG"},{"floor":13.0,"key":"DIG"},{"data":"Neutralize","floor":15,"key":"SMITH"}],"neow_cost":"NONE","seed_source_timestamp":1539085384459595,"circlet_count":0,"master_deck":["Defend_G","Defend_G","Defend_G","Defend_G","Defend_G","Strike_G","Strike_G","Strike_G","Strike_G","Survivor","Neutralize+1","Well Laid Plans","Decay"],"special_seed":0,"relics":["Ring of the Snake","Shovel","Sundial","Regal Pillow","Bottled Tornado","Orichalcum","Pantograph"],"potions_floor_usage":[14],"damage_taken":[{"damage":0.0,"enemies":"2 Louse","floor":1.0,"turns":2.0},{"damage":4.0,"enemies":"Jaw Worm","floor":7.0,"turns":4.0},{"damage":2.0,"enemies":"Cultist","floor":11.0,"turns":4.0},{"damage":21,"enemies":"Lots of Slimes","floor":14,"turns":9},{"damage":66,"enemies":"Slime Boss","floor":16,"turns":13}],"seed_played":"6850633537032809728","potions_obtained":[{"floor":1.0,"key":"GamblersBrew"}],"is_trial":false,"path_per_floor":["M","?","T","$","?","R","M","R","T","R","M","$","R","M","R","B"],"character_chosen":"THE_SILENT","items_purchased":["Well Laid Plans"],"campfire_rested":0,"item_purchase_floors":[4],"current_hp_per_floor":[77,77,77,77,77,77,73,73,73,73,71,71,71,50,50,9],"gold":48,"neow_bonus":"TEN_PERCENT_HP_BONUS","is_prod":false,"is_daily":false,"chose_seed":false,"campfire_upgraded":1,"win_rate":0,"timestamp":1558804501,"path_taken":["M","?","?","$","?","R","M","R","T","R","M","$","R","?","R","BOSS"],"build_version":"2019-01-23","purchased_purges":1,"victory":false,"max_hp_per_floor":[77,77,77,77,77,77,77,77,77,77,77,77,77,77,77,77],"card_choices":[{"not_picked":["All Out Attack","Dagger Throw","Acrobatics"],"picked":"SKIP","floor":1.0},{"not_picked":["Dagger Spray","Endless Agony","Quick Slash"],"picked":"SKIP","floor":7.0},{"not_picked":["Deadly Poison","Distraction","Calculated Gamble"],"picked":"SKIP","floor":11.0},{"not_picked":["Prepared","Acrobatics","Skewer"],"picked":"SKIP","floor":14}],"player_experience":316220,"relics_obtained":[{"floor":3.0,"key":"Shovel"},{"floor":6.0,"key":"Sundial"},{"floor":8.0,"key":"Regal Pillow"},{"floor":9.0,"key":"Bottled Tornado"},{"floor":10.0,"key":"Orichalcum"},{"floor":13.0,"key":"Pantograph"}],"event_choices":[{"damage_healed":0.0,"max_hp_gain":0.0,"max_hp_loss":0.0,"gold_gain":0.0,"event_name":"Liars Game","player_choice":"Ignored","floor":2.0,"gold_loss":0.0,"damage_taken":0.0},{"damage_healed":0.0,"max_hp_gain":0.0,"max_hp_loss":0.0,"gold_gain":0.0,"event_name":"Wheel of Change","player_choice":"Cursed","floor":5.0,"gold_loss":0.0,"damage_taken":0.0,"cards_obtained":["Decay"]}],"is_beta":false,"boss_relics":[],"items_purged_floors":[4],"is_endless":false,"potions_floor_spawned":[1],"killed_by":"Slime Boss","ascension_level":3}