{"gold_per_floor":[109,109,109,34,45,71,90,90,144,179,10,10,25,52,52,157,157,174,184,184,16,35,66,66,94,94,94,104,104,115,115,115,220,220,234,109,109,125,139,167,167,167,190,204,204,0,18,29,29,29],"floor_reached":51,"playtime":5115,"items_purged":["Regret","Strike_B","Coolheaded"],"score":817,"play_id":"b0a4197a-d4db-4b7e-8704-f74369697ddc","local_time":"20180803160906","is_ascension_mode":true,"campfire_choices":[{"data":"Zap","floor":8.0,"key":"SMITH"},{"floor":15,"key":"REST"},{"data":"Seek","floor":24,"key":"SMITH"},{"data":"Self Repair","floor":27,"key":"SMITH"},{"data":"Machine Learning","floor":32,"key":"SMITH"},{"data":"Glacier","floor":42,"key":"SMITH"},{"data":"Go for the Eyes","floor":45,"key":"SMITH"},{"floor":49,"key":"REST"}],"neow_cost":"NONE","seed_source_timestamp":0,"circlet_count":0,"master_deck":["Defend_B","Defend_B","Zap+1","Dualcast","Glacier+1","Ball Lightning","Machine Learning+1","Skim","Seek+1","Beam Cell","Machine Learning","Stack+1","Turbo+1","Ball Lightning+1","Ball Lightning","Barrage+1","RitualDagger","Self Repair+1","Bandage Up","Go for the Eyes+1","Leap","FTL+1","Echo Form","Skim+1","BootSequence+1","Consume+1","Defragment+1","Rebound+1","Go for the Eyes+1","Consume+1"],"special_seed":0,"relics":["Cracked Core","NeowsBlessing","Ancient Tea Set","Strawberry","Tiny Chest","Mummified Hand","Du-Vu Doll","Astrolabe","Happy Flower","Molten Egg 2","Anchor","Cables","Sozu","Toxic Egg 2","Smiling Mask","Regal Pillow","Red Mask"],"potions_floor_usage":[23,28,28,44,47],"damage_taken":[{"damage":0.0,"enemies":"Small Slimes","floor":1.0,"turns":1.0},{"damage":0.0,"enemies":"2 Louse","floor":5.0,"turns":1.0},{"damage":0.0,"enemies":"Lagavulin","floor":6.0,"turns":1.0},{"damage":5.0,"enemies":"Jaw Worm","floor":7.0,"turns":3.0},{"damage":24.0,"enemies":"Gremlin Nob","floor":10.0,"turns":5.0},{"damage":4,"enemies":"2 Fungi Beasts","floor":13,"turns":3},{"damage":11,"enemies":"Lagavulin","floor":14,"turns":7},{"damage":39,"enemies":"Hexaghost","floor":16,"turns":13},{"damage":0,"enemies":"Chosen","floor":18,"turns":4},{"damage":1,"enemies":"3 Byrds","floor":19,"turns":4},{"damage":0,"enemies":"3 Cultists","floor":22,"turns":5},{"damage":43,"enemies":"Gremlin Leader","floor":23,"turns":7},{"damage":15,"enemies":"Book of Stabbing","floor":25,"turns":4},{"damage":12,"enemies":"Snake Plant","floor":28,"turns":4},{"damage":0,"enemies":"Centurion and Healer","floor":30,"turns":4},{"damage":34,"enemies":"Collector","floor":33,"turns":10},{"damage":11,"enemies":"3 Darklings","floor":35,"turns":5},{"damage":0,"enemies":"Orb Walker","floor":38,"turns":3},{"damage":0,"enemies":"Spire Growth","floor":39,"turns":4},{"damage":16,"enemies":"Nemesis","floor":40,"turns":7},{"damage":22,"enemies":"4 Shapes","floor":44,"turns":3},{"damage":16,"enemies":"Transient","floor":47,"turns":5},{"damage":27,"enemies":"3 Darklings","floor":48,"turns":4},{"damage":34,"enemies":"Time Eater","floor":50,"turns":9}],"seed_played":"-2428217572875159131","potions_obtained":[{"floor":1.0,"key":"SpeedPotion"},{"floor":6.0,"key":"Swift Potion"},{"floor":10.0,"key":"GamblersBrew"},{"floor":23,"key":"PowerPotion"},{"floor":30,"key":"SteroidPotion"},{"floor":33,"key":"Explosive Potion"}],"is_trial":false,"path_per_floor":["M","?","?","$","M","E","M","R","T","E","$","?","M","E","R","B",null,"M","M","?","$","M","E","R","E","T","R","M","?","M","T","R","B",null,"M","$","T","M","M","E","?","R","T","M","R","?","M","M","R","B"],"character_chosen":"DEFECT","items_purchased":["Skim","Self Repair","Bandage Up"],"campfire_rested":2,"item_purchase_floors":[11,21,21],"current_hp_per_floor":[75,68,68,68,68,75,70,70,70,46,46,46,42,31,55,16,82,82,81,75,75,82,50,50,46,46,46,48,75,82,82,82,62,82,82,82,82,82,82,79,79,79,79,70,70,70,68,55,82,72],"gold":29,"neow_bonus":"THREE_ENEMY_KILL","is_prod":false,"is_daily":false,"chose_seed":false,"campfire_upgraded":6,"win_rate":0,"timestamp":1533330546,"path_taken":["M","?","?","$","M","E","M","R","T","E","$","?","?","E","R","BOSS","M","M","?","$","M","E","R","E","T","R","M","?","?","?","R","BOSS","M","$","?","?","M","E","?","R","T","M","R","?","M","M","R","BOSS"],"build_version":"2018-08-02","purchased_purges":3,"victory":true,"max_hp_per_floor":[75,75,75,75,75,82,82,82,82,82,82,82,82,82,82,82,82,82,82,82,82,82,82,82,82,82,82,82,82,82,82,82,82,82,82,82,82,82,82,82,82,82,82,82,82,82,82,82,82,82],"card_choices":[{"not_picked":["Recycle","Chill"],"picked":"Glacier","floor":1.0},{"not_picked":["Beam Cell","Undo"],"picked":"Coolheaded","floor":5.0},{"not_picked":["Melter","Rip and Tear"],"picked":"Cold Snap","floor":6.0},{"not_picked":["Aggregate","Redo"],"picked":"Ball Lightning","floor":7.0},{"not_picked":["Gash","Stack"],"picked":"Machine Learning","floor":10.0},{"not_picked":["Barrage","Aggregate"],"picked":"Beam Cell","floor":13},{"not_picked":["Lockon","Static Discharge","Tempest"],"picked":"SKIP","floor":14},{"not_picked":["Thunder Strike","Hyperbeam"],"picked":"Machine Learning","floor":16},{"not_picked":["Stack","Coolheaded"],"picked":"Ball Lightning","floor":18},{"not_picked":["Beam Cell+1","Reprogram"],"picked":"Barrage+1","floor":19},{"not_picked":["Skim","Streamline"],"picked":"Go for the Eyes","floor":22},{"not_picked":["Redo","Beam Cell","Scrape+1"],"picked":"SKIP","floor":23},{"not_picked":["Fusion","Skim","Rainbow"],"picked":"SKIP","floor":25},{"not_picked":["Hello World+1","Chaos"],"picked":"Leap","floor":28},{"not_picked":["Gash+1","Coolheaded"],"picked":"FTL+1","floor":30},{"not_picked":["Hyperbeam+1","All For One+1"],"picked":"Echo Form","floor":33},{"not_picked":["Heatsinks+1","Cold Snap+1"],"picked":"Skim+1","floor":35},{"not_picked":["Genetic Algorithm+1","Streamline+1"],"picked":"BootSequence+1","floor":38},{"not_picked":["Stack+1","Cold Snap+1"],"picked":"Consume+1","floor":39},{"not_picked":["Genetic Algorithm+1","White Noise+1"],"picked":"Defragment+1","floor":40},{"not_picked":["Streamline+1","Recycle+1"],"picked":"Rebound+1","floor":44},{"not_picked":["Cold Snap+1","Steam+1"],"picked":"Go for the Eyes+1","floor":47},{"not_picked":["Skim+1","Rip and Tear+1"],"picked":"Consume+1","floor":48}],"player_experience":432111,"relics_obtained":[{"floor":6.0,"key":"Strawberry"},{"floor":9.0,"key":"Tiny Chest"},{"floor":10.0,"key":"Mummified Hand"},{"floor":14,"key":"Du-Vu Doll"},{"floor":23,"key":"Happy Flower"},{"floor":25,"key":"Molten Egg 2"},{"floor":26,"key":"Anchor"},{"floor":31,"key":"Cables"},{"floor":37,"key":"Toxic Egg 2"},{"floor":40,"key":"Smiling Mask"},{"floor":43,"key":"Regal Pillow"}],"event_choices":[{"event_name":"Golden Wing","player_choice":"Card Removal","floor":2.0,"damage_taken":0.0},{"event_name":"Big Fish","player_choice":"Box","floor":3.0,"damage_taken":0.0},{"event_name":"Transmorgrifier","player_choice":"Transform","floor":12,"damage_taken":0},{"event_name":"Nest","player_choice":"Joined the Cult","floor":20,"damage_taken":0},{"event_name":"The Library","player_choice":"Heal","floor":29,"damage_taken":0},{"event_name":"Falling","player_choice":"Removed Attack","floor":41,"damage_taken":0},{"event_name":"Tomb of Lord Red Mask","player_choice":"Paid","floor":46,"damage_taken":0}],"is_beta":false,"boss_relics":[{"not_picked":["Philosopher\u0027s Stone","Runic Dome"],"picked":"Astrolabe"},{"not_picked":["Black Star","FrozenCore"],"picked":"Sozu"}],"items_purged_floors":[4,11,36],"is_endless":false,"potions_floor_spawned":[1,6,10,14,23,30,33,35,47,48],"ascension_level":3}