{"gold_per_floor":[10,22,22,41,66,66,82,82,152,172,172,192,192,210,210,210],"floor_reached":16,"playtime":1253,"items_purged":[],"score":96,"play_id":"f85884cf-fc17-44d4-bfaa-fe1ea90829cc","local_time":"20180626085741","is_ascension_mode":false,"campfire_choices":[{"data":"Armaments","floor":6,"key":"SMITH"},{"data":"Anger","floor":8,"key":"SMITH"},{"data":"Thunderclap","floor":15,"key":"SMITH"}],"neow_cost":"NO_GOLD","seed_source_timestamp":61355972078756,"circlet_count":0,"master_deck":["Strike_R+1","Strike_R","Strike_R","Strike_R","Strike_R","Defend_R","Defend_R","Defend_R","Defend_R","Bash","Shrug It Off","Armaments+1","Injury","Twin Strike+1","Anger+1","Demon Form","Dual Wield","Body Slam+1","Thunderclap+1"],"relics":["Burning Blood","Mango","Golden Idol","Bottled Lightning"],"potions_floor_usage":[16],"damage_taken":[{"damage":16,"enemies":"Jaw Worm","floor":1,"turns":5},{"damage":9,"enemies":"2 Louse","floor":2,"turns":3},{"damage":2,"enemies":"Small Slimes","floor":4,"turns":5},{"damage":9,"enemies":"3 Louse","floor":5,"turns":5},{"damage":7,"enemies":"2 Fungi Beasts","floor":7,"turns":4},{"damage":4,"enemies":"Large Slime","floor":10,"turns":5},{"damage":0,"enemies":"Red Slaver","floor":12,"turns":4},{"damage":5,"enemies":"Exordium Thugs","floor":14,"turns":3},{"damage":77,"enemies":"Hexaghost","floor":16,"turns":12}],"seed_played":"2170473151671456691","potions_obtained":[{"floor":1,"key":"GamblersBrew"},{"floor":7,"key":"Poison Potion"},{"floor":14,"key":"AttackPotion"}],"is_trial":false,"path_per_floor":["M","M","?","M","M","R","M","R","T","M","?","M","?","M","R"],"character_chosen":"IRONCLAD","items_purchased":[],"campfire_rested":0,"item_purchase_floors":[],"current_hp_per_floor":[84,81,81,85,82,82,81,81,81,83,64,70,70,71,71,0],"gold":210,"neow_bonus":"ONE_RARE_RELIC","is_prod":false,"is_daily":false,"chose_seed":false,"campfire_upgraded":3,"win_rate":0.0,"timestamp":1530021461,"path_taken":["M","M","?","M","M","R","M","R","T","M","?","M","?","?","R","BOSS"],"build_version":"2018-06-21v2","purchased_purges":0,"victory":false,"max_hp_per_floor":[94,94,94,94,94,94,94,94,94,94,94,94,94,94,94,94],"card_choices":[{"not_picked":["Feel No Pain","Hemokinesis"],"picked":"Shrug It Off","floor":1},{"not_picked":["Power Through","Warcry"],"picked":"Armaments","floor":2},{"not_picked":["Hemokinesis","Warcry"],"picked":"Twin Strike","floor":4},{"not_picked":["Hemokinesis","Sever Soul"],"picked":"Anger","floor":5},{"not_picked":["Iron Wave","Wild Strike"],"picked":"Demon Form","floor":7},{"not_picked":["Searing Blow","Body Slam"],"picked":"Dual Wield","floor":10},{"not_picked":["Shrug It Off","Clothesline"],"picked":"Body Slam","floor":12},{"not_picked":["Dual Wield","Reckless Charge"],"picked":"Thunderclap","floor":14}],"player_experience":31494,"relics_obtained":[{"floor":9,"key":"Bottled Lightning"}],"event_choices":[{"event_name":"Golden Idol","player_choice":"Take Wound","floor":3,"damage_taken":0},{"event_name":"Shining Light","player_choice":"Entered Light","floor":11,"damage_taken":0},{"event_name":"Accursed Blacksmith","player_choice":"Forge","floor":13,"damage_taken":0}],"boss_relics":[],"items_purged_floors":[],"is_endless":false,"potions_floor_spawned":[1,7,12,14],"killed_by":"Hexaghost","ascension_level":0}