{"gold_per_floor":[117,292,304,158,176,176,196,214,239,239,268,284,300,300,300,399],"floor_reached":16,"playtime":1433,"items_purged":["Doubt"],"score":216,"play_id":"9e7eb930-68b4-4ad1-a6f0-5b3d627d5e15","local_time":"20181021204010","is_ascension_mode":true,"campfire_choices":[{"data":"Cloak And Dagger","floor":6.0,"key":"SMITH"},{"floor":15.0,"key":"REST"}],"neow_cost":"NONE","seed_source_timestamp":0,"circlet_count":0,"master_deck":["Defend_G","Defend_G","Defend_G","Defend_G","Defend_G","Strike_G","Strike_G","Strike_G","Strike_G","Strike_G","Survivor","Neutralize","Cloak And Dagger+1","Sucker Punch","Accuracy","Calculated Gamble","Deadly Poison","Cloak And Dagger+1","Blade Dance","Backflip","Slice"],"special_seed":0,"relics":["Ring of the Snake","Juzu Bracelet","Strawberry","Boot"],"potions_floor_usage":[],"damage_taken":[{"damage":0.0,"enemies":"2 Louse","floor":1.0,"turns":4.0},{"damage":10.0,"enemies":"Jaw Worm","floor":3.0,"turns":4.0},{"damage":7.0,"enemies":"Small Slimes","floor":5.0,"turns":6.0},{"damage":2.0,"enemies":"Exordium Thugs","floor":7.0,"turns":5.0},{"damage":3.0,"enemies":"Blue Slaver","floor":8.0,"turns":4.0},{"damage":10.0,"enemies":"Gremlin Nob","floor":11.0,"turns":4.0},{"damage":1.0,"enemies":"Looter","floor":12.0,"turns":3.0},{"damage":3.0,"enemies":"Exordium Wildlife","floor":13.0,"turns":4.0},{"damage":45,"enemies":"Slime Boss","floor":16,"turns":12}],"seed_played":"4135628921023135844","potions_obtained":[{"floor":1.0,"key":"SmokeBomb"},{"floor":5.0,"key":"SmokeBomb"},{"floor":7.0,"key":"FearPotion"}],"is_trial":false,"path_per_floor":["M","?","M","$","M","R","M","M","T","?","E","M","M","T","R"],"character_chosen":"THE_SILENT","items_purchased":["Accuracy"],"campfire_rested":1,"item_purchase_floors":[4],"current_hp_per_floor":[63,63,53,53,46,46,44,41,41,41,38,37,34,34,57,12],"gold":399,"neow_bonus":"THREE_CARDS","is_prod":false,"is_daily":false,"chose_seed":false,"campfire_upgraded":1,"win_rate":0,"timestamp":1540172410,"path_taken":["M","?","M","$","M","R","M","M","T","?","E","M","M","?","R","BOSS"],"build_version":"2018-10-18","purchased_purges":1,"victory":false,"max_hp_per_floor":[70,70,70,70,70,70,70,70,70,70,77,77,77,77,77,77],"card_choices":[{"not_picked":["Backflip","Prepared"],"picked":"Cloak And Dagger","floor":0.0},{"not_picked":["Escape Plan","Riddle With Holes"],"picked":"Sucker Punch","floor":1.0},{"not_picked":["Prepared","Masterful Stab","Blur"],"picked":"SKIP","floor":3.0},{"not_picked":["Poisoned Stab","Masterful Stab"],"picked":"Calculated Gamble","floor":5.0},{"not_picked":["Dodge and Roll","Outmaneuver"],"picked":"Deadly Poison","floor":7.0},{"not_picked":["Glass Knife","Setup"],"picked":"Cloak And Dagger","floor":8.0},{"not_picked":["Backflip","Tactician"],"picked":"Blade Dance","floor":11.0},{"not_picked":["Riddle With Holes","Deflect"],"picked":"Backflip","floor":12.0},{"not_picked":["Masterful Stab","Outmaneuver"],"picked":"Slice","floor":13.0}],"player_experience":821708,"relics_obtained":[{"floor":9.0,"key":"Juzu Bracelet"},{"floor":11.0,"key":"Strawberry"},{"floor":14.0,"key":"Boot"}],"event_choices":[{"damage_healed":0.0,"max_hp_gain":0.0,"max_hp_loss":0.0,"gold_gain":175.0,"event_name":"Liars Game","player_choice":"AGREE","floor":2.0,"gold_loss":0.0,"damage_taken":0.0,"cards_obtained":["Doubt"]},{"damage_healed":0.0,"max_hp_gain":0.0,"max_hp_loss":0.0,"gold_gain":0.0,"event_name":"Accursed Blacksmith","player_choice":"Forge","floor":10.0,"gold_loss":0.0,"damage_taken":0.0,"cards_upgraded":["Cloak And Dagger"]}],"is_beta":false,"boss_relics":[],"items_purged_floors":[4],"is_endless":false,"potions_floor_spawned":[1,5,7,16],"killed_by":"Slime Boss","ascension_level":8}