{"gold_per_floor":[110,62,62,73,89,121,121,152,152,152],"floor_reached":10,"playtime":362,"items_purged":[],"score":103,"play_id":"141b2a52-e1e7-4d67-9b30-125c31c44697","local_time":"20181107162839","is_ascension_mode":true,"campfire_choices":[],"neow_cost":"NONE","seed_source_timestamp":120272767459925,"circlet_count":0,"master_deck":["Strike_B","Strike_B","Strike_B","Strike_B","Defend_B","Defend_B","Defend_B","Defend_B","Zap+1","Dualcast","Ball Lightning","Ball Lightning","Steam","Electrodynamics","Conserve Battery","Sweeping Beam"],"relics":["Cracked Core","NeowsBlessing","CultistMask","Lantern","Frozen Egg 2","Centennial Puzzle"],"potions_floor_usage":[],"damage_taken":[{"damage":0,"enemies":"Jaw Worm","floor":1,"turns":1},{"damage":0,"enemies":"Cultist","floor":4,"turns":1},{"damage":0,"enemies":"Small Slimes","floor":5,"turns":1},{"damage":27,"enemies":"Gremlin Nob","floor":6,"turns":4},{"damage":22,"enemies":"Lagavulin","floor":8,"turns":5},{"damage":0,"enemies":"Gremlin Gang","floor":10,"turns":1}],"seed_played":"2535793341343513711","potions_obtained":[],"is_trial":false,"path_per_floor":["M","$","?","M","M","E","?","E","T","M"],"character_chosen":"DEFECT","items_purchased":["Ball Lightning"],"campfire_rested":0,"item_purchase_floors":[2],"current_hp_per_floor":[68,68,68,68,68,41,41,19,19,19],"gold":152,"neow_bonus":"THREE_ENEMY_KILL","is_prod":false,"is_daily":false,"chose_seed":false,"campfire_upgraded":0,"win_rate":0,"timestamp":1541629719,"path_taken":["M","$","?","?","M","E","?","E","T","M"],"build_version":"2018-11-01","purchased_purges":0,"victory":false,"max_hp_per_floor":[75,75,75,75,75,75,75,75,75,75],"card_choices":[{"not_picked":["Redo","Loop"],"picked":"Ball Lightning","floor":1},{"not_picked":["Storm","Rip and Tear"],"picked":"Steam","floor":4},{"not_picked":["Stack","Go for the Eyes"],"picked":"Electrodynamics","floor":5},{"not_picked":["Stack","Double Energy"],"picked":"Conserve Battery","floor":6},{"not_picked":["Barrage","Redo"],"picked":"Sweeping Beam","floor":8}],"player_experience":959226,"relics_obtained":[{"floor":6,"key":"Lantern"},{"floor":8,"key":"Frozen Egg 2"},{"floor":9,"key":"Centennial Puzzle"}],"event_choices":[{"damage_healed":0,"gold_gain":0,"player_choice":"Trade","damage_taken":0,"relics_obtained":["CultistMask"],"max_hp_gain":0,"max_hp_loss":0,"event_name":"FaceTrader","floor":3,"gold_loss":0},{"damage_healed":0,"gold_gain":0,"player_choice":"Forge","damage_taken":0,"max_hp_gain":0,"max_hp_loss":0,"event_name":"Accursed Blacksmith","floor":7,"gold_loss":0,"cards_upgraded":["Zap"]}],"is_beta":false,"boss_relics":[],"items_purged_floors":[],"is_endless":false,"potions_floor_spawned":[],"killed_by":"Gremlin Gang","ascension_level":7}