{"gold_per_floor":[18,18,18,18,29,29,64,64,64,64,83,100,21,39,39,137,137,153,153],"floor_reached":19,"playtime":1150,"items_purged":[],"score":234,"play_id":"586b0534-16b6-43f2-b91d-61704126a029","local_time":"20181022114935","is_ascension_mode":true,"campfire_choices":[{"data":"Phantasmal Killer","floor":6,"key":"SMITH"},{"floor":8,"key":"REST"},{"floor":10,"key":"DIG"},{"floor":15,"key":"REST"}],"neow_cost":"NO_GOLD","seed_source_timestamp":3457875668502626,"circlet_count":0,"master_deck":["Defend_G","Defend_G","Defend_G","Defend_G","Defend_G","Strike_G","Strike_G","Strike_G","Strike_G","Survivor","Neutralize","Phantasmal Killer+1","Slice","Noxious Fumes","Predator","Backflip","Deadly Poison","Backstab","Envenom","Adrenaline","Cloak And Dagger"],"relics":["Ring of the Snake","Shovel","Blue Candle","Bird Faced Urn","HoveringKite"],"potions_floor_usage":[16],"damage_taken":[{"damage":3,"enemies":"Small Slimes","floor":1,"turns":4},{"damage":2,"enemies":"Jaw Worm","floor":5,"turns":4},{"damage":37,"enemies":"Lagavulin","floor":7,"turns":8},{"damage":4,"enemies":"2 Louse","floor":11,"turns":4},{"damage":3,"enemies":"2 Fungi Beasts","floor":12,"turns":3},{"damage":8,"enemies":"Large Slime","floor":14,"turns":3},{"damage":29,"enemies":"Hexaghost","floor":16,"turns":12},{"damage":47,"enemies":"Shell Parasite","floor":18,"turns":7},{"damage":0,"enemies":"3 Byrds","floor":19,"turns":1}],"seed_played":"-3047179950757733338","potions_obtained":[{"floor":7,"key":"GamblersBrew"},{"floor":11,"key":"Poison Potion"},{"floor":14,"key":"Explosive Potion"},{"floor":18,"key":"FearPotion"}],"is_trial":false,"path_per_floor":["M","?","?","$","M","R","E","R","T","R","M","M","$","M","R","B",null,"M"],"character_chosen":"THE_SILENT","items_purchased":["Backstab"],"campfire_rested":2,"item_purchase_floors":[13],"current_hp_per_floor":[60,65,58,58,56,56,19,41,41,41,39,38,38,30,52,27,63,20,20],"gold":153,"neow_bonus":"THREE_RARE_CARDS","is_prod":false,"is_daily":false,"chose_seed":false,"campfire_upgraded":1,"win_rate":0,"timestamp":1540226975,"path_taken":["M","?","?","?","?","R","E","R","T","R","M","M","$","M","R","BOSS","M","M"],"build_version":"2018-10-18","purchased_purges":0,"victory":false,"max_hp_per_floor":[70,75,75,75,75,75,75,75,75,75,75,75,75,75,75,75,75,75,75],"card_choices":[{"not_picked":["Malaise","Night Terror"],"picked":"Phantasmal Killer","floor":0},{"not_picked":["Heel Hook","Sucker Punch"],"picked":"Slice","floor":1},{"not_picked":["Dagger Throw","Flechettes"],"picked":"Noxious Fumes","floor":5},{"not_picked":["Accuracy","Acrobatics"],"picked":"Predator","floor":7},{"not_picked":["Bouncing Flask","Underhanded Strike"],"picked":"Backflip","floor":11},{"not_picked":["Acrobatics","Bane"],"picked":"Deadly Poison","floor":12},{"not_picked":["Deflect","Dagger Spray"],"picked":"Envenom","floor":14},{"not_picked":["Die Die Die","Corpse Explosion"],"picked":"Adrenaline","floor":16},{"not_picked":["Deflect","Bane"],"picked":"Cloak And Dagger","floor":18}],"player_experience":832038,"relics_obtained":[{"floor":7,"key":"Shovel"},{"floor":9,"key":"Blue Candle"},{"floor":10,"key":"Bird Faced Urn"}],"event_choices":[{"damage_healed":0,"gold_gain":0,"player_choice":"Donut","damage_taken":0,"max_hp_gain":5,"max_hp_loss":0,"event_name":"Big Fish","floor":2,"gold_loss":0},{"cards_removed":["Strike_G"],"damage_healed":0,"gold_gain":0,"player_choice":"Card Removal","damage_taken":7,"max_hp_gain":0,"max_hp_loss":0,"event_name":"Golden Wing","floor":3,"gold_loss":0}],"is_beta":false,"boss_relics":[{"not_picked":["Coffee Dripper","Runic Dome"],"picked":"HoveringKite"}],"items_purged_floors":[],"is_endless":false,"potions_floor_spawned":[7,11,14,18],"killed_by":"3 Byrds","ascension_level":8}