{"gold_per_floor":[114,114,114,114,127,158,158,184,184,212,177,211,222,241,241,339,339,358,358,358,358,372,397,409,450,489,501,513,525,187,202,202,297,297,316,10,59,77,77,77,105,105,129,229,229,81,91,91,91,91],"floor_reached":51,"playtime":4477,"items_purged":["Decay"],"score":919,"play_id":"c04b13ea-017a-492c-8df9-2f185bba07e8","local_time":"20181102203136","is_ascension_mode":true,"campfire_choices":[{"data":"Zap","floor":7.0,"key":"SMITH"},{"data":"Streamline","floor":15.0,"key":"SMITH"},{"floor":24.0,"key":"REST"},{"floor":29.0,"key":"REST"},{"floor":32.0,"key":"REST"},{"floor":40.0,"key":"REST"},{"floor":42.0,"key":"REST"},{"data":"Dualcast","floor":49.0,"key":"SMITH"}],"neow_cost":"NONE","seed_source_timestamp":0,"circlet_count":0,"master_deck":["Strike_B+1","Strike_B+1","Defend_B+1","Defend_B+1","Defend_B+1","Defend_B+1","Zap+1","Dualcast+1","Gash+1","Cold Snap","Redo+1","Streamline+1","BootSequence+1","Turbo+1","Rainbow+1","Compile Driver+1","Cold Snap","Ball Lightning+1","Beam Cell+1","Defragment","Go for the Eyes","Loop","Reboot+1","Decay","Injury","Parasite","Sweeping Beam+1","Redo+1","Gash+1","Glacier+1","Streamline","Capacitor+1","Writhe"],"special_seed":0,"relics":["Cracked Core","NeowsBlessing","Dead Branch","Toxic Egg 2","Pocketwatch","Cables","Bottled Flame","Empty Cage","MawBank","Kunai","Orichalcum","Blood Vial","Calling Bell","Happy Flower","Dodecahedron","Bird Faced Urn","Thread and Needle","Unceasing Top","Bag of Marbles","PreservedInsect","Turnip","Boot"],"potions_floor_usage":[50],"damage_taken":[{"damage":0.0,"enemies":"Small Slimes","floor":1.0,"turns":1.0},{"damage":0.0,"enemies":"Cultist","floor":5.0,"turns":1.0},{"damage":0.0,"enemies":"Lagavulin","floor":6.0,"turns":2.0},{"damage":26.0,"enemies":"3 Sentries","floor":8.0,"turns":6.0},{"damage":22.0,"enemies":"Gremlin Nob","floor":10.0,"turns":4.0},{"damage":1.0,"enemies":"3 Sentries","floor":12.0,"turns":6.0},{"damage":0.0,"enemies":"2 Louse","floor":13.0,"turns":1.0},{"damage":0.0,"enemies":"Exordium Wildlife","floor":14.0,"turns":3.0},{"damage":19.0,"enemies":"Hexaghost","floor":16.0,"turns":9.0},{"damage":7.0,"enemies":"Shell Parasite","floor":18.0,"turns":4.0},{"damage":0.0,"enemies":"Chosen","floor":22.0,"turns":3.0},{"damage":27.0,"enemies":"Book of Stabbing","floor":23.0,"turns":5.0},{"damage":31.0,"enemies":"Gremlin Leader","floor":25.0,"turns":6.0},{"damage":8.0,"enemies":"Shelled Parasite and Fungi","floor":31.0,"turns":3.0},{"damage":15.0,"enemies":"Automaton","floor":33.0,"turns":7.0},{"damage":24.0,"enemies":"3 Darklings","floor":35.0,"turns":6.0},{"damage":56.0,"enemies":"2 Orb Walkers","floor":37.0,"turns":5.0},{"damage":0.0,"enemies":"Orb Walker","floor":38.0,"turns":3.0},{"damage":0.0,"enemies":"Giant Head","floor":41.0,"turns":5.0},{"damage":0.0,"enemies":"Mind Bloom Boss Battle","floor":44.0,"turns":6.0},{"damage":17.0,"enemies":"Jaw Worm Horde","floor":47.0,"turns":4.0},{"damage":71,"enemies":"Donu and Deca","floor":50,"turns":11}],"seed_played":"9182289021775195807","potions_obtained":[{"floor":5.0,"key":"AttackPotion"},{"floor":6.0,"key":"LiquidBronze"},{"floor":8.0,"key":"SkillPotion"},{"floor":13.0,"key":"AttackPotion"},{"floor":14.0,"key":"SkillPotion"},{"floor":23.0,"key":"Strength Potion"},{"floor":31.0,"key":"FocusPotion"},{"floor":37.0,"key":"Strength Potion"},{"floor":44.0,"key":"Strength Potion"}],"is_trial":false,"path_per_floor":["M","?","?","$","M","E","R","E","T","E","?","E","M","M","R","B",null,"M","?","?","?","M","E","R","E","T","$","?","R","$","M","R","B",null,"M","$","?","M","?","R","E","R","T","?","?","$","M","?","R","B",null],"character_chosen":"DEFECT","items_purchased":["Defragment","Go for the Eyes","Blood Vial","Thread and Needle","Boot"],"campfire_rested":5,"item_purchase_floors":[30,30,30,36,46],"current_hp_per_floor":[75,80,80,80,80,80,80,54,54,32,52,51,51,51,51,32,68,61,61,61,61,61,34,58,27,27,27,27,51,51,45,69,56,74,58,58,10,12,12,36,42,66,66,72,72,72,59,79,79,17],"gold":91,"neow_bonus":"THREE_ENEMY_KILL","is_prod":false,"is_daily":false,"chose_seed":false,"campfire_upgraded":3,"win_rate":0,"timestamp":1541208696,"path_taken":["M","?","?","$","?","E","R","E","T","E","?","E","M","M","R","BOSS","M","?","?","?","M","E","R","E","T","$","?","R","$","M","R","BOSS","M","$","?","M","?","R","E","R","T","?","?","$","M","?","R","BOSS"],"build_version":"2018-11-01","purchased_purges":1,"victory":true,"max_hp_per_floor":[75,80,80,80,80,80,80,80,80,80,80,80,80,80,80,80,80,80,80,80,80,80,80,80,80,80,80,80,80,80,80,80,80,80,80,80,80,80,80,80,80,80,80,80,80,80,80,80,80,80],"card_choices":[{"not_picked":["Conserve Battery","Sweeping Beam"],"picked":"Gash","floor":1.0},{"not_picked":["Reprogram","Hello World","Blizzard"],"picked":"SKIP","floor":5.0},{"not_picked":["Aggregate","Double Energy"],"picked":"Cold Snap","floor":6.0},{"not_picked":["Sweeping Beam","White Noise"],"picked":"Defragment","floor":8.0},{"not_picked":["Undo+1","Machine Learning"],"picked":"Redo+1","floor":10.0},{"not_picked":["Stack+1","Steam+1"],"picked":"Streamline","floor":12.0},{"not_picked":["Stack+1","Steam+1"],"picked":"BootSequence+1","floor":13.0},{"not_picked":["Reinforced Body+1","Rebound"],"picked":"Turbo+1","floor":14.0},{"not_picked":["Thunder Strike","Machine Learning"],"picked":"Rainbow+1","floor":16.0},{"not_picked":["Storm","Barrage+1"],"picked":"Compile Driver+1","floor":18.0},{"not_picked":["Force Field+1","Reinforced Body+1"],"picked":"Cold Snap","floor":22.0},{"not_picked":["Leap+1","Capacitor+1"],"picked":"Ball Lightning+1","floor":23.0},{"not_picked":["Stack+1","Sunder"],"picked":"Beam Cell+1","floor":25.0},{"not_picked":["Reinforced Body+1","Compile Driver"],"picked":"Loop","floor":31.0},{"not_picked":["Machine Learning","Amplify+1"],"picked":"Reboot+1","floor":33.0},{"not_picked":["White Noise+1","Heatsinks"],"picked":"Sweeping Beam+1","floor":35.0},{"not_picked":["Stack+1","Turbo+1"],"picked":"Redo+1","floor":37.0},{"not_picked":["Go for the Eyes","Darkness+1"],"picked":"Gash+1","floor":38.0},{"not_picked":["Thunder Strike","Barrage+1"],"picked":"Glacier+1","floor":41.0},{"not_picked":["Ball Lightning","Lockon+1"],"picked":"Streamline","floor":44.0},{"not_picked":["Aggregate+1","Go for the Eyes+1"],"picked":"Capacitor+1","floor":47.0}],"player_experience":915231,"relics_obtained":[{"floor":6.0,"key":"Dead Branch"},{"floor":8.0,"key":"Toxic Egg 2"},{"floor":9.0,"key":"Pocketwatch"},{"floor":10.0,"key":"Cables"},{"floor":12.0,"key":"Bottled Flame"},{"floor":23.0,"key":"MawBank"},{"floor":25.0,"key":"Kunai"},{"floor":26.0,"key":"Orichalcum"},{"floor":34.0,"key":"Happy Flower"},{"floor":34.0,"key":"Dodecahedron"},{"floor":34.0,"key":"Bird Faced Urn"},{"floor":37.0,"key":"Unceasing Top"},{"floor":41.0,"key":"Bag of Marbles"},{"floor":43.0,"key":"PreservedInsect"},{"floor":44.0,"key":"Turnip"}],"event_choices":[{"damage_healed":0.0,"max_hp_gain":5.0,"max_hp_loss":0.0,"gold_gain":0.0,"event_name":"Big Fish","player_choice":"Donut","floor":2.0,"gold_loss":0.0,"damage_taken":0.0},{"damage_healed":0.0,"max_hp_gain":0.0,"max_hp_loss":0.0,"gold_gain":0.0,"event_name":"Accursed Blacksmith","player_choice":"Forge","floor":3.0,"gold_loss":0.0,"damage_taken":0.0,"cards_upgraded":["Gash"]},{"damage_healed":20.0,"max_hp_gain":0.0,"max_hp_loss":0.0,"gold_gain":0.0,"event_name":"The Cleric","player_choice":"Healed","floor":11.0,"gold_loss":35.0,"damage_taken":0.0},{"damage_healed":0.0,"max_hp_gain":0.0,"max_hp_loss":0.0,"gold_gain":0.0,"event_name":"Vampires","player_choice":"Ignored","floor":19.0,"gold_loss":0.0,"damage_taken":0.0},{"damage_healed":0.0,"max_hp_gain":0.0,"max_hp_loss":0.0,"gold_gain":0.0,"event_name":"Ghosts","player_choice":"Ignored","floor":20.0,"gold_loss":0.0,"damage_taken":0.0},{"damage_healed":0.0,"max_hp_gain":0.0,"max_hp_loss":0.0,"gold_gain":0.0,"event_name":"Back to Basics","player_choice":"Simplicity","floor":21.0,"gold_loss":0.0,"damage_taken":0.0,"cards_upgraded":["Strike_B","Strike_B","Defend_B","Defend_B","Defend_B","Defend_B"]},{"damage_healed":0.0,"max_hp_gain":0.0,"max_hp_loss":0.0,"gold_gain":0.0,"event_name":"Forgotten Altar","player_choice":"Smashed Altar","floor":28.0,"gold_loss":0.0,"damage_taken":0.0,"cards_obtained":["Decay"]},{"damage_healed":0.0,"max_hp_gain":0.0,"max_hp_loss":0.0,"gold_gain":0.0,"event_name":"Mysterious Sphere","player_choice":"Fight","floor":37.0,"gold_loss":0.0,"damage_taken":0.0},{"cards_removed":["Defragment"],"damage_healed":0.0,"max_hp_gain":0.0,"max_hp_loss":0.0,"gold_gain":0.0,"event_name":"Falling","player_choice":"Removed Power","floor":39.0,"gold_loss":0.0,"damage_taken":0.0},{"damage_healed":0.0,"max_hp_gain":0.0,"max_hp_loss":0.0,"gold_gain":0.0,"event_name":"MindBloom","player_choice":"Fight","floor":44.0,"gold_loss":0.0,"damage_taken":0.0},{"damage_healed":0.0,"max_hp_gain":0.0,"max_hp_loss":0.0,"gold_gain":0.0,"event_name":"Tomb of Lord Red Mask","player_choice":"Ignored","floor":45.0,"gold_loss":0.0,"damage_taken":0.0},{"damage_healed":20.0,"max_hp_gain":0.0,"max_hp_loss":0.0,"gold_gain":0.0,"event_name":"Winding Halls","player_choice":"Writhe","floor":48.0,"gold_loss":0.0,"damage_taken":0.0,"cards_obtained":["Writhe"]}],"is_beta":false,"boss_relics":[{"not_picked":["Pandora\u0027s Box","Velvet Choker"],"picked":"Empty Cage"},{"not_picked":["Astrolabe","Runic Dome"],"picked":"Calling Bell"}],"items_purged_floors":[30],"is_endless":false,"potions_floor_spawned":[5,6,8,13,14,23,31,37,44],"ascension_level":5}