{"gold_per_floor":[112,131,146,160,170,170,170,196,270,270,69,69,69,89,89,186,186,205,205,221,221,239,239,16,26,26,26,26,26],"floor_reached":29,"playtime":1587,"items_purged":["Defend_G"],"score":281,"play_id":"8b1c7683-4546-4bf2-b101-d62d3a47aa95","local_time":"20190627130354","is_ascension_mode":true,"campfire_choices":[{"floor":6,"key":"REST"},{"floor":10,"key":"REST"},{"floor":13,"key":"REST"},{"floor":15,"key":"RECALL"},{"floor":23,"key":"REST"},{"floor":28,"key":"REST"}],"neow_cost":"NONE","seed_source_timestamp":1040358686174400,"circlet_count":0,"master_deck":["Defend_G","Defend_G","Defend_G","Defend_G","Strike_G","Strike_G","Strike_G","Strike_G","Strike_G","Survivor","Neutralize","Endless Agony","Blade Dance","Cloak And Dagger","Noxious Fumes+1","Prepared","Flying Knee","Neutralize","Swift Strike","All Out Attack","A Thousand Cuts","Prepared","Accuracy","Cloak And Dagger","Quick Slash"],"relics":["NeowsBlessing","Anchor","TwistedFunnel","Philosopher\u0027s Stone","Pear","Snake Skull","Gremlin Horn","Nloth\u0027s Gift"],"potions_floor_usage":[4,5,16,20,22],"damage_taken":[{"damage":0,"enemies":"2 Louse","floor":1,"turns":1},{"damage":0,"enemies":"Cultist","floor":2,"turns":1},{"damage":0,"enemies":"Small Slimes","floor":3,"turns":1},{"damage":13,"enemies":"Exordium Wildlife","floor":4,"turns":7},{"damage":15,"enemies":"Exordium Thugs","floor":5,"turns":3},{"damage":43,"enemies":"Gremlin Nob","floor":8,"turns":5},{"damage":0,"enemies":"Blue Slaver","floor":14,"turns":3},{"damage":30,"enemies":"Slime Boss","floor":16,"turns":10},{"damage":16,"enemies":"3 Byrds","floor":18,"turns":4},{"damage":13,"enemies":"Chosen","floor":20,"turns":5},{"damage":43,"enemies":"Centurion and Healer","floor":22,"turns":6},{"damage":39,"enemies":"Shelled Parasite and Fungi","floor":25,"turns":5},{"damage":41,"enemies":"Sentry and Sphere","floor":29,"turns":5}],"seed_played":"-4377312129580700239","potions_obtained":[{"floor":1,"key":"Fire Potion"},{"floor":3,"key":"SteroidPotion"},{"floor":8,"key":"Dexterity Potion"},{"floor":16,"key":"FearPotion"},{"floor":18,"key":"EssenceOfSteel"}],"is_trial":false,"path_per_floor":["M","M","M","M","M","R","?","E","T","R","$","?","R","M","R","B",null,"M","T","M","?","M","R","$","M","T","?","R","M"],"character_chosen":"THE_SILENT","items_purchased":["TwistedFunnel","Snake Skull"],"campfire_rested":5,"item_purchase_floors":[11,24],"current_hp_per_floor":[70,70,70,57,42,63,63,20,20,41,41,41,62,62,62,32,61,45,55,42,68,25,49,49,10,10,10,34,0],"gold":26,"neow_bonus":"THREE_ENEMY_KILL","is_prod":false,"is_daily":false,"chose_seed":false,"campfire_upgraded":0,"win_rate":0,"timestamp":1561665834,"path_taken":["M","M","M","M","M","R","?","E","T","R","?","?","R","?","R","BOSS","M","?","M","?","M","R","?","?","T","?","R","M"],"build_version":"2019-01-23","purchased_purges":1,"victory":false,"max_hp_per_floor":[70,70,70,70,70,70,70,70,70,70,70,70,70,70,70,70,70,70,80,80,80,80,80,80,80,80,80,80,80],"card_choices":[{"not_picked":["Expertise","Dodge and Roll"],"picked":"Endless Agony","floor":1},{"not_picked":["Slice","Dodge and Roll"],"picked":"Blade Dance","floor":2},{"not_picked":["Dash","Bane"],"picked":"Cloak And Dagger","floor":3},{"not_picked":["Endless Agony","Dagger Throw"],"picked":"Noxious Fumes","floor":4},{"not_picked":["Bane","Caltrops"],"picked":"Prepared","floor":5},{"not_picked":["Malaise","Eviscerate","Setup"],"picked":"SKIP","floor":8},{"not_picked":["Tactician","Flying Knee"],"picked":"All Out Attack","floor":14},{"not_picked":["Glass Knife","Malaise"],"picked":"A Thousand Cuts","floor":16},{"not_picked":["Skewer","Eviscerate+1"],"picked":"Prepared","floor":18},{"not_picked":["Deflect+1","Caltrops"],"picked":"Accuracy","floor":20},{"not_picked":["Underhanded Strike","Deflect"],"picked":"Cloak And Dagger","floor":22},{"not_picked":["Well Laid Plans","Catalyst"],"picked":"Quick Slash","floor":25}],"player_experience":569158,"relics_obtained":[{"floor":8,"key":"Anchor"},{"floor":19,"key":"Pear"},{"floor":26,"key":"Gremlin Horn"}],"event_choices":[{"damage_healed":0,"gold_gain":0,"player_choice":"Forge","damage_taken":0,"max_hp_gain":0,"max_hp_loss":0,"event_name":"Accursed Blacksmith","floor":7,"gold_loss":0,"cards_upgraded":["Noxious Fumes"]},{"damage_healed":0,"gold_gain":0,"player_choice":"3 cards matched","damage_taken":0,"max_hp_gain":0,"max_hp_loss":0,"event_name":"Match and Keep!","floor":12,"gold_loss":0,"cards_obtained":["Flying Knee","Neutralize","Swift Strike"]},{"damage_healed":26,"gold_gain":0,"player_choice":"Heal","damage_taken":0,"max_hp_gain":0,"max_hp_loss":0,"event_name":"The Library","floor":21,"gold_loss":0},{"damage_healed":0,"gold_gain":0,"player_choice":"Traded Relic","damage_taken":0,"relics_obtained":["Nloth\u0027s Gift"],"max_hp_gain":0,"max_hp_loss":0,"event_name":"N\u0027loth","floor":27,"relics_lost":["Ring of the Snake"],"gold_loss":0}],"is_beta":false,"boss_relics":[{"not_picked":["Busted Crown","Eternal Feather"],"picked":"Philosopher\u0027s Stone"}],"items_purged_floors":[24],"is_endless":false,"potions_floor_spawned":[1,3,8,16,18],"killed_by":"Sentry and Sphere","ascension_level":5}