{"gold_per_floor":[119,119,69,244,194,219,29,58,58,68,68,94,94,111,111,216,216,233,233,249,260,275,275,289,318,342,342,359,372,372,398,398,398],"floor_reached":33,"playtime":2087,"items_purged":[],"score":456,"play_id":"c532221a-9792-4778-b05f-58d972024bec","local_time":"20181031183430","is_ascension_mode":true,"campfire_choices":[{"data":"Pommel Strike","floor":11,"key":"SMITH"},{"floor":13,"key":"REST"},{"data":"Strike_R","floor":15,"key":"PURGE"},{"floor":23,"key":"REST"},{"floor":27,"key":"REST"},{"floor":32,"key":"REST"}],"neow_cost":"NONE","seed_source_timestamp":111582084852023,"circlet_count":0,"master_deck":["Strike_R","Strike_R","Strike_R","Strike_R","Defend_R","Defend_R","Defend_R","Defend_R","Bash","Cleave","Pommel Strike+1","Shrug It Off","Uppercut","Double Tap","Anger","Flex","Inflame","Bludgeon","Seeing Red+1","Intimidate","Flex","Warcry+1","Dropkick","Immolate","Inflame","Power Through","Shame","Limit Break"],"relics":["Black Blood","NeowsBlessing","PreservedInsect","Mercury Hourglass","Oddly Smooth Stone","Unceasing Top","Meat on the Bone","Peace Pipe","Dodecahedron","Strawberry","Question Card","Bottled Flame"],"potions_floor_usage":[18,20,20,21,24,29,33],"damage_taken":[{"damage":0,"enemies":"2 Louse","floor":1,"turns":1},{"damage":0,"enemies":"Lagavulin","floor":6,"turns":1},{"damage":0,"enemies":"Gremlin Nob","floor":8,"turns":1},{"damage":1,"enemies":"Small Slimes","floor":10,"turns":3},{"damage":25,"enemies":"Lagavulin","floor":12,"turns":4},{"damage":6,"enemies":"Cultist","floor":14,"turns":3},{"damage":60,"enemies":"Hexaghost","floor":16,"turns":9},{"damage":30,"enemies":"Shell Parasite","floor":18,"turns":4},{"damage":0,"enemies":"Spheric Guardian","floor":20,"turns":2},{"damage":7,"enemies":"Snecko","floor":21,"turns":4},{"damage":25,"enemies":"Sentry and Sphere","floor":22,"turns":4},{"damage":0,"enemies":"Snake Plant","floor":24,"turns":3},{"damage":34,"enemies":"Book of Stabbing","floor":25,"turns":3},{"damage":24,"enemies":"Cultist and Chosen","floor":28,"turns":5},{"damage":29,"enemies":"Centurion and Healer","floor":29,"turns":5},{"damage":0,"enemies":"Gremlin Leader","floor":31,"turns":3},{"damage":98,"enemies":"Automaton","floor":33,"turns":6}],"seed_played":"-2147081020931880306","potions_obtained":[{"floor":1,"key":"GamblersBrew"},{"floor":10,"key":"Ancient Potion"},{"floor":16,"key":"FearPotion"},{"floor":18,"key":"Fire Potion"},{"floor":22,"key":"Fire Potion"},{"floor":28,"key":"PowerPotion"},{"floor":31,"key":"Energy Potion"}],"is_trial":false,"path_per_floor":["M","?","$","?","?","E","$","E","T","M","R","E","R","M","R","B",null,"M","?","M","M","M","R","M","E","T","R","M","M","?","E","R"],"character_chosen":"IRONCLAD","items_purchased":["Pommel Strike","Oddly Smooth Stone","Uppercut"],"campfire_rested":4,"item_purchase_floors":[3,7,7],"current_hp_per_floor":[80,73,73,73,73,79,79,80,80,80,80,61,80,80,80,38,80,60,45,55,58,55,80,85,61,68,92,78,59,59,69,92,0],"gold":398,"neow_bonus":"THREE_ENEMY_KILL","is_prod":false,"is_daily":false,"chose_seed":false,"campfire_upgraded":1,"win_rate":0,"timestamp":1541036070,"path_taken":["M","?","$","?","?","E","$","E","T","M","R","E","R","M","R","BOSS","M","?","?","M","M","R","M","E","T","R","M","M","?","E","R","BOSS"],"build_version":"2018-10-25v2","purchased_purges":0,"victory":false,"max_hp_per_floor":[80,80,80,80,80,80,80,80,80,80,80,80,80,80,80,80,80,80,85,85,85,85,85,85,85,92,92,92,92,92,92,92,92],"card_choices":[{"not_picked":["Corruption","Armaments"],"picked":"Cleave","floor":1},{"not_picked":["Clash","Anger"],"picked":"Shrug It Off","floor":6},{"not_picked":["Perfected Strike","Dual Wield"],"picked":"Double Tap","floor":8},{"not_picked":["Rampage","Headbutt"],"picked":"Anger","floor":10},{"not_picked":["Battle Trance","Fiend Fire"],"picked":"Flex","floor":12},{"not_picked":["Clash","Havoc"],"picked":"Inflame","floor":14},{"not_picked":["Juggernaut","Double Tap"],"picked":"Bludgeon","floor":16},{"not_picked":["Anger","Armaments"],"picked":"Seeing Red+1","floor":18},{"not_picked":["Shrug It Off","Headbutt"],"picked":"Intimidate","floor":20},{"not_picked":["Headbutt","Corruption+1"],"picked":"Flex","floor":21},{"not_picked":["Searing Blow+1","Shockwave"],"picked":"Warcry+1","floor":22},{"not_picked":["Bloodletting","Blood for Blood"],"picked":"Dropkick","floor":24},{"not_picked":["Spot Weakness","Sword Boomerang"],"picked":"Immolate","floor":25},{"not_picked":["Body Slam+1","Fire Breathing"],"picked":"Inflame","floor":28},{"not_picked":["Twin Strike","Reckless Charge"],"picked":"Power Through","floor":29},{"not_picked":["Combust","Cleave","Armaments+1"],"picked":"Limit Break","floor":31}],"player_experience":459917,"relics_obtained":[{"floor":6,"key":"Mercury Hourglass"},{"floor":8,"key":"Unceasing Top"},{"floor":9,"key":"Meat on the Bone"},{"floor":12,"key":"Peace Pipe"},{"floor":25,"key":"Dodecahedron"},{"floor":26,"key":"Strawberry"},{"floor":31,"key":"Bottled Flame"}],"event_choices":[{"damage_healed":0,"gold_gain":0,"player_choice":"Success","damage_taken":7,"relics_obtained":["PreservedInsect"],"max_hp_gain":0,"max_hp_loss":0,"event_name":"Scrap Ooze","floor":2,"gold_loss":0},{"damage_healed":0,"gold_gain":175,"player_choice":"AGREE","damage_taken":0,"max_hp_gain":0,"max_hp_loss":0,"event_name":"Liars Game","floor":4,"gold_loss":0,"cards_obtained":["Doubt"]},{"cards_removed":["Doubt"],"damage_healed":0,"gold_gain":0,"player_choice":"Card Removal","damage_taken":0,"max_hp_gain":0,"max_hp_loss":0,"event_name":"The Cleric","floor":5,"gold_loss":50},{"damage_healed":0,"gold_gain":0,"player_choice":"Shed Blood","damage_taken":20,"max_hp_gain":5,"max_hp_loss":0,"event_name":"Forgotten Altar","floor":19,"gold_loss":0},{"damage_healed":0,"gold_gain":0,"player_choice":"Stole Relic","damage_taken":0,"relics_obtained":["Question Card"],"max_hp_gain":0,"max_hp_loss":0,"event_name":"Addict","floor":30,"gold_loss":0,"cards_obtained":["Shame"]}],"is_beta":false,"boss_relics":[{"not_picked":["Runic Dome","Snecko Eye"],"picked":"Black Blood"}],"items_purged_floors":[],"is_endless":false,"potions_floor_spawned":[1,10,16,18,22,28,31],"killed_by":"Automaton","ascension_level":4}