{"gold_per_floor":[114,129,139,99,24,24,43,76,152,177,202,221,43,63,63,158,158,177,177,100,150,150,150,162,178,178,178,194,208,208,208,208,311,311,324,324,47,47,47,47],"floor_reached":40,"playtime":3755,"items_purged":["Strike_R","Defend_R","Writhe"],"score":544,"play_id":"1d83ccea-1122-4b91-b3f3-212df537fa4b","local_time":"20180705110825","is_ascension_mode":false,"campfire_choices":[{"data":"Body Slam","floor":6,"key":"SMITH"},{"floor":15,"key":"REST"},{"data":"Infernal Blade","floor":23,"key":"SMITH"},{"floor":27,"key":"REST"},{"floor":30,"key":"REST"},{"data":"Searing Blow","floor":32,"key":"SMITH"}],"neow_cost":"NONE","seed_source_timestamp":757437751862256,"circlet_count":0,"master_deck":["Strike_R","Strike_R","Strike_R","Strike_R+1","Defend_R","Defend_R","Defend_R","Bash","Body Slam+1","Searing Blow+1","Inflame","Infernal Blade+1","Heavy Blade","Heavy Blade","Whirlwind+1","Bludgeon","Bludgeon","Anger","J.A.X.","Whirlwind+1","Iron Wave","Anger+1","Shrug It Off+1","Clothesline+1"],"relics":["Burning Blood","Torii","Gremlin Horn","Potion Belt","Odd Mushroom","Busted Crown","Calipers","Bronze Scales","Orrery","Singing Bowl","Ginger"],"potions_floor_usage":[8,8,11,16,16,16,28,33,33,40],"damage_taken":[{"damage":1,"enemies":"Cultist","floor":1,"turns":3},{"damage":10,"enemies":"Jaw Worm","floor":2,"turns":5},{"damage":0,"enemies":"Small Slimes","floor":3,"turns":3},{"damage":12,"enemies":"3 Louse","floor":7,"turns":4},{"damage":35,"enemies":"Lagavulin","floor":8,"turns":8},{"damage":19,"enemies":"3 Sentries","floor":10,"turns":6},{"damage":15,"floor":11,"turns":4},{"damage":1,"enemies":"Looter","floor":12,"turns":3},{"damage":13,"enemies":"Red Slaver","floor":14,"turns":2},{"damage":52,"enemies":"Hexaghost","floor":16,"turns":10},{"damage":0,"enemies":"3 Byrds","floor":18,"turns":4},{"damage":22,"enemies":"Shell Parasite","floor":24,"turns":3},{"damage":42,"enemies":"Snake Plant","floor":25,"turns":3},{"damage":18,"enemies":"Centurion and Healer","floor":28,"turns":3},{"damage":3,"enemies":"Snecko","floor":29,"turns":2},{"damage":55,"enemies":"Collector","floor":33,"turns":9},{"damage":27,"enemies":"3 Darklings","floor":35,"turns":3},{"damage":21,"floor":39,"turns":7},{"damage":65,"enemies":"Nemesis","floor":40,"turns":5}],"seed_played":"2066723431782775213","potions_obtained":[{"floor":1,"key":"Swift Potion"},{"floor":3,"key":"Weak Potion"},{"floor":4,"key":"BloodPotion"},{"floor":10,"key":"SteroidPotion"},{"floor":12,"key":"PowerPotion"},{"floor":14,"key":"GamblersBrew"},{"floor":24,"key":"Poison Potion"},{"floor":25,"key":"SkillPotion"},{"floor":29,"key":"LiquidBronze"},{"floor":39,"key":"LiquidBronze"}],"is_trial":false,"path_per_floor":["M","M","M","?","$","R","M","E","T","E","?","M","$","M","R","B",null,"M","?","?","?","?","R","M","M","T","R","M","M","R","T","R","B",null,"M","?","$","?","?"],"character_chosen":"IRONCLAD","items_purchased":["Whirlwind","Singing Bowl"],"campfire_rested":3,"item_purchase_floors":[13,37],"current_hp_per_floor":[80,76,80,80,80,80,74,53,53,40,31,36,36,29,53,7,80,80,80,80,80,80,80,64,28,28,52,40,43,67,67,67,18,80,59,79,79,78,65,0],"gold":47,"neow_bonus":"UPGRADE_CARD","is_prod":false,"is_daily":false,"chose_seed":false,"campfire_upgraded":3,"win_rate":0,"timestamp":1530806905,"path_taken":["M","?","M","?","$","R","M","E","T","E","?","?","$","M","R","BOSS","M","?","?","?","?","R","M","?","T","R","M","M","R","?","R","BOSS","M","?","$","?","?","E"],"build_version":"2018-06-28","purchased_purges":3,"victory":false,"max_hp_per_floor":[80,80,80,80,80,80,80,80,80,80,80,80,80,80,80,80,80,80,80,80,80,80,80,80,80,80,80,80,80,80,80,80,80,80,80,80,80,84,86,86],"card_choices":[{"not_picked":["Metallicize","Entrench"],"picked":"Body Slam","floor":1},{"not_picked":["Twin Strike","Whirlwind"],"picked":"Searing Blow","floor":2},{"not_picked":["Flame Barrier","Warcry"],"picked":"Inflame","floor":3},{"not_picked":["Clash","Anger"],"picked":"Infernal Blade","floor":7},{"not_picked":["Rupture","Armaments","Sword Boomerang"],"picked":"SKIP","floor":8},{"not_picked":["Shockwave","Clothesline"],"picked":"Heavy Blade","floor":10},{"not_picked":["Clothesline","Thunderclap"],"picked":"Heavy Blade","floor":11},{"not_picked":["Sever Soul","Corruption","Burning Pact"],"picked":"SKIP","floor":12},{"not_picked":["Disarm","Power Through"],"picked":"Bludgeon","floor":14},{"not_picked":["Exhume","Feed"],"picked":"Bludgeon","floor":16},{"not_picked":[],"picked":"Anger","floor":18},{"not_picked":["Infernal Blade"],"picked":"SKIP","floor":24},{"not_picked":[],"picked":"Iron Wave","floor":25},{"not_picked":[],"picked":"Anger+1","floor":28},{"not_picked":["Reckless Charge"],"picked":"SKIP","floor":29},{"not_picked":[],"picked":"Shrug It Off+1","floor":34},{"not_picked":[],"picked":"Clothesline+1","floor":34},{"not_picked":["True Grit"],"picked":"SKIP","floor":35},{"not_picked":["Sadistic Nature"],"picked":"Singing Bowl","floor":38},{"not_picked":["Secret Technique"],"picked":"Singing Bowl","floor":38},{"not_picked":["Clothesline"],"picked":"Singing Bowl","floor":39}],"player_experience":87428,"relics_obtained":[{"floor":8,"key":"Torii"},{"floor":9,"key":"Gremlin Horn"},{"floor":10,"key":"Potion Belt"},{"floor":11,"key":"Odd Mushroom"},{"floor":26,"key":"Calipers"},{"floor":31,"key":"Bronze Scales"},{"floor":39,"key":"Ginger"}],"event_choices":[{"event_name":"The Woman in Blue","player_choice":"Bought 3 Potions","floor":4,"damage_taken":0},{"event_name":"Mushrooms","player_choice":"Fought Mushrooms","floor":11,"damage_taken":0},{"event_name":"Upgrade Shrine","player_choice":"Upgraded","floor":19,"damage_taken":0},{"event_name":"Drug Dealer","player_choice":"Got JAXXED","floor":20,"damage_taken":0},{"event_name":"The Joust","player_choice":"Bet on Murderer","floor":21,"damage_taken":0},{"event_name":"Duplicator","player_choice":"One dupe","floor":22,"damage_taken":0},{"event_name":"Winding Halls","player_choice":"Writhe","floor":36,"damage_taken":0},{"event_name":"SensoryStone","player_choice":"Memory 2","floor":38,"damage_taken":0},{"event_name":"MindBloom","player_choice":"Fight","floor":39,"damage_taken":0}],"boss_relics":[{"not_picked":["Runic Dome","Philosopher\u0027s Stone"],"picked":"Busted Crown"},{"not_picked":["Black Star","Snecko Eye"],"picked":"Orrery"}],"items_purged_floors":[5,13,37],"is_endless":false,"potions_floor_spawned":[1,3,10,12,14,24,25,29,39],"killed_by":"Nemesis","ascension_level":0}