{"gold_per_floor":[114,130,140,315,334,334,115,132,132,159,175,201,214,214,214,309,309,324,324,324,26,45,77,77,57,131,162,162],"floor_reached":28,"playtime":1579,"items_purged":["Doubt"],"score":398,"play_id":"13d9d7d5-e0f0-4bb7-bf4e-ff43cd11808f","local_time":"20180909221211","is_ascension_mode":true,"campfire_choices":[{"data":"Perfected Strike","floor":6.0,"key":"SMITH"},{"data":"Perfected Strike","floor":15.0,"key":"SMITH"},{"floor":24,"key":"REST"}],"neow_cost":"NONE","seed_source_timestamp":0,"circlet_count":0,"master_deck":["Strike_R","Strike_R","Strike_R","Strike_R","Defend_R+1","Defend_R","Defend_R","Defend_R+1","Bash","Perfected Strike+1","Wild Strike","Reaper","Twin Strike","Perfected Strike+1","Cleave","Immolate","Twin Strike","Perfected Strike","Berserk+1","Dual Wield","Swift Strike","Perfected Strike+1","Uppercut","Barricade+1","Pommel Strike"],"special_seed":0,"relics":["Burning Blood","War Paint","Ancient Tea Set","Strawberry","Frozen Egg 2","Dead Branch","Eternal Feather","DollysMirror","Art of War","Matryoshka","Gremlin Horn"],"potions_floor_usage":[22],"damage_taken":[{"damage":1.0,"enemies":"Cultist","floor":1.0,"turns":3.0},{"damage":2.0,"enemies":"2 Louse","floor":2.0,"turns":3.0},{"damage":9.0,"enemies":"Jaw Worm","floor":3.0,"turns":3.0},{"damage":9.0,"enemies":"2 Fungi Beasts","floor":5.0,"turns":3.0},{"damage":7.0,"enemies":"Large Slime","floor":8.0,"turns":6.0},{"damage":32.0,"enemies":"Lagavulin","floor":10.0,"turns":4.0},{"damage":8.0,"enemies":"Exordium Wildlife","floor":11.0,"turns":3.0},{"damage":4.0,"enemies":"3 Sentries","floor":12.0,"turns":4.0},{"damage":0.0,"enemies":"Blue Slaver","floor":13.0,"turns":1.0},{"damage":40.0,"enemies":"Hexaghost","floor":16.0,"turns":6.0},{"damage":4.0,"enemies":"Chosen","floor":18.0,"turns":3.0},{"damage":15,"enemies":"3 Byrds","floor":22,"turns":3},{"damage":49,"enemies":"Slavers","floor":23,"turns":5},{"damage":47,"enemies":"Book of Stabbing","floor":27,"turns":4},{"damage":12,"enemies":"Cultist and Chosen","floor":28,"turns":2}],"seed_played":"-1541948433900711280","potions_obtained":[{"floor":3.0,"key":"Strength Potion"},{"floor":5.0,"key":"Swift Potion"},{"floor":10.0,"key":"Ancient Potion"},{"floor":12.0,"key":"Energy Potion"},{"floor":18.0,"key":"Dexterity Potion"},{"floor":25,"key":"Ancient Potion"}],"is_trial":false,"path_per_floor":["M","M","M","?","M","R","$","M","T","E","M","E","M","?","R","B",null,"M","?","?","$","M","E","R","?","T","E"],"character_chosen":"IRONCLAD","items_purchased":["War Paint","Swift Strike","DollysMirror"],"campfire_rested":1,"item_purchase_floors":[7,21,21],"current_hp_per_floor":[85,88,85,85,82,82,82,85,85,66,70,72,78,71,71,37,81,83,64,64,64,55,12,54,54,54,13,1],"gold":162,"neow_bonus":"TEN_PERCENT_HP_BONUS","is_prod":false,"is_daily":false,"chose_seed":false,"campfire_upgraded":2,"win_rate":0,"timestamp":1536549131,"path_taken":["M","M","?","?","M","R","$","M","T","E","M","E","M","?","R","BOSS","M","?","?","$","?","E","R","?","T","E","M"],"build_version":"2018-09-06","purchased_purges":1,"victory":false,"max_hp_per_floor":[88,88,88,88,88,88,88,88,88,95,95,95,95,95,95,95,95,95,100,100,100,100,100,100,100,100,100,100],"card_choices":[{"not_picked":["Warcry","Intimidate"],"picked":"Perfected Strike","floor":1.0},{"not_picked":["True Grit","Anger"],"picked":"Wild Strike","floor":2.0},{"not_picked":["Hemokinesis","Body Slam"],"picked":"Reaper","floor":3.0},{"not_picked":["Armaments","Bloodletting"],"picked":"Twin Strike","floor":5.0},{"not_picked":["Clothesline","Cleave"],"picked":"Perfected Strike","floor":8.0},{"not_picked":["Intimidate","Whirlwind"],"picked":"Cleave","floor":10.0},{"not_picked":["Warcry","Heavy Blade"],"picked":"Immolate","floor":11.0},{"not_picked":["Anger","Combust"],"picked":"Twin Strike","floor":12.0},{"not_picked":["Warcry","Heavy Blade"],"picked":"Perfected Strike","floor":13.0},{"not_picked":["Exhume","Brutality+1"],"picked":"Berserk+1","floor":16.0},{"not_picked":["Clothesline","Pummel+1"],"picked":"Dual Wield","floor":18.0},{"not_picked":["Armaments","Heavy Blade"],"picked":"Uppercut","floor":22},{"not_picked":["Sentinel","Flex"],"picked":"Barricade+1","floor":23},{"not_picked":["Inflame+1","Blood for Blood"],"picked":"Pommel Strike","floor":27}],"player_experience":575963,"relics_obtained":[{"floor":9.0,"key":"Ancient Tea Set"},{"floor":10.0,"key":"Strawberry"},{"floor":12.0,"key":"Frozen Egg 2"},{"floor":23,"key":"Art of War"},{"floor":26,"key":"Matryoshka"},{"floor":27,"key":"Gremlin Horn"}],"event_choices":[{"event_name":"Liars Game","player_choice":"agreed","floor":4.0,"damage_taken":0.0},{"event_name":"Scrap Ooze","player_choice":"success","floor":14.0,"damage_taken":7.0},{"event_name":"Forgotten Altar","player_choice":"Shed Blood","floor":19.0,"damage_taken":0.0},{"event_name":"Purifier","player_choice":"One Purge","floor":20.0,"damage_taken":0.0},{"event_name":"The Woman in Blue","player_choice":"Bought 1 Potion","floor":25,"damage_taken":0}],"is_beta":false,"boss_relics":[{"not_picked":["Philosopher\u0027s Stone","White Beast Statue"],"picked":"Eternal Feather"}],"items_purged_floors":[7],"is_endless":false,"potions_floor_spawned":[3,5,10,12,18],"killed_by":"Cultist and Chosen","ascension_level":6}