{"gold_per_floor":[19,19,38,58,58,101,101,101,101,101,48,9,24,45,45,169,169,183,273,288,309,15,15,15,53,53,86,109,109,109,34,34,153,153,169,169,183,202,221,221,246,246,246,2,2,2,66,89,89,89],"floor_reached":51,"playtime":3906,"items_purged":["Writhe","Writhe"],"score":729,"play_id":"388190c0-0353-45b6-9873-76e85f5d2aff","local_time":"20180909110419","is_ascension_mode":true,"campfire_choices":[{"floor":10,"key":"REST"},{"floor":15,"key":"DIG"},{"floor":23,"key":"REST"},{"floor":29,"key":"REST"},{"floor":32,"key":"DIG"},{"floor":40,"key":"REST"},{"floor":42,"key":"DIG"},{"floor":45,"key":"DIG"},{"floor":49,"key":"REST"}],"neow_cost":"NO_GOLD","seed_source_timestamp":2285865070179,"circlet_count":0,"master_deck":["Strike_B+1","Strike_B+1","Strike_B+1","Defend_B+1","Defend_B+1","Zap","Dualcast+1","Beam Cell","FTL","Coolheaded","Coolheaded","Ball Lightning","Chill","Tempest","All For One","Steam","Cold Snap+1","Ball Lightning+1","Defragment+1","Rainbow","Sweeping Beam+1","Cold Snap+1","Conserve Battery","Melter+1","Master of Strategy","FTL+1"],"relics":["FrozenCore","Golden Idol","Shovel","Spirit Poop","Pantograph","Orichalcum","Cursed Key","Symbiotic Virus","Molten Egg 2","Incense Burner","Pen Nib","Strawberry","StoneCalendar","Du-Vu Doll","Anchor","Ice Cream"],"potions_floor_usage":[4,16,18,25,25,33,37,38,50],"damage_taken":[{"damage":7,"enemies":"Small Slimes","floor":1,"turns":3},{"damage":9,"enemies":"2 Louse","floor":3,"turns":3},{"damage":0,"enemies":"Cultist","floor":4,"turns":2},{"damage":20,"enemies":"Lagavulin","floor":6,"turns":7},{"damage":0,"enemies":"Red Slaver","floor":13,"turns":3},{"damage":0,"enemies":"2 Fungi Beasts","floor":14,"turns":2},{"damage":26,"enemies":"The Guardian","floor":16,"turns":11},{"damage":0,"enemies":"3 Byrds","floor":18,"turns":3},{"damage":3,"enemies":"2 Thieves","floor":20,"turns":3},{"damage":6,"enemies":"3 Cultists","floor":21,"turns":5},{"damage":25,"enemies":"Gremlin Leader","floor":25,"turns":6},{"damage":22,"enemies":"Slavers","floor":27,"turns":6},{"damage":15,"enemies":"Snecko","floor":28,"turns":5},{"damage":43,"enemies":"Automaton","floor":33,"turns":8},{"damage":0,"enemies":"3 Shapes","floor":35,"turns":3},{"damage":12,"enemies":"3 Darklings","floor":37,"turns":5},{"damage":15,"enemies":"Transient","floor":38,"turns":5},{"damage":8,"enemies":"Sphere and 2 Shapes","floor":39,"turns":5},{"damage":4,"enemies":"Maw","floor":41,"turns":8},{"damage":14,"enemies":"Mysterious Sphere","floor":47,"turns":5},{"damage":23,"enemies":"3 Darklings","floor":48,"turns":4},{"damage":51,"enemies":"Awakened One","floor":50,"turns":15}],"seed_played":"-2269267792427310434","potions_obtained":[{"floor":3,"key":"Poison Potion"},{"floor":4,"key":"EssenceOfSteel"},{"floor":14,"key":"FearPotion"},{"floor":16,"key":"Energy Potion"},{"floor":20,"key":"Regen Potion"},{"floor":28,"key":"Fire Potion"},{"floor":33,"key":"EssenceOfSteel"},{"floor":37,"key":"SteroidPotion"},{"floor":48,"key":"GamblersBrew"}],"is_trial":false,"path_per_floor":["M","?","M","M","?","E","?","?","T","R","$","$","M","M","R","B",null,"M","?","M","M","$","R","?","E","T","E","M","R","?","$","R","B",null,"M","?","M","M","M","R","M","R","T","$","R","?","?","M","R","B"],"character_chosen":"DEFECT","items_purchased":["Ball Lightning","Chill","Symbiotic Virus","Poison Potion","Melter+1","FocusPotion"],"campfire_rested":5,"item_purchase_floors":[11,12,22,22,44,44],"current_hp_per_floor":[68,53,44,44,44,24,24,17,17,39,39,39,39,39,39,38,75,75,61,58,52,52,74,74,58,58,36,21,43,43,43,50,32,82,82,78,66,51,43,66,62,62,62,62,62,62,48,25,48,22],"gold":89,"neow_bonus":"TRANSFORM_TWO_CARDS","is_prod":false,"is_daily":false,"chose_seed":false,"campfire_upgraded":0,"win_rate":0,"timestamp":1536516259,"path_taken":["M","?","M","M","?","E","?","?","T","R","?","$","?","M","R","BOSS","M","?","M","M","$","R","?","E","T","E","M","R","?","$","R","BOSS","M","?","M","?","M","R","M","R","T","$","R","?","?","M","R","BOSS"],"build_version":"2018-09-06","purchased_purges":2,"victory":true,"max_hp_per_floor":[75,75,75,75,75,75,75,75,75,75,75,75,75,75,75,75,75,75,75,75,75,75,75,75,75,75,75,75,75,75,75,82,82,82,82,78,78,78,78,78,78,78,78,78,78,78,78,78,78,78],"card_choices":[{"not_picked":["Hologram","Auto Shields","Recycle"],"picked":"SKIP","floor":1},{"not_picked":["Skim","Barrage","Rebound"],"picked":"SKIP","floor":3},{"not_picked":["Ball Lightning","Barrage"],"picked":"Coolheaded","floor":4},{"not_picked":["Meteor Strike","Barrage"],"picked":"Coolheaded","floor":6},{"not_picked":["Recycle","Stack","Beam Cell"],"picked":"SKIP","floor":13},{"not_picked":["Leap","Rebound"],"picked":"Tempest","floor":14},{"not_picked":["Biased Cognition","Echo Form"],"picked":"All For One","floor":16},{"not_picked":["Streamline","Scrape"],"picked":"Steam","floor":18},{"not_picked":["Redo+1","Go for the Eyes"],"picked":"Cold Snap+1","floor":20},{"not_picked":["Compile Driver","Streamline","Leap"],"picked":"SKIP","floor":21},{"not_picked":["Gash+1","Capacitor","Aggregate"],"picked":"SKIP","floor":25},{"not_picked":["Barrage+1","All For One+1"],"picked":"Ball Lightning+1","floor":27},{"not_picked":["Storm","Ball Lightning+1"],"picked":"Defragment+1","floor":28},{"not_picked":["Multi-Cast","Fission"],"picked":"Rainbow","floor":33},{"not_picked":["Undo","Recycle+1"],"picked":"Sweeping Beam+1","floor":35},{"not_picked":["Redo","Coolheaded+1"],"picked":"Cold Snap+1","floor":37},{"not_picked":["Cold Snap+1","Lockon+1","Gash+1"],"picked":"SKIP","floor":38},{"not_picked":["All For One+1","Steam+1"],"picked":"Conserve Battery","floor":39},{"not_picked":["Rebound+1","Recycle","Chaos"],"picked":"SKIP","floor":41},{"not_picked":["Trip","Swift Strike+1"],"picked":"Master of Strategy","floor":46},{"not_picked":["Blizzard+1","Ball Lightning+1"],"picked":"FTL+1","floor":48}],"player_experience":355614,"relics_obtained":[{"floor":6,"key":"Shovel"},{"floor":9,"key":"Pantograph"},{"floor":15,"key":"Orichalcum"},{"floor":25,"key":"Molten Egg 2"},{"floor":26,"key":"Incense Burner"},{"floor":27,"key":"Pen Nib"},{"floor":32,"key":"Strawberry"},{"floor":42,"key":"StoneCalendar"},{"floor":43,"key":"Du-Vu Doll"},{"floor":45,"key":"Anchor"},{"floor":47,"key":"Ice Cream"}],"event_choices":[{"event_name":"Shining Light","player_choice":"Entered Light","floor":2,"damage_taken":0},{"event_name":"Golden Idol","player_choice":"Take Wound","floor":5,"damage_taken":0},{"event_name":"Bonfire Elementals","player_choice":"CURSE","floor":7,"damage_taken":0},{"event_name":"Golden Wing","player_choice":"Card Removal","floor":8,"damage_taken":0},{"event_name":"Knowing Skull","player_choice":"GOLD ","floor":19,"damage_taken":0},{"event_name":"Back to Basics","player_choice":"Simplicity","floor":24,"damage_taken":0},{"event_name":"Vampires","player_choice":"Ignored","floor":30,"damage_taken":0},{"event_name":"Winding Halls","player_choice":"Max HP","floor":36,"damage_taken":0},{"event_name":"SensoryStone","player_choice":"Memory 1","floor":46,"damage_taken":0},{"event_name":"Mysterious Sphere","player_choice":"Fight","floor":47,"damage_taken":0}],"is_beta":false,"boss_relics":[{"not_picked":["Snecko Eye","Ectoplasm"],"picked":"Cursed Key"},{"not_picked":["Tiny House","Black Star"],"picked":"FrozenCore"}],"items_purged_floors":[31,44],"is_endless":false,"potions_floor_spawned":[3,4,14,16,20,28,33,37,48],"ascension_level":3}