{"gold_per_floor":[112,187,187,199,217,246,257,257,281,281,310,310,337,348,348,453,453,464,464,304,273,51,78,78,104,104,104,104,124,142,17,17,114,114,134,154,165,177,191,191,226,243,243,278,278,295,321,421,421,421,421,421,26,54,54],"floor_reached":56,"playtime":5977,"items_purged":["Defend_R","Defend_R","Strike_R","Strike_R"],"score":1323,"play_id":"517605c8-e469-4343-82c7-af08d6b0c313","local_time":"20190509105439","is_ascension_mode":true,"campfire_choices":[{"floor":10.0,"key":"REST"},{"data":"Metallicize","floor":12.0,"key":"SMITH"},{"data":"Bash","floor":15.0,"key":"SMITH"},{"data":"Heavy Blade","floor":24.0,"key":"SMITH"},{"data":"Metallicize","floor":28.0,"key":"SMITH"},{"floor":32.0,"key":"RECALL"},{"data":"Juggernaut","floor":40.0,"key":"SMITH"},{"data":"Strike_R","floor":45.0,"key":"SMITH"},{"floor":49.0,"key":"REST"},{"data":"Strike_R","floor":52.0,"key":"SMITH"}],"neow_cost":"NONE","seed_source_timestamp":0,"circlet_count":0,"master_deck":["Strike_R+1","Strike_R","Strike_R+1","Bash+1","Metallicize+1","Disarm+1","Panacea+1","Disarm+1","Metallicize+1","Flex+1","Heavy Blade+1","Double Tap+1","Juggernaut+1","Flame Barrier+1","Metallicize+1","Intimidate+1"],"special_seed":0,"relics":["Burning Blood","Toxic Egg 2","Orichalcum","Mercury Hourglass","Bag of Marbles","Empty Cage","Art of War","Anchor","Matryoshka","Happy Flower","Bottled Lightning","Sozu","Bird Faced Urn","Question Card","Oddly Smooth Stone","Ginger","PreservedInsect","Self Forming Clay","Pocketwatch"],"potions_floor_usage":[55,55,55],"damage_taken":[{"damage":0.0,"enemies":"2 Louse","floor":1.0,"turns":3.0},{"damage":6.0,"enemies":"Jaw Worm","floor":4.0,"turns":4.0},{"damage":6.0,"enemies":"Cultist","floor":5.0,"turns":3.0},{"damage":64.0,"enemies":"Lagavulin","floor":6.0,"turns":7.0},{"damage":10.0,"enemies":"Exordium Wildlife","floor":7.0,"turns":6.0},{"damage":6.0,"enemies":"Gremlin Nob","floor":11.0,"turns":5.0},{"damage":8.0,"enemies":"3 Sentries","floor":13.0,"turns":8.0},{"damage":0.0,"enemies":"Exordium Thugs","floor":14.0,"turns":4.0},{"damage":39.0,"enemies":"Slime Boss","floor":16.0,"turns":11.0},{"damage":0.0,"enemies":"Chosen","floor":18.0,"turns":4.0},{"damage":17.0,"enemies":"2 Thieves","floor":21.0,"turns":5.0},{"damage":0.0,"enemies":"Gremlin Leader","floor":23.0,"turns":7.0},{"damage":6.0,"enemies":"Book of Stabbing","floor":25.0,"turns":5.0},{"damage":7.0,"enemies":"Snake Plant","floor":29.0,"turns":3.0},{"damage":2.0,"enemies":"Snecko","floor":30.0,"turns":3.0},{"damage":36.0,"enemies":"Automaton","floor":33.0,"turns":8.0},{"damage":4.0,"enemies":"Orb Walker","floor":35.0,"turns":3.0},{"damage":6.0,"enemies":"3 Darklings","floor":36.0,"turns":5.0},{"damage":0.0,"enemies":"Maw","floor":37.0,"turns":4.0},{"damage":0.0,"enemies":"4 Shapes","floor":38.0,"turns":6.0},{"damage":7.0,"enemies":"Spire Growth","floor":39.0,"turns":5.0},{"damage":25.0,"enemies":"Nemesis","floor":41.0,"turns":5.0},{"damage":15.0,"enemies":"Maw","floor":42.0,"turns":6.0},{"damage":14.0,"enemies":"Giant Head","floor":44.0,"turns":7.0},{"damage":11.0,"enemies":"3 Darklings","floor":46.0,"turns":4.0},{"damage":25.0,"enemies":"Reptomancer","floor":47.0,"turns":5.0},{"damage":41.0,"enemies":"Donu and Deca","floor":50.0,"turns":7.0},{"damage":24.0,"enemies":"Shield and Spear","floor":54.0,"turns":6.0},{"damage":75,"enemies":"The Heart","floor":55,"turns":9}],"seed_played":"-6957696183085806349","potions_obtained":[{"floor":4.0,"key":"Fruit Juice"},{"floor":6.0,"key":"AttackPotion"},{"floor":14.0,"key":"EssenceOfSteel"},{"floor":19.0,"key":"BloodPotion"},{"floor":19.0,"key":"EssenceOfSteel"},{"floor":19.0,"key":"Regen Potion"},{"floor":33.0,"key":"Fire Potion"}],"is_trial":false,"path_per_floor":["M","?","?","M","M","E","M","T","T","R","E","R","E","M","R","B",null,"M","?","$","M","$","E","R","E","T","T","R","M","M","$","R","B",null,"M","M","M","M","M","R","E","M","T","E","R","M","E","?","R","B",null,"R","$","E","B",null],"character_chosen":"IRONCLAD","items_purchased":["Panacea+1","Metallicize","Flex+1","Self Forming Clay"],"campfire_rested":2,"item_purchase_floors":[20,22,22,53],"current_hp_per_floor":[88,77,77,77,82,24,20,20,20,47,47,47,45,51,51,18,93,93,93,93,82,82,88,88,88,88,88,88,87,91,91,91,61,93,93,93,93,93,92,92,73,70,70,68,68,67,52,52,79,52,93,93,93,81,44],"gold":54,"neow_bonus":"TEN_PERCENT_HP_BONUS","is_prod":false,"is_daily":false,"chose_seed":false,"campfire_upgraded":7,"win_rate":0,"timestamp":1557392079,"path_taken":["M","?","?","?","M","E","M","?","T","R","E","R","E","M","R","BOSS","M","?","?","M","$","E","R","E","T","?","R","M","M","?","R","BOSS","M","M","M","M","M","R","E","M","T","E","R","M","E","?","R","BOSS","R","$","E","BOSS"],"build_version":"2019-01-23","purchased_purges":4,"victory":true,"max_hp_per_floor":[88,88,88,88,93,93,93,93,93,93,93,93,93,93,93,93,93,93,93,93,93,93,93,93,93,93,93,93,93,93,93,93,93,93,93,93,93,93,93,93,93,93,93,93,93,93,93,93,93,93,93,93,93,93,93],"card_choices":[{"not_picked":["True Grit","Wild Strike","Headbutt"],"picked":"SKIP","floor":1.0},{"not_picked":["Blood for Blood","Pommel Strike","True Grit"],"picked":"SKIP","floor":4.0},{"not_picked":["Clothesline","Havoc","Anger"],"picked":"SKIP","floor":5.0},{"not_picked":["Bloodletting","Rampage"],"picked":"Metallicize","floor":6.0},{"not_picked":["Twin Strike","Pommel Strike","Reckless Charge"],"picked":"SKIP","floor":7.0},{"not_picked":["Sentinel+1","Feel No Pain","Barricade"],"picked":"SKIP","floor":11.0},{"not_picked":["Pommel Strike","Perfected Strike","Fiend Fire"],"picked":"SKIP","floor":13.0},{"not_picked":["Armaments+1","Thunderclap","Fire Breathing"],"picked":"SKIP","floor":14.0},{"not_picked":["Cleave","Sword Boomerang+1"],"picked":"Disarm+1","floor":18.0},{"not_picked":["Body Slam","Flex+1"],"picked":"Disarm+1","floor":21.0},{"not_picked":["Body Slam","Flex+1","Heavy Blade"],"picked":"SKIP","floor":23.0},{"not_picked":["Body Slam","Flex+1"],"picked":"Heavy Blade","floor":23.0},{"not_picked":["Seeing Red+1","Sword Boomerang+1"],"picked":"Double Tap+1","floor":25.0},{"not_picked":["Rampage","Anger+1","Shrug It Off+1"],"picked":"SKIP","floor":29.0},{"not_picked":["Combust","Fire Breathing","Iron Wave"],"picked":"SKIP","floor":30.0},{"not_picked":["Feed","Bludgeon"],"picked":"Juggernaut","floor":33.0},{"not_picked":["Warcry+1","Shrug It Off+1","Perfected Strike"],"picked":"SKIP","floor":35.0},{"not_picked":["Body Slam","Iron Wave+1","Pommel Strike"],"picked":"SKIP","floor":36.0},{"not_picked":["Pommel Strike","Body Slam+1","Anger"],"picked":"SKIP","floor":37.0},{"not_picked":["Searing Blow+1","Immolate","Hemokinesis"],"picked":"SKIP","floor":38.0},{"not_picked":["Blood for Blood+1","True Grit+1","Dual Wield+1"],"picked":"SKIP","floor":39.0},{"not_picked":["Searing Blow","Whirlwind"],"picked":"Flame Barrier+1","floor":41.0},{"not_picked":["Entrench+1","Wild Strike","Shockwave+1"],"picked":"SKIP","floor":42.0},{"not_picked":["Hemokinesis+1","Heavy Blade","Berserk","Perfected Strike"],"picked":"SKIP","floor":44.0},{"not_picked":["Fire Breathing+1","Shockwave+1","Havoc+1","Clothesline+1"],"picked":"SKIP","floor":46.0},{"not_picked":["Rupture+1","Blood for Blood+1","Flex+1"],"picked":"Metallicize+1","floor":47.0},{"not_picked":["Flex+1","Rupture+1","Armaments+1"],"picked":"Intimidate+1","floor":54.0}],"player_experience":301371,"relics_obtained":[{"floor":6.0,"key":"Toxic Egg 2"},{"floor":9.0,"key":"Orichalcum"},{"floor":11.0,"key":"Mercury Hourglass"},{"floor":13.0,"key":"Bag of Marbles"},{"floor":23.0,"key":"Art of War"},{"floor":25.0,"key":"Anchor"},{"floor":26.0,"key":"Matryoshka"},{"floor":27.0,"key":"Happy Flower"},{"floor":27.0,"key":"Bottled Lightning"},{"floor":41.0,"key":"Bird Faced Urn"},{"floor":43.0,"key":"Question Card"},{"floor":43.0,"key":"Oddly Smooth Stone"},{"floor":44.0,"key":"Ginger"},{"floor":47.0,"key":"PreservedInsect"},{"floor":54.0,"key":"Pocketwatch"}],"event_choices":[{"damage_healed":0.0,"max_hp_gain":0.0,"max_hp_loss":0.0,"gold_gain":75.0,"event_name":"World of Goop","player_choice":"Gather Gold","floor":2.0,"gold_loss":0.0,"damage_taken":11.0},{"damage_healed":0.0,"max_hp_gain":0.0,"max_hp_loss":0.0,"gold_gain":0.0,"event_name":"Liars Game","player_choice":"Ignored","floor":3.0,"gold_loss":0.0,"damage_taken":0.0},{"damage_healed":0.0,"max_hp_gain":0.0,"max_hp_loss":0.0,"gold_gain":0.0,"event_name":"Lab","player_choice":"Got Potions","floor":19.0,"gold_loss":0.0,"damage_taken":0.0},{"damage_healed":0.0,"max_hp_gain":0.0,"max_hp_loss":0.0,"gold_gain":100.0,"event_name":"Golden Shrine","player_choice":"Pray","floor":48.0,"gold_loss":0.0,"damage_taken":0.0}],"is_beta":false,"boss_relics":[{"not_picked":["Black Star","Fusion Hammer"],"picked":"Empty Cage"},{"not_picked":["Snecko Eye","Pandora\u0027s Box"],"picked":"Sozu"}],"items_purged_floors":[20,22,31,53],"is_endless":false,"potions_floor_spawned":[4,6,14,21,23,33,37,39,41,42],"ascension_level":1}