{"gold_per_floor":[118,118,293,307,327,327,662,676,676,705,705,705],"floor_reached":12,"playtime":755,"items_purged":[],"score":110,"play_id":"bfc0a4f2-0f35-4df2-b8a8-6d6bc6bc3dfa","local_time":"20181031221846","is_ascension_mode":true,"campfire_choices":[{"data":"1","floor":6,"key":"LIFT"}],"neow_cost":"TEN_PERCENT_HP_LOSS","seed_source_timestamp":11345859759568,"circlet_count":0,"master_deck":["Strike_B","Strike_B","Strike_B","Strike_B","Defend_B","Defend_B","Defend_B","Defend_B","Zap+1","Dualcast","Leap","Doubt","Defragment","Cold Snap","Consume","Gash","Gash"],"relics":["Cracked Core","Girya","Old Coin","Unceasing Top","Letter Opener","Potion Belt"],"potions_floor_usage":[7,10],"damage_taken":[{"damage":1,"enemies":"Cultist","floor":1,"turns":4},{"damage":0,"enemies":"2 Louse","floor":4,"turns":2},{"damage":0,"enemies":"Small Slimes","floor":5,"turns":3},{"damage":15,"enemies":"3 Sentries","floor":7,"turns":8},{"damage":7,"enemies":"Looter","floor":8,"turns":3},{"damage":25,"enemies":"Gremlin Nob","floor":10,"turns":4},{"damage":10,"enemies":"Gremlin Gang","floor":12,"turns":3}],"seed_played":"-7876340513345680803","potions_obtained":[{"floor":4,"key":"SkillPotion"},{"floor":8,"key":"AttackPotion"}],"is_trial":false,"path_per_floor":["M","?","?","M","M","R","E","M","T","E","T"],"character_chosen":"DEFECT","items_purchased":[],"campfire_rested":0,"item_purchase_floors":[],"current_hp_per_floor":[67,67,67,67,67,67,52,45,45,20,20,10],"gold":705,"neow_bonus":"ONE_RARE_RELIC","is_prod":false,"is_daily":false,"chose_seed":false,"campfire_upgraded":0,"win_rate":0,"timestamp":1541042326,"path_taken":["M","?","?","?","M","R","E","M","T","E","?","M"],"build_version":"2018-10-25v2","purchased_purges":0,"victory":false,"max_hp_per_floor":[68,68,68,68,68,68,68,68,68,68,68,68],"card_choices":[{"not_picked":["Genetic Algorithm","Beam Cell"],"picked":"Leap","floor":1},{"not_picked":["Stack","Leap"],"picked":"Defragment","floor":4},{"not_picked":["Turbo","Hologram"],"picked":"Cold Snap","floor":5},{"not_picked":["Barrage","Rebound"],"picked":"Consume","floor":7},{"not_picked":["Blizzard","Turbo"],"picked":"Gash","floor":8},{"not_picked":["Lockon","Blizzard"],"picked":"Gash","floor":10}],"player_experience":909087,"relics_obtained":[{"floor":7,"key":"Old Coin"},{"floor":9,"key":"Unceasing Top"},{"floor":10,"key":"Letter Opener"},{"floor":11,"key":"Potion Belt"}],"event_choices":[{"damage_healed":0,"gold_gain":0,"player_choice":"Upgraded","damage_taken":0,"max_hp_gain":0,"max_hp_loss":0,"event_name":"Upgrade Shrine","floor":2,"gold_loss":0,"cards_upgraded":["Zap"]},{"damage_healed":0,"gold_gain":175,"player_choice":"AGREE","damage_taken":0,"max_hp_gain":0,"max_hp_loss":0,"event_name":"Liars Game","floor":3,"gold_loss":0,"cards_obtained":["Doubt"]}],"is_beta":false,"boss_relics":[],"items_purged_floors":[],"is_endless":false,"potions_floor_spawned":[4,8],"killed_by":"Gremlin Gang","ascension_level":5}