{"gold_per_floor":[113,133,133,133,154,194,194,119,119,119,143,162,162,162,162,282,282,302,227,34,53,74,74,88,104,104,104,129,228,228],"floor_reached":30,"playtime":3230,"items_purged":["Defend_B"],"score":232,"play_id":"f1c82792-4724-40e0-9af0-3a5e917666eb","local_time":"20190618135144","is_ascension_mode":false,"campfire_choices":[{"floor":7,"key":"REST"},{"data":"Redo","floor":10,"key":"SMITH"},{"floor":13,"key":"REST"},{"data":"Dualcast","floor":15,"key":"SMITH"},{"floor":23,"key":"REST"},{"floor":27,"key":"REST"}],"neow_cost":"NONE","seed_source_timestamp":500370370076,"circlet_count":0,"master_deck":["Strike_B","Strike_B","Defend_B","Defend_B","Defend_B","Zap+1","Dualcast+1","Chaos","Redo+1","Capacitor","Cold Snap","Darkness","Multi-Cast","Undo","Loop","Conserve Battery","Cold Snap","Defragment","Rebound","Compile Driver+1","Ball Lightning+1","Reinforced Body"],"relics":["Cracked Core","Golden Idol","Mercury Hourglass","Bottled Tornado","Orrery","Chemical X","Darkstone Periapt"],"potions_floor_usage":[14],"damage_taken":[{"damage":3,"enemies":"Small Slimes","floor":1,"turns":3},{"damage":0,"enemies":"Cultist","floor":2,"turns":4},{"damage":0,"enemies":"2 Louse","floor":5,"turns":3},{"damage":35,"enemies":"Lagavulin","floor":6,"turns":6},{"damage":6,"enemies":"Red Slaver","floor":11,"turns":3},{"damage":5,"enemies":"Blue Slaver","floor":12,"turns":3},{"damage":24,"enemies":"Slime Boss","floor":16,"turns":7},{"damage":32,"enemies":"3 Byrds","floor":18,"turns":3},{"damage":14,"enemies":"Shell Parasite","floor":21,"turns":5},{"damage":20,"enemies":"Snake Plant","floor":22,"turns":4},{"damage":17,"enemies":"Centurion and Healer","floor":24,"turns":5},{"damage":16,"enemies":"Shelled Parasite and Fungi","floor":25,"turns":6},{"damage":20,"enemies":"Chosen and Byrds","floor":28,"turns":6},{"damage":15,"enemies":"3 Cultists","floor":30,"turns":3}],"seed_played":"-3347413508987116213","potions_obtained":[{"floor":5,"key":"SpeedPotion"},{"floor":11,"key":"EssenceOfSteel"},{"floor":14,"key":"Fruit Juice"},{"floor":14,"key":"Weak Potion"},{"floor":24,"key":"LiquidBronze"}],"is_trial":false,"path_per_floor":["M","M","?","?","M","E","R","$","T","R","M","M","R","?","R","B",null,"M","?","$","M","M","R","M","M","T","R","M","?","M"],"character_chosen":"DEFECT","items_purchased":["Chemical X"],"campfire_rested":4,"item_purchase_floors":[20],"current_hp_per_floor":[72,72,54,54,54,19,41,41,41,41,35,30,52,57,57,33,80,48,48,48,34,14,38,21,5,5,29,9,9,0],"gold":228,"neow_bonus":"UPGRADE_CARD","is_prod":false,"is_daily":false,"chose_seed":false,"campfire_upgraded":2,"win_rate":0.0,"timestamp":1560858704,"path_taken":["M","M","?","?","?","E","R","?","T","R","M","M","R","?","R","BOSS","M","?","$","M","M","R","M","M","T","R","M","?","M"],"build_version":"2019-01-23","purchased_purges":1,"victory":false,"max_hp_per_floor":[75,75,75,75,75,75,75,75,75,75,75,75,75,80,80,80,80,80,80,80,80,80,80,80,80,80,80,80,80,80],"card_choices":[{"not_picked":["Rebound","Turbo"],"picked":"Chaos","floor":1},{"not_picked":["Stack","Ball Lightning"],"picked":"Redo","floor":2},{"not_picked":["Chaos","Conserve Battery"],"picked":"Capacitor","floor":5},{"not_picked":["Stack","Self Repair"],"picked":"Cold Snap","floor":6},{"not_picked":["Capacitor","Static Discharge"],"picked":"Darkness","floor":11},{"not_picked":["Hologram","Go for the Eyes","Turbo"],"picked":"SKIP","floor":12},{"not_picked":["Reboot","Seek"],"picked":"Multi-Cast","floor":16},{"not_picked":["Coolheaded","Steam"],"picked":"Undo","floor":17},{"not_picked":["Beam Cell","Cold Snap"],"picked":"Loop","floor":17},{"not_picked":["Compile Driver","Leap"],"picked":"Conserve Battery","floor":17},{"not_picked":["Go for the Eyes","Chill"],"picked":"Cold Snap","floor":17},{"not_picked":["Coolheaded","Chill"],"picked":"Defragment","floor":17},{"not_picked":["Self Repair","Hologram"],"picked":"Rebound","floor":18},{"not_picked":["Fission","Storm+1"],"picked":"Compile Driver+1","floor":21},{"not_picked":["Stack+1","Compile Driver"],"picked":"Ball Lightning+1","floor":22},{"not_picked":["Stack","Capacitor","Coolheaded"],"picked":"SKIP","floor":24},{"not_picked":["Storm+1","Compile Driver","Sweeping Beam"],"picked":"SKIP","floor":25},{"not_picked":["Sweeping Beam","Stack"],"picked":"Reinforced Body","floor":28}],"player_experience":75093,"relics_obtained":[{"floor":6,"key":"Mercury Hourglass"},{"floor":9,"key":"Bottled Tornado"},{"floor":26,"key":"Darkstone Periapt"}],"event_choices":[{"damage_healed":0,"gold_gain":0,"player_choice":"Take Damage","damage_taken":18,"relics_obtained":["Golden Idol"],"max_hp_gain":0,"max_hp_loss":0,"event_name":"Golden Idol","floor":3,"gold_loss":0},{"cards_removed":["Strike_B"],"damage_healed":0,"gold_gain":0,"player_choice":"Offered Basic","damage_taken":0,"max_hp_gain":0,"max_hp_loss":0,"event_name":"Bonfire Elementals","floor":4,"gold_loss":0},{"damage_healed":0,"gold_gain":0,"player_choice":"Got Potions","damage_taken":0,"max_hp_gain":0,"max_hp_loss":0,"event_name":"Lab","floor":14,"gold_loss":0},{"cards_removed":["Strike_B"],"damage_healed":0,"gold_gain":0,"player_choice":"Gave Gold","damage_taken":0,"max_hp_gain":0,"max_hp_loss":0,"event_name":"Beggar","floor":19,"gold_loss":75},{"damage_healed":0,"gold_gain":99,"player_choice":"Stole From Cult","damage_taken":0,"max_hp_gain":0,"max_hp_loss":0,"event_name":"Nest","floor":29,"gold_loss":0}],"is_beta":false,"boss_relics":[{"not_picked":["Philosopher\u0027s Stone","Snecko Eye"],"picked":"Orrery"}],"items_purged_floors":[8],"is_endless":false,"potions_floor_spawned":[5,11,18,24,28],"killed_by":"3 Cultists","ascension_level":0}