{"gold_per_floor":[117,136,136,136,136,169,189,189,216,247,123,186,186,200,200,299,299,310,321,41,41,41,41,55,55,132,165,165,178,178,189,189,292,292,311,331,182,182,55,55,65,65,65,65,80,8,8,37,37,37],"floor_reached":50,"playtime":4534,"items_purged":["Strike_G","Strike_G"],"score":595,"play_id":"84eac0f5-af16-4822-8afb-4d9f3d80e375","local_time":"20180815234456","is_ascension_mode":true,"campfire_choices":[{"floor":8.0,"key":"REST"},{"floor":13.0,"key":"REST"},{"floor":15.0,"key":"REST"},{"floor":23.0,"key":"REST"},{"floor":25.0,"key":"REST"},{"floor":30.0,"key":"REST"},{"floor":32.0,"key":"REST"},{"data":"Cloak And Dagger","floor":40.0,"key":"SMITH"},{"floor":47.0,"key":"REST"},{"floor":49.0,"key":"REST"}],"neow_cost":"","seed_source_timestamp":0,"circlet_count":0,"master_deck":["Defend_G","Defend_G","Defend_G","Defend_G","Defend_G","Strike_G","Strike_G","Survivor","Neutralize","Bouncing Flask","Infinite Blades","Blade Dance","Backflip","Sucker Punch","Well Laid Plans","Quick Slash","Blade Dance","Deflect","A Thousand Cuts","Leg Sweep","Accuracy","Flash of Steel","Cloak And Dagger+1","Backflip","Skewer+1","Corpse Explosion","Dagger Spray+1","Backflip","Accuracy","Slice","Finisher+1","Madness","Madness","Endless Agony+1","Leg Sweep","Leg Sweep"],"special_seed":0,"relics":["Ring of the Snake","Lantern","Boot","Matryoshka","Omamori","WristBlade","Bronze Scales","Darkstone Periapt","Oddly Smooth Stone","Necronomicon","Lizard Tail","Bag of Preparation","Snake Skull","Meat on the Bone","Vajra"],"potions_floor_usage":[50,50],"damage_taken":[{"damage":2.0,"enemies":"Jaw Worm","floor":1.0,"turns":8.0},{"damage":3.0,"enemies":"2 Louse","floor":2.0,"turns":3.0},{"damage":36.0,"enemies":"Gremlin Nob","floor":6.0,"turns":5.0},{"damage":0.0,"enemies":"Cultist","floor":7.0,"turns":3.0},{"damage":15.0,"enemies":"Lagavulin","floor":10.0,"turns":5.0},{"damage":20.0,"enemies":"Lagavulin Event","floor":12.0,"turns":5.0},{"damage":0.0,"enemies":"Blue Slaver","floor":14.0,"turns":2.0},{"damage":43.0,"enemies":"The Guardian","floor":16.0,"turns":10.0},{"damage":2.0,"enemies":"3 Byrds","floor":18.0,"turns":4.0},{"damage":27.0,"enemies":"Spheric Guardian","floor":19.0,"turns":5.0},{"damage":22.0,"enemies":"Snake Plant","floor":24.0,"turns":6.0},{"damage":1.0,"enemies":"Gremlin Leader","floor":27.0,"turns":6.0},{"damage":0.0,"enemies":"Chosen and Byrds","floor":29.0,"turns":4.0},{"damage":0.0,"enemies":"Sentry and Sphere","floor":31.0,"turns":3.0},{"damage":59.0,"enemies":"Champ","floor":33.0,"turns":9.0},{"damage":0.0,"enemies":"Orb Walker","floor":35.0,"turns":4.0},{"damage":4.0,"enemies":"3 Shapes","floor":36.0,"turns":7.0},{"damage":15.0,"enemies":"Flame Bruiser 2 Orb","floor":41.0,"turns":5.0},{"damage":2.0,"enemies":"4 Shapes","floor":45.0,"turns":3.0},{"damage":53.0,"enemies":"Nemesis","floor":48.0,"turns":7.0},{"damage":21,"enemies":"Awakened One","floor":50,"turns":3}],"seed_played":"-2347389487566131121","potions_obtained":[{"floor":2.0,"key":"Explosive Potion"},{"floor":6.0,"key":"Explosive Potion"},{"floor":7.0,"key":"SteroidPotion"},{"floor":12.0,"key":"Ancient Potion"},{"floor":16.0,"key":"LiquidBronze"},{"floor":19.0,"key":"Ancient Potion"},{"floor":29.0,"key":"AttackPotion"},{"floor":33.0,"key":"LiquidBronze"},{"floor":45.0,"key":"AttackPotion"},{"floor":48.0,"key":"Swift Potion"}],"is_trial":false,"path_per_floor":["M","M","?","?","?","E","M","R","T","E","$","?","R","M","R","B",null,"M","M","$","?","$","R","M","R","T","E","?","M","R","M","R","B",null,"M","M","$","?","$","R","M","?","T","?","M","$","R","E","R"],"character_chosen":"THE_SILENT","items_purchased":["Quick Slash","Accuracy","Flash of Steel","Bag of Preparation","Accuracy","Slice","Leg Sweep"],"campfire_rested":9,"item_purchase_floors":[11,20,20,37,39,39,46],"current_hp_per_floor":[68,65,65,65,65,29,29,50,50,35,35,15,36,36,57,14,70,68,41,41,28,28,50,28,50,50,49,33,33,55,55,75,16,75,75,71,71,71,71,71,56,56,56,47,45,45,67,26,48,27],"gold":37,"neow_bonus":"","is_prod":false,"is_daily":false,"chose_seed":false,"campfire_upgraded":1,"win_rate":0,"timestamp":1534394696,"path_taken":["M","M","?","?","?","E","M","R","T","E","$","?","R","?","R","BOSS","M","M","$","?","?","R","M","R","T","E","?","M","R","?","R","BOSS","M","M","$","?","$","R","M","?","T","?","?","?","R","E","R","BOSS"],"build_version":"2018-08-09","purchased_purges":2,"victory":false,"max_hp_per_floor":[70,70,70,70,70,70,70,70,70,70,70,70,70,70,70,70,70,70,70,70,75,75,75,75,75,75,75,75,75,75,75,75,75,75,75,75,75,75,75,75,75,75,75,75,75,75,75,75,75,75],"card_choices":[{"not_picked":["Bane","Eviscerate"],"picked":"Bouncing Flask","floor":1.0},{"not_picked":["Leg Sweep","Reflex"],"picked":"Infinite Blades","floor":2.0},{"not_picked":["Flechettes","Dagger Throw"],"picked":"Backflip","floor":6.0},{"not_picked":["All Out Attack","Bane"],"picked":"Sucker Punch","floor":7.0},{"not_picked":["Heel Hook","Die Die Die"],"picked":"Well Laid Plans","floor":10.0},{"not_picked":["Flying Knee","Calculated Gamble"],"picked":"Blade Dance","floor":12.0},{"not_picked":["Riddle With Holes","Poisoned Stab"],"picked":"Deflect","floor":14.0},{"not_picked":["Glass Knife","Grand Finale"],"picked":"A Thousand Cuts","floor":16.0},{"not_picked":["Catalyst","Dagger Throw+1"],"picked":"Poisoned Stab","floor":18.0},{"not_picked":["Dagger Spray","Dash"],"picked":"Leg Sweep","floor":19.0},{"not_picked":["Prepared","Sucker Punch"],"picked":"Cloak And Dagger","floor":24.0},{"not_picked":["Dagger Throw","Acrobatics"],"picked":"Backflip","floor":27.0},{"not_picked":["Dagger Throw+1","Bouncing Flask"],"picked":"Skewer+1","floor":29.0},{"not_picked":["Sucker Punch","Dagger Throw","Flechettes"],"picked":"SKIP","floor":31.0},{"not_picked":["Glass Knife","Doppelganger"],"picked":"Corpse Explosion","floor":33.0},{"not_picked":["Tactician","All Out Attack+1"],"picked":"Dagger Spray+1","floor":35.0},{"not_picked":["Underhanded Strike+1","Prepared"],"picked":"Backflip","floor":36.0},{"not_picked":["Underhanded Strike","PiercingWail+1"],"picked":"Finisher+1","floor":41.0},{"not_picked":["Prepared+1","Outmaneuver+1"],"picked":"Endless Agony+1","floor":45.0},{"not_picked":["Doppelganger","Prepared"],"picked":"Leg Sweep","floor":48.0}],"player_experience":501672,"relics_obtained":[{"floor":6.0,"key":"Lantern"},{"floor":9.0,"key":"Boot"},{"floor":10.0,"key":"Matryoshka"},{"floor":12.0,"key":"Omamori"},{"floor":26.0,"key":"Bronze Scales"},{"floor":26.0,"key":"Darkstone Periapt"},{"floor":27.0,"key":"Oddly Smooth Stone"},{"floor":28.0,"key":"Necronomicon"},{"floor":43.0,"key":"Snake Skull"},{"floor":43.0,"key":"Meat on the Bone"},{"floor":48.0,"key":"Vajra"}],"event_choices":[{"event_name":"Liars Game","player_choice":"disagreed","floor":3.0,"damage_taken":0.0},{"event_name":"Match and Keep!","player_choice":"1 cards matched","floor":4.0,"damage_taken":0.0},{"event_name":"Wheel of Change","player_choice":"Card Removal","floor":5.0,"damage_taken":0.0},{"event_name":"Dead Adventurer","player_choice":"Searched \u00271\u0027 times","floor":12.0,"damage_taken":0.0},{"event_name":"Forgotten Altar","player_choice":"Shed Blood","floor":21.0,"damage_taken":0.0},{"event_name":"Cursed Tome","player_choice":"Obtained Book","floor":28.0,"damage_taken":0.0},{"event_name":"The Woman in Blue","player_choice":"Bought 0 Potions","floor":38.0,"damage_taken":0.0},{"event_name":"Falling","player_choice":"Removed Attack","floor":42.0,"damage_taken":0.0},{"event_name":"Winding Halls","player_choice":"Embrace Madness","floor":44.0,"damage_taken":0.0}],"is_beta":false,"boss_relics":[{"not_picked":["Ring of the Serpent","Velvet Choker"],"picked":"WristBlade"},{"not_picked":["Fusion Hammer","Philosopher\u0027s Stone"],"picked":"Lizard Tail"}],"items_purged_floors":[11,20],"is_endless":false,"potions_floor_spawned":[2,6,7,12,16,19,29,33,45,48],"killed_by":"Awakened One","ascension_level":3}