{"gold_per_floor":[111,186,186,199,199,199,229,244,295,309,323,323,323,343,343,439,439,458,493,512,512,531,565,565,211,211,238,254,254,287,287,287,392,392,412,412,428,447,457,484,484,514,514,528,554,554,585,605,605,605,605,605,32,59,59],"floor_reached":56,"playtime":5017,"items_purged":["Strike_G","Defend_G"],"score":1621,"play_id":"182cfefd-bebc-4b5c-8e87-d0ff36921dc7","local_time":"20190702201832","is_ascension_mode":true,"campfire_choices":[{"data":"Neutralize","floor":6,"key":"SMITH"},{"floor":12,"key":"REST"},{"floor":15,"key":"REST"},{"floor":24,"key":"REST"},{"floor":29,"key":"REST"},{"floor":32,"key":"RECALL"},{"floor":41,"key":"DIG"},{"floor":46,"key":"DIG"},{"floor":49,"key":"DIG"},{"floor":52,"key":"DIG"}],"neow_cost":"NONE","seed_source_timestamp":40552977179551,"circlet_count":0,"master_deck":["Defend_G","Defend_G","Defend_G+1","Defend_G","Survivor","Neutralize+1","Dagger Throw+1","Dagger Spray+1","Finisher+1","After Image","Die Die Die+1","Cloak And Dagger+1","J.A.X.","Infinite Blades","Slice+1","Well Laid Plans","PiercingWail+1","Blade Dance+1","Infinite Blades","PiercingWail+1","Bite+1","Bite+1","Bite+1","Bite+1","Malaise","Cloak And Dagger+1","Blade Dance+1","Infinite Blades+1","Backflip","Backflip+1","PiercingWail","Acrobatics+1","Master of Strategy","Well Laid Plans"],"relics":["WristBlade","Orichalcum","Molten Egg 2","Ancient Tea Set","Fusion Hammer","Red Mask","Singing Bowl","PreservedInsect","War Paint","Ornamental Fan","Eternal Feather","Bag of Marbles","Shovel","Kunai","Oddly Smooth Stone","Prayer Wheel","Omamori","Meat on the Bone","Blood Vial","Mercury Hourglass","Mummified Hand","Incense Burner","Bag of Preparation"],"potions_floor_usage":[7,16,19,22,28,33,40,45,55,55,55],"damage_taken":[{"damage":11,"enemies":"Jaw Worm","floor":1,"turns":5},{"damage":2,"enemies":"2 Louse","floor":4,"turns":4},{"damage":30,"enemies":"3 Sentries","floor":7,"turns":15},{"damage":0,"enemies":"Cultist","floor":8,"turns":3},{"damage":0,"enemies":"2 Fungi Beasts","floor":10,"turns":3},{"damage":11,"enemies":"Exordium Thugs","floor":11,"turns":4},{"damage":0,"enemies":"Looter","floor":14,"turns":2},{"damage":36,"enemies":"Hexaghost","floor":16,"turns":14},{"damage":7,"enemies":"Chosen","floor":18,"turns":4},{"damage":8,"enemies":"Masked Bandits","floor":19,"turns":2},{"damage":9,"enemies":"Spheric Guardian","floor":20,"turns":4},{"damage":0,"enemies":"Centurion and Healer","floor":22,"turns":8},{"damage":5,"enemies":"Gremlin Leader","floor":23,"turns":4},{"damage":18,"enemies":"Book of Stabbing","floor":27,"turns":5},{"damage":2,"enemies":"Snake Plant","floor":28,"turns":5},{"damage":3,"enemies":"Slavers","floor":30,"turns":4},{"damage":33,"enemies":"Automaton","floor":33,"turns":7},{"damage":1,"enemies":"Orb Walker","floor":35,"turns":4},{"damage":0,"enemies":"3 Shapes","floor":37,"turns":1},{"damage":0,"enemies":"Jaw Worm Horde","floor":38,"turns":4},{"damage":0,"enemies":"3 Darklings","floor":39,"turns":3},{"damage":15,"enemies":"Giant Head","floor":40,"turns":6},{"damage":3,"enemies":"Nemesis","floor":42,"turns":3},{"damage":1,"enemies":"Spire Growth","floor":44,"turns":5},{"damage":3,"enemies":"Giant Head","floor":45,"turns":6},{"damage":33,"enemies":"Nemesis","floor":47,"turns":6},{"damage":4,"enemies":"Writhing Mass","floor":48,"turns":10},{"damage":14,"enemies":"Awakened One","floor":50,"turns":11},{"damage":5,"enemies":"Shield and Spear","floor":54,"turns":8},{"damage":58,"enemies":"The Heart","floor":55,"turns":9}],"seed_played":"-7944438649032096720","potions_obtained":[{"floor":4,"key":"Regen Potion"},{"floor":10,"key":"EssenceOfSteel"},{"floor":14,"key":"SkillPotion"},{"floor":16,"key":"Regen Potion"},{"floor":19,"key":"EssenceOfSteel"},{"floor":22,"key":"PowerPotion"},{"floor":23,"key":"LiquidBronze"},{"floor":28,"key":"PowerPotion"},{"floor":37,"key":"Swift Potion"},{"floor":42,"key":"Block Potion"},{"floor":45,"key":"GamblersBrew"}],"is_trial":false,"path_per_floor":["M","?","?","M","?","R","E","M","T","M","M","R","?","M","R","B",null,"M","?","M","?","M","E","R","$","T","E","M","R","E","?","R","B",null,"M","?","M","M","M","E","R","E","T","M","E","R","E","M","R","B",null,"R","$","E","B",null],"character_chosen":"THE_SILENT","items_purchased":["Well Laid Plans","PiercingWail","PreservedInsect","Incense Burner","Master of Strategy"],"campfire_rested":4,"item_purchase_floors":[25,25,25,53,53],"current_hp_per_floor":[59,48,53,51,39,39,24,24,24,24,13,35,20,20,42,6,58,51,43,34,34,49,44,66,66,66,48,46,68,65,52,52,34,48,54,54,54,54,56,47,56,56,56,57,58,58,33,54,62,59,61,62,62,62,31],"gold":59,"neow_bonus":"BOSS_RELIC","is_prod":false,"is_daily":false,"chose_seed":false,"campfire_upgraded":1,"win_rate":0,"timestamp":1562091512,"path_taken":["M","?","?","M","?","R","E","?","T","M","M","R","?","M","R","BOSS","M","?","M","?","M","E","R","$","T","E","M","R","E","?","R","BOSS","M","?","?","M","M","E","R","E","T","M","E","R","E","M","R","BOSS","R","$","E","BOSS"],"build_version":"2019-07-01","purchased_purges":2,"victory":true,"max_hp_per_floor":[70,70,75,75,75,75,75,75,75,75,75,75,75,75,75,75,75,75,75,75,75,75,75,75,75,75,75,75,75,75,52,52,52,52,54,54,54,54,56,56,56,56,56,58,58,58,60,62,62,62,62,62,62,62,62],"card_choices":[{"not_picked":["Dagger Throw","Quick Slash","Prepared"],"picked":"SKIP","floor":1},{"not_picked":["Underhanded Strike","Flying Knee","Eviscerate"],"picked":"SKIP","floor":4},{"not_picked":["Underhanded Strike","Flying Knee","Eviscerate"],"picked":"SKIP","floor":4},{"not_picked":["Tools of the Trade","Flying Knee"],"picked":"Dagger Throw","floor":7},{"not_picked":["Bane+1","Backflip"],"picked":"Dagger Spray+1","floor":8},{"not_picked":["Noxious Fumes","Flying Knee+1"],"picked":"Finisher+1","floor":10},{"not_picked":["Quick Slash+1","Bane+1","Poisoned Stab+1"],"picked":"SKIP","floor":11},{"not_picked":["Dodge and Roll","Prepared"],"picked":"After Image","floor":14},{"not_picked":["Adrenaline","Night Terror"],"picked":"Die Die Die+1","floor":16},{"not_picked":["Reflex","Dodge and Roll"],"picked":"Cloak And Dagger","floor":18},{"not_picked":["Setup+1","Deflect+1","Outmaneuver"],"picked":"SKIP","floor":20},{"not_picked":["Night Terror","Blade Dance"],"picked":"Infinite Blades","floor":22},{"not_picked":["Deadly Poison","Dagger Throw+1"],"picked":"Slice+1","floor":23},{"not_picked":["Quick Slash+1","Slice+1"],"picked":"Blade Dance+1","floor":27},{"not_picked":["Deadly Poison","Acrobatics"],"picked":"Infinite Blades","floor":28},{"not_picked":["Noxious Fumes+1","Outmaneuver"],"picked":"PiercingWail+1","floor":30},{"not_picked":["Bullet Time","Venomology"],"picked":"Malaise","floor":33},{"not_picked":["Dagger Spray+1","Distraction+1","Blur"],"picked":"Singing Bowl","floor":35},{"not_picked":["Dagger Throw+1","All Out Attack+1"],"picked":"Cloak And Dagger+1","floor":37},{"not_picked":["Acrobatics","Poisoned Stab+1"],"picked":"Blade Dance+1","floor":38},{"not_picked":["Distraction","Quick Slash+1","Escape Plan"],"picked":"Singing Bowl","floor":39},{"not_picked":["Calculated Gamble+1","Bouncing Flask+1"],"picked":"Infinite Blades+1","floor":40},{"not_picked":["Distraction+1","Prepared+1"],"picked":"Backflip","floor":42},{"not_picked":["Skewer+1","Noxious Fumes+1"],"picked":"Backflip+1","floor":44},{"not_picked":["Acrobatics","Poisoned Stab+1","Storm of Steel"],"picked":"Singing Bowl","floor":44},{"not_picked":["All Out Attack+1","Catalyst"],"picked":"PiercingWail","floor":45},{"not_picked":["Slice+1","Dagger Spray+1","Deadly Poison"],"picked":"Singing Bowl","floor":47},{"not_picked":["Blur","Quick Slash+1","Masterful Stab+1"],"picked":"Singing Bowl","floor":48},{"not_picked":["Dodge and Roll+1","Riddle With Holes+1"],"picked":"Acrobatics+1","floor":48},{"not_picked":["Prepared","Quick Slash+1"],"picked":"Well Laid Plans","floor":54}],"player_experience":418461,"relics_obtained":[{"floor":7,"key":"Molten Egg 2"},{"floor":9,"key":"Ancient Tea Set"},{"floor":19,"key":"Red Mask"},{"floor":23,"key":"Singing Bowl"},{"floor":27,"key":"War Paint"},{"floor":30,"key":"Ornamental Fan"},{"floor":40,"key":"Shovel"},{"floor":41,"key":"Kunai"},{"floor":42,"key":"Oddly Smooth Stone"},{"floor":43,"key":"Prayer Wheel"},{"floor":45,"key":"Omamori"},{"floor":46,"key":"Meat on the Bone"},{"floor":47,"key":"Blood Vial"},{"floor":49,"key":"Mercury Hourglass"},{"floor":52,"key":"Mummified Hand"},{"floor":54,"key":"Bag of Preparation"}],"event_choices":[{"damage_healed":0,"gold_gain":75,"player_choice":"Gather Gold","damage_taken":11,"max_hp_gain":0,"max_hp_loss":0,"event_name":"World of Goop","floor":2,"gold_loss":0},{"damage_healed":0,"gold_gain":0,"player_choice":"Donut","damage_taken":0,"max_hp_gain":5,"max_hp_loss":0,"event_name":"Big Fish","floor":3,"gold_loss":0},{"damage_healed":0,"gold_gain":0,"player_choice":"Success","damage_taken":12,"relics_obtained":["Orichalcum"],"max_hp_gain":0,"max_hp_loss":0,"event_name":"Scrap Ooze","floor":5,"gold_loss":0},{"damage_healed":0,"gold_gain":0,"player_choice":"Entered Light","damage_taken":15,"max_hp_gain":0,"max_hp_loss":0,"event_name":"Shining Light","floor":13,"gold_loss":0,"cards_upgraded":["Strike_G","Defend_G"]},{"damage_healed":0,"gold_gain":0,"player_choice":"Fought Bandits","damage_taken":0,"max_hp_gain":0,"max_hp_loss":0,"event_name":"Masked Bandits","floor":19,"gold_loss":0},{"damage_healed":0,"gold_gain":0,"player_choice":"Obtain J.A.X.","damage_taken":0,"max_hp_gain":0,"max_hp_loss":0,"event_name":"Drug Dealer","floor":21,"gold_loss":0,"cards_obtained":["J.A.X."]},{"damage_healed":0,"gold_gain":0,"player_choice":"Became a vampire","damage_taken":0,"max_hp_gain":0,"max_hp_loss":23,"event_name":"Vampires","floor":31,"gold_loss":0,"cards_obtained":["Bite","Bite","Bite","Bite","Bite"]},{"cards_removed":["Bite"],"damage_healed":0,"gold_gain":0,"player_choice":"Gave Card","damage_taken":0,"relics_obtained":["Bag of Marbles"],"max_hp_gain":0,"max_hp_loss":0,"event_name":"WeMeetAgain","floor":36,"gold_loss":0}],"is_beta":false,"boss_relics":[{"not_picked":["Empty Cage","White Beast Statue"],"picked":"Fusion Hammer"},{"not_picked":["HoveringKite","Velvet Choker"],"picked":"Eternal Feather"}],"items_purged_floors":[25,53],"is_endless":false,"potions_floor_spawned":[4,10,14,16,19,22,23,27,28,37,42,45,47,48],"ascension_level":5}