{"gold_per_floor":[110,130,130,130,130,161,161,181,181,181,208,208,223,240,240,338,338,352,364,364,384,394,426,426,453,476,508,26,54,54,64,64,162,162,177,252,262,273,108,135,135,166,166,176,22,22,50,62,62,62],"floor_reached":51,"playtime":5435,"items_purged":["Strike_R"],"score":1545,"play_id":"976711ea-de5a-4384-9286-5cdea8f83fa1","local_time":"20190702163944","is_ascension_mode":true,"campfire_choices":[{"data":"Bash","floor":7.0,"key":"SMITH"},{"data":"Clothesline","floor":10.0,"key":"SMITH"},{"data":"Cleave","floor":12.0,"key":"SMITH"},{"data":"Havoc","floor":15.0,"key":"SMITH"},{"data":"Spot Weakness","floor":24.0,"key":"SMITH"},{"data":"Feed","floor":30.0,"key":"SMITH"},{"data":"Impervious","floor":32.0,"key":"SMITH"},{"data":"Demon Form","floor":41,"key":"SMITH"},{"data":"Impervious","floor":46,"key":"SMITH"},{"data":"Strike_R","floor":49,"key":"PURGE"}],"neow_cost":"NONE","seed_source_timestamp":26891513210708,"circlet_count":0,"master_deck":["Strike_R+1","Strike_R","Defend_R","Defend_R","Defend_R","Defend_R","Bash+1","Impervious+1","Havoc+1","Clothesline+1","Cleave+1","Bludgeon+1","Spot Weakness+1","Impervious+1","Bash","Shrug It Off+1","Battle Trance+1","Bludgeon","Barricade","Corruption","Feed+1","Demon Form+1","Entrench","Reaper","Impervious","Clothesline+1","Feed","Impervious+1","Shockwave+1","Heavy Blade+1","Barricade"],"special_seed":0,"relics":["Burning Blood","Ornamental Fan","Mercury Hourglass","The Courier","Snecko Eye","Whetstone","Omamori","Anchor","Sundial","FossilizedHelix","Peace Pipe","Orrery","DollysMirror","Pen Nib","Mummified Hand","ClockworkSouvenir","Letter Opener"],"potions_floor_usage":[50],"damage_taken":[{"damage":0.0,"enemies":"Small Slimes","floor":1.0,"turns":4.0},{"damage":8.0,"enemies":"Jaw Worm","floor":2.0,"turns":6.0},{"damage":14.0,"enemies":"Lagavulin","floor":6.0,"turns":7.0},{"damage":4.0,"enemies":"2 Louse","floor":8.0,"turns":3.0},{"damage":29.0,"enemies":"3 Sentries","floor":11.0,"turns":9.0},{"damage":1.0,"enemies":"Red Slaver","floor":13.0,"turns":3.0},{"damage":5.0,"enemies":"Gremlin Gang","floor":14.0,"turns":3.0},{"damage":23.0,"enemies":"Slime Boss","floor":16.0,"turns":9.0},{"damage":13.0,"enemies":"3 Byrds","floor":18.0,"turns":4.0},{"damage":6.0,"enemies":"Shell Parasite","floor":19.0,"turns":4.0},{"damage":0.0,"enemies":"Chosen and Byrds","floor":21.0,"turns":3.0},{"damage":2.0,"enemies":"Snake Plant","floor":22.0,"turns":4.0},{"damage":11.0,"enemies":"Gremlin Leader","floor":23.0,"turns":4.0},{"damage":0.0,"enemies":"Book of Stabbing","floor":25.0,"turns":3.0},{"damage":0.0,"enemies":"Gremlin Leader","floor":27.0,"turns":4.0},{"damage":0.0,"enemies":"Book of Stabbing","floor":29.0,"turns":5.0},{"damage":0.0,"enemies":"Centurion and Healer","floor":31.0,"turns":5.0},{"damage":0.0,"enemies":"Automaton","floor":33.0,"turns":9.0},{"damage":0.0,"enemies":"Orb Walker","floor":35.0,"turns":5.0},{"damage":0.0,"enemies":"3 Shapes","floor":37.0,"turns":8.0},{"damage":0,"enemies":"Writhing Mass","floor":38,"turns":7},{"damage":0,"enemies":"Nemesis","floor":40,"turns":9},{"damage":0,"enemies":"Giant Head","floor":42,"turns":9},{"damage":0,"enemies":"Sphere and 2 Shapes","floor":44,"turns":7},{"damage":0,"enemies":"Reptomancer","floor":47,"turns":4},{"damage":0,"enemies":"Spire Growth","floor":48,"turns":6},{"damage":0,"enemies":"Donu and Deca","floor":50,"turns":9}],"seed_played":"8893987290822650150","potions_obtained":[{"floor":1.0,"key":"EssenceOfSteel"},{"floor":5.0,"key":"EssenceOfSteel"},{"floor":5.0,"key":"PowerPotion"},{"floor":8.0,"key":"Swift Potion"},{"floor":14.0,"key":"Poison Potion"},{"floor":18.0,"key":"Energy Potion"},{"floor":21.0,"key":"BloodPotion"},{"floor":25.0,"key":"Fruit Juice"},{"floor":37.0,"key":"EssenceOfSteel"},{"floor":42,"key":"PowerPotion"}],"is_trial":false,"path_per_floor":["M","M","?","?","?","E","R","M","T","R","E","R","M","M","R","B",null,"M","M","?","M","M","E","R","E","T","E","$","E","R","M","R","B",null,"M","?","M","M","$","E","R","E","T","M","$","R","E","M","R","B",null],"character_chosen":"IRONCLAD","items_purchased":["FossilizedHelix","Corruption","Feed","DollysMirror","ClockworkSouvenir"],"campfire_rested":0,"item_purchase_floors":[28,28,28,39,45],"current_hp_per_floor":[78,76,69,74,74,66,66,68,68,68,45,45,50,51,51,34,72,65,65,65,71,75,70,70,76,76,82,82,88,88,92,92,101,101,105,95,109,113,113,117,117,121,121,128,128,128,131,135,135,138],"gold":62,"neow_bonus":"ONE_RANDOM_RARE_CARD","is_prod":false,"is_daily":false,"chose_seed":false,"campfire_upgraded":9,"win_rate":0,"timestamp":1562078384,"path_taken":["M","M","?","?","?","E","R","M","T","R","E","R","?","M","R","BOSS","M","?","?","M","M","E","R","E","T","E","?","E","R","M","R","BOSS","M","?","?","?","?","E","R","E","T","M","$","R","E","M","R","BOSS"],"build_version":"2019-07-01","purchased_purges":1,"victory":true,"max_hp_per_floor":[80,80,80,85,85,85,85,85,85,85,85,85,85,85,85,85,85,85,85,85,85,85,85,85,85,85,85,85,88,88,92,92,101,101,105,105,109,113,113,117,117,121,121,128,128,128,131,135,135,138],"card_choices":[{"not_picked":["Armaments","Wild Strike","Warcry"],"picked":"SKIP","floor":1.0},{"not_picked":["Seeing Red","Thunderclap"],"picked":"Havoc","floor":2.0},{"not_picked":["Blood for Blood","Sword Boomerang"],"picked":"Clothesline","floor":6.0},{"not_picked":["Clash","Flex","Thunderclap"],"picked":"SKIP","floor":8.0},{"not_picked":["Power Through","Rage"],"picked":"Cleave","floor":11.0},{"not_picked":["Power Through","Fire Breathing","Iron Wave"],"picked":"SKIP","floor":13.0},{"not_picked":["Dropkick","Havoc","Clash"],"picked":"SKIP","floor":14.0},{"not_picked":["Fiend Fire","Berserk"],"picked":"Bludgeon","floor":16.0},{"not_picked":["Thunderclap","Cleave","Intimidate"],"picked":"SKIP","floor":18.0},{"not_picked":["Sever Soul","Dual Wield+1"],"picked":"Spot Weakness","floor":19.0},{"not_picked":["Sword Boomerang","Clothesline+1"],"picked":"Shrug It Off+1","floor":21.0},{"not_picked":["Combust","Second Wind"],"picked":"Battle Trance+1","floor":22.0},{"not_picked":["Sentinel","Cleave+1","Anger"],"picked":"SKIP","floor":23.0},{"not_picked":["Clothesline","Sword Boomerang"],"picked":"Bludgeon","floor":25.0},{"not_picked":["Clothesline","Clash"],"picked":"Barricade","floor":27.0},{"not_picked":["Heavy Blade","True Grit"],"picked":"Demon Form","floor":29.0},{"not_picked":["Sword Boomerang+1","Shrug It Off"],"picked":"Entrench","floor":31.0},{"not_picked":["Dark Embrace","Fiend Fire"],"picked":"Reaper","floor":33.0},{"not_picked":["True Grit","Heavy Blade+1"],"picked":"Impervious","floor":34.0},{"not_picked":["Wild Strike","Sword Boomerang"],"picked":"Clothesline+1","floor":34.0},{"not_picked":["Power Through","Dual Wield"],"picked":"Feed","floor":35.0},{"not_picked":["Heavy Blade","Warcry+1","Flex+1"],"picked":"SKIP","floor":37.0},{"not_picked":["Clash+1","Iron Wave+1","True Grit+1"],"picked":"SKIP","floor":38},{"not_picked":["Blood for Blood","Wild Strike+1","Evolve+1"],"picked":"SKIP","floor":40},{"not_picked":["Perfected Strike+1","True Grit"],"picked":"Shockwave+1","floor":42},{"not_picked":["Burning Pact+1","Body Slam+1"],"picked":"Heavy Blade+1","floor":44},{"not_picked":["Shrug It Off","True Grit"],"picked":"Barricade","floor":47},{"not_picked":["Clothesline","Headbutt","Sword Boomerang+1"],"picked":"SKIP","floor":48}],"player_experience":405192,"relics_obtained":[{"floor":6.0,"key":"Ornamental Fan"},{"floor":9.0,"key":"Mercury Hourglass"},{"floor":11.0,"key":"The Courier"},{"floor":23.0,"key":"Whetstone"},{"floor":25.0,"key":"Omamori"},{"floor":26.0,"key":"Anchor"},{"floor":27.0,"key":"Sundial"},{"floor":29.0,"key":"Peace Pipe"},{"floor":40,"key":"Pen Nib"},{"floor":42,"key":"Mummified Hand"},{"floor":47,"key":"Letter Opener"}],"event_choices":[{"cards_removed":["Strike_R"],"damage_healed":0.0,"max_hp_gain":0.0,"max_hp_loss":0.0,"gold_gain":0.0,"event_name":"Golden Wing","player_choice":"Card Removal","floor":3.0,"gold_loss":0.0,"damage_taken":7.0},{"damage_healed":0.0,"max_hp_gain":5.0,"max_hp_loss":0.0,"gold_gain":0.0,"event_name":"Big Fish","player_choice":"Donut","floor":4.0,"gold_loss":0.0,"damage_taken":0.0},{"damage_healed":0.0,"max_hp_gain":0.0,"max_hp_loss":0.0,"gold_gain":0.0,"event_name":"Lab","player_choice":"Got Potions","floor":5.0,"gold_loss":0.0,"damage_taken":0.0},{"damage_healed":0.0,"max_hp_gain":0.0,"max_hp_loss":0.0,"gold_gain":0.0,"event_name":"Match and Keep!","player_choice":"2 cards matched","floor":20.0,"gold_loss":0.0,"damage_taken":0.0,"cards_obtained":["Impervious","Bash"]},{"damage_healed":0.0,"max_hp_gain":0.0,"max_hp_loss":0.0,"gold_gain":75.0,"event_name":"FaceTrader","player_choice":"Touch","floor":36.0,"gold_loss":0.0,"damage_taken":10.0}],"is_beta":false,"boss_relics":[{"not_picked":["Astrolabe","Runic Dome"],"picked":"Snecko Eye"},{"not_picked":["White Beast Statue","Pandora\u0027s Box"],"picked":"Orrery"}],"items_purged_floors":[28],"is_endless":false,"potions_floor_spawned":[1,8,14,18,21,25,37,38,42,44],"ascension_level":8}