{"gold_per_floor":[217,235,235,251,268,300,363,363,363,377,390,407,427,437,437,534,534,546,546,558,573,587,587,607,641,641,566,566,582,142,154,154,154],"floor_reached":33,"playtime":5792,"items_purged":["Strike_R","Strike_R"],"score":277,"play_id":"18b16e51-28b6-4474-8792-caaaca569096","local_time":"20190610131943","is_ascension_mode":false,"campfire_choices":[{"floor":8,"key":"REST"},{"data":"Seeing Red","floor":15,"key":"SMITH"},{"floor":28,"key":"REST"},{"data":"Pommel Strike","floor":32,"key":"SMITH"}],"neow_cost":"NONE","seed_source_timestamp":4264137878445,"circlet_count":0,"master_deck":["Strike_R+1","Strike_R","Strike_R+1","Defend_R+1","Defend_R","Defend_R","Defend_R+1","Bash","Dropkick","Iron Wave","Shrug It Off","Anger","Headbutt","Pommel Strike+1","Flex","Demon Form","Flex","Pommel Strike","Seeing Red+1","Reaper","Headbutt+1","Thunderclap","Ghostly Armor","Intimidate","Pommel Strike","Flex","Inflame+1"],"relics":["Burning Blood","Regal Pillow","Bottled Lightning","War Paint","Busted Crown","Meat on the Bone","MutagenicStrength","Anchor","Paper Frog","Gremlin Horn"],"potions_floor_usage":[33,33,33],"damage_taken":[{"damage":8,"enemies":"Jaw Worm","floor":1,"turns":6},{"damage":2,"enemies":"Small Slimes","floor":2,"turns":4},{"damage":4,"enemies":"2 Louse","floor":4,"turns":3},{"damage":2,"enemies":"Looter","floor":5,"turns":2},{"damage":8,"enemies":"Gremlin Nob","floor":6,"turns":4},{"damage":28,"enemies":"Lagavulin Event","floor":7,"turns":6},{"damage":9,"enemies":"Gremlin Gang","floor":10,"turns":6},{"damage":5,"enemies":"Lots of Slimes","floor":11,"turns":5},{"damage":0,"enemies":"2 Fungi Beasts","floor":12,"turns":3},{"damage":0,"enemies":"3 Louse","floor":13,"turns":3},{"damage":4,"enemies":"Exordium Thugs","floor":14,"turns":3},{"damage":55,"enemies":"Hexaghost","floor":16,"turns":8},{"damage":28,"enemies":"3 Byrds","floor":18,"turns":6},{"damage":0,"enemies":"Shell Parasite","floor":20,"turns":3},{"damage":42,"enemies":"Snecko","floor":21,"turns":6},{"damage":0,"enemies":"Centurion and Healer","floor":22,"turns":6},{"damage":9,"enemies":"3 Cultists","floor":24,"turns":6},{"damage":64,"enemies":"Slavers","floor":25,"turns":7},{"damage":36,"enemies":"Snecko","floor":29,"turns":10},{"damage":0,"enemies":"Chosen and Byrds","floor":31,"turns":6},{"damage":133,"enemies":"Automaton","floor":33,"turns":12}],"seed_played":"-8666694273221726189","potions_obtained":[{"floor":1,"key":"Poison Potion"},{"floor":2,"key":"FearPotion"},{"floor":5,"key":"PowerPotion"},{"floor":11,"key":"SteroidPotion"},{"floor":14,"key":"BloodPotion"},{"floor":16,"key":"Swift Potion"}],"is_trial":false,"path_per_floor":["M","M","?","M","M","E","?","R","T","M","M","M","M","M","R","B",null,"M","?","M","M","M","?","M","E","T","$","R","M","$","M","R","B"],"character_chosen":"IRONCLAD","items_purchased":["Gremlin Horn","Pommel Strike","Flex"],"campfire_rested":2,"item_purchase_floors":[30,30,30],"current_hp_per_floor":[78,80,64,66,70,68,46,80,80,77,78,80,80,80,80,31,80,73,73,79,55,70,70,71,34,34,34,73,55,55,71,71,0],"gold":154,"neow_bonus":"HUNDRED_GOLD","is_prod":false,"is_daily":false,"chose_seed":false,"campfire_upgraded":2,"win_rate":0.0,"timestamp":1560165583,"path_taken":["M","M","?","M","M","E","?","R","T","M","M","M","M","M","R","BOSS","M","?","M","M","M","?","M","E","T","$","R","M","$","M","R","BOSS"],"build_version":"2019-01-23","purchased_purges":2,"victory":false,"max_hp_per_floor":[80,80,80,80,80,80,80,80,80,80,80,80,80,80,80,80,80,80,80,80,80,80,80,80,80,80,80,80,80,80,80,80,80],"card_choices":[{"not_picked":["Flame Barrier","Uppercut"],"picked":"Dropkick","floor":1},{"not_picked":["Warcry","Body Slam"],"picked":"Iron Wave","floor":2},{"not_picked":["Rampage","Entrench"],"picked":"Shrug It Off","floor":4},{"not_picked":["Pommel Strike","Bloodletting"],"picked":"Anger","floor":5},{"not_picked":["Warcry","Cleave"],"picked":"Headbutt","floor":6},{"not_picked":["Body Slam","Twin Strike"],"picked":"Pommel Strike","floor":7},{"not_picked":["Warcry","Armaments"],"picked":"Flex","floor":10},{"not_picked":["Shrug It Off","Body Slam"],"picked":"Demon Form","floor":11},{"not_picked":["Combust","Corruption"],"picked":"Flex","floor":12},{"not_picked":["Armaments","Headbutt"],"picked":"Pommel Strike","floor":13},{"not_picked":["Iron Wave","Body Slam"],"picked":"Seeing Red","floor":14},{"not_picked":["Demon Form","Offering"],"picked":"Reaper","floor":16},{"not_picked":[],"picked":"Headbutt+1","floor":18},{"not_picked":[],"picked":"Thunderclap","floor":20},{"not_picked":[],"picked":"Ghostly Armor","floor":21},{"not_picked":[],"picked":"Intimidate","floor":22},{"not_picked":["Headbutt"],"picked":"SKIP","floor":24},{"not_picked":["Sword Boomerang"],"picked":"SKIP","floor":25},{"not_picked":["Sword Boomerang"],"picked":"SKIP","floor":29},{"not_picked":[],"picked":"Inflame+1","floor":31}],"player_experience":12894,"relics_obtained":[{"floor":6,"key":"Regal Pillow"},{"floor":7,"key":"Bottled Lightning"},{"floor":9,"key":"War Paint"},{"floor":25,"key":"Anchor"},{"floor":26,"key":"Paper Frog"}],"event_choices":[{"damage_healed":0,"gold_gain":0,"player_choice":"Entered Light","damage_taken":16,"max_hp_gain":0,"max_hp_loss":0,"event_name":"Shining Light","floor":3,"gold_loss":0,"cards_upgraded":["Strike_R","Strike_R"]},{"damage_healed":0,"gold_gain":0,"player_choice":"Searched \u00271\u0027 times","damage_taken":0,"max_hp_gain":0,"max_hp_loss":0,"event_name":"Dead Adventurer","floor":7,"gold_loss":0},{"damage_healed":0,"gold_gain":0,"player_choice":"Opened","damage_taken":0,"relics_obtained":["Meat on the Bone"],"max_hp_gain":0,"max_hp_loss":0,"event_name":"The Mausoleum","floor":19,"gold_loss":0},{"damage_healed":0,"gold_gain":0,"player_choice":"Inject Mutagens","damage_taken":0,"relics_obtained":["MutagenicStrength"],"max_hp_gain":0,"max_hp_loss":0,"event_name":"Drug Dealer","floor":23,"gold_loss":0}],"is_beta":false,"boss_relics":[{"not_picked":["Calling Bell","Black Blood"],"picked":"Busted Crown"}],"items_purged_floors":[27,30],"is_endless":false,"potions_floor_spawned":[1,2,5,11,14,16,24,25],"killed_by":"Automaton","ascension_level":0}