{"gold_per_floor":[216,232,232,247,1,1,57,90,90,90,107,107,132,145,145,145],"floor_reached":16,"playtime":664,"items_purged":["Strike_G"],"score":220,"play_id":"d17ce5da-a2ba-4dc4-9bde-649db442588c","local_time":"20190703205723","is_ascension_mode":true,"campfire_choices":[{"data":"Neutralize","floor":6,"key":"SMITH"},{"floor":10,"key":"REST"},{"data":"Dagger Spray","floor":12,"key":"SMITH"},{"data":"Predator","floor":15,"key":"SMITH"}],"neow_cost":"NONE","seed_source_timestamp":23576805365445,"circlet_count":0,"master_deck":["AscendersBane","Strike_G","Strike_G","Strike_G","Strike_G","Defend_G","Defend_G","Defend_G","Defend_G","Defend_G","Survivor","Neutralize+1","Flying Knee","Quick Slash","Dagger Throw","Predator+1","After Image","Dagger Spray+1"],"relics":["Ring of the Snake","Orichalcum","Dodecahedron","Bag of Preparation","Meat on the Bone","Regal Pillow"],"potions_floor_usage":[7,16,16],"damage_taken":[{"damage":6,"enemies":"Jaw Worm","floor":1,"turns":8},{"damage":4,"enemies":"Small Slimes","floor":2,"turns":5},{"damage":0,"enemies":"Cultist","floor":4,"turns":3},{"damage":18,"enemies":"Gremlin Nob","floor":7,"turns":4},{"damage":27,"enemies":"Lagavulin","floor":8,"turns":9},{"damage":7,"enemies":"3 Louse","floor":11,"turns":3},{"damage":18,"enemies":"Gremlin Nob","floor":13,"turns":4},{"damage":0,"enemies":"2 Fungi Beasts","floor":14,"turns":3},{"damage":54,"enemies":"Slime Boss","floor":16,"turns":7}],"seed_played":"3947776307264963531","potions_obtained":[{"floor":4,"key":"Strength Potion"},{"floor":8,"key":"Dexterity Potion"},{"floor":11,"key":"Fruit Juice"}],"is_trial":false,"path_per_floor":["M","M","?","M","$","R","?","E","T","R","M","R","E","M","R","B"],"character_chosen":"THE_SILENT","items_purchased":["Orichalcum"],"campfire_rested":1,"item_purchase_floors":[5],"current_hp_per_floor":[53,49,54,54,54,54,36,9,9,30,35,35,29,41,41,0],"gold":145,"neow_bonus":"HUNDRED_GOLD","is_prod":false,"is_daily":false,"chose_seed":false,"campfire_upgraded":3,"win_rate":0,"timestamp":1562180243,"path_taken":["M","M","?","M","$","R","?","E","T","R","M","R","E","M","R","BOSS"],"build_version":"2019-07-01","purchased_purges":1,"victory":false,"max_hp_per_floor":[66,66,71,71,71,71,71,71,71,71,71,71,71,71,71,76],"card_choices":[{"not_picked":["Underhanded Strike","Deflect"],"picked":"Flying Knee","floor":1},{"not_picked":["Catalyst","Sucker Punch"],"picked":"Quick Slash","floor":2},{"not_picked":["Deadly Poison","Deflect"],"picked":"Dagger Throw","floor":4},{"not_picked":["Acrobatics","Outmaneuver"],"picked":"Predator","floor":7},{"not_picked":["Quick Slash","Bane"],"picked":"After Image","floor":8},{"not_picked":["Quick Slash","Riddle With Holes"],"picked":"Dagger Spray","floor":11},{"not_picked":["Prepared","Outmaneuver","Deflect"],"picked":"SKIP","floor":13},{"not_picked":["Masterful Stab","Endless Agony","Deflect"],"picked":"SKIP","floor":14}],"player_experience":1459746,"relics_obtained":[{"floor":7,"key":"Dodecahedron"},{"floor":8,"key":"Bag of Preparation"},{"floor":9,"key":"Meat on the Bone"},{"floor":13,"key":"Regal Pillow"}],"event_choices":[{"damage_healed":0,"gold_gain":0,"player_choice":"Donut","damage_taken":0,"max_hp_gain":5,"max_hp_loss":0,"event_name":"Big Fish","floor":3,"gold_loss":0},{"damage_healed":0,"gold_gain":30,"player_choice":"Searched \u00272\u0027 times","damage_taken":0,"max_hp_gain":0,"max_hp_loss":0,"event_name":"Dead Adventurer","floor":7,"gold_loss":0}],"is_beta":false,"boss_relics":[],"items_purged_floors":[5],"is_endless":false,"potions_floor_spawned":[4,8,11],"killed_by":"Slime Boss","ascension_level":20}