{"gold_per_floor":[111,128,203,203,34,60,60,93,93,127,144,144,156,126,126,126],"floor_reached":16,"playtime":1582,"items_purged":["Strike_G"],"score":179,"play_id":"9124cb6e-0a59-4b2a-a01a-06c4e44d8969","local_time":"20190701142440","is_ascension_mode":true,"campfire_choices":[{"data":"Malaise","floor":7.0,"key":"SMITH"},{"data":"Poisoned Stab","floor":12.0,"key":"SMITH"},{"floor":15.0,"key":"REST"}],"neow_cost":"NONE","seed_source_timestamp":48493796086800,"circlet_count":0,"master_deck":["Strike_G","Strike_G","Strike_G","Defend_G","Defend_G","Defend_G","Defend_G","Defend_G","Survivor","Neutralize","Dagger Throw","Flying Knee","Cloak And Dagger","Well Laid Plans","Malaise+1","Backflip","Adrenaline","Poisoned Stab+1","Blur"],"special_seed":0,"relics":["Ring of the Snake","NeowsBlessing","Blue Candle","Centennial Puzzle","Bronze Scales"],"potions_floor_usage":[16,16,16],"damage_taken":[{"damage":0.0,"enemies":"2 Louse","floor":1.0,"turns":1.0},{"damage":0.0,"enemies":"Jaw Worm","floor":2.0,"turns":1.0},{"damage":0.0,"enemies":"Lagavulin","floor":6.0,"turns":1.0},{"damage":29.0,"enemies":"Gremlin Nob","floor":8.0,"turns":6.0},{"damage":10.0,"enemies":"3 Sentries","floor":10.0,"turns":12.0},{"damage":0.0,"enemies":"Cultist","floor":11.0,"turns":3.0},{"damage":0.0,"enemies":"Looter","floor":13.0,"turns":3.0},{"damage":41,"enemies":"Slime Boss","floor":16,"turns":9}],"seed_played":"-6573617952987313777","potions_obtained":[{"floor":6.0,"key":"PowerPotion"},{"floor":8.0,"key":"Energy Potion"},{"floor":11.0,"key":"Energy Potion"},{"floor":14.0,"key":"EssenceOfSteel"},{"floor":14.0,"key":"LiquidBronze"}],"is_trial":false,"path_per_floor":["M","M","?","?","$","E","R","E","T","E","M","R","M","?","R","B"],"character_chosen":"THE_SILENT","items_purchased":["Cloak And Dagger","Well Laid Plans"],"campfire_rested":1,"item_purchase_floors":[5,5],"current_hp_per_floor":[70,70,59,59,59,59,59,30,30,20,20,20,20,20,41,0],"gold":126,"neow_bonus":"THREE_ENEMY_KILL","is_prod":false,"is_daily":false,"chose_seed":false,"campfire_upgraded":2,"win_rate":0,"timestamp":1561983880,"path_taken":["M","M","?","?","$","E","R","E","T","E","?","R","M","?","R","BOSS"],"build_version":"2019-06-30","purchased_purges":1,"victory":false,"max_hp_per_floor":[70,70,70,70,70,70,70,70,70,70,70,70,70,70,70,70],"card_choices":[{"not_picked":["Underhanded Strike","Bane"],"picked":"Dagger Throw","floor":1.0},{"not_picked":["Blade Dance","Reflex"],"picked":"Flying Knee","floor":2.0},{"not_picked":["Predator","Bullet Time"],"picked":"Malaise","floor":6.0},{"not_picked":["Outmaneuver","Glass Knife"],"picked":"Backflip","floor":8.0},{"not_picked":["Outmaneuver","All Out Attack"],"picked":"Adrenaline","floor":10.0},{"not_picked":["Setup","Prepared"],"picked":"Poisoned Stab","floor":11.0},{"not_picked":["Well Laid Plans","Outmaneuver"],"picked":"Blur","floor":13.0}],"player_experience":404562,"relics_obtained":[{"floor":6.0,"key":"Blue Candle"},{"floor":8.0,"key":"Centennial Puzzle"},{"floor":10.0,"key":"Bronze Scales"}],"event_choices":[{"damage_healed":0.0,"max_hp_gain":0.0,"max_hp_loss":0.0,"gold_gain":75.0,"event_name":"World of Goop","player_choice":"Gather Gold","floor":3.0,"gold_loss":0.0,"damage_taken":11.0},{"cards_removed":["Strike_G"],"damage_healed":0.0,"max_hp_gain":0.0,"max_hp_loss":0.0,"gold_gain":0.0,"event_name":"Purifier","player_choice":"Purged","floor":4.0,"gold_loss":0.0,"damage_taken":0.0},{"damage_healed":0.0,"max_hp_gain":0.0,"max_hp_loss":0.0,"gold_gain":0.0,"event_name":"The Woman in Blue","player_choice":"Bought 2 Potions","floor":14.0,"gold_loss":0.0,"damage_taken":0.0}],"is_beta":true,"boss_relics":[],"items_purged_floors":[5],"is_endless":false,"potions_floor_spawned":[6,8,11],"killed_by":"Slime Boss","ascension_level":5}