{"gold_per_floor":[110,110,110,35,35,35,110,110,110,110,110,110,25,25,25,146,146,169,169,16,30,54,54,70,70,70,84,38,38,38,38,38,169,232,252,252,41,56,56,399,420,420,420,52,66,66,399,399,399,399],"floor_reached":51,"playtime":4703,"items_purged":["Injury","Strike_G","Defend_G","Defend_G"],"score":952,"play_id":"c077e8f1-d508-431b-a891-48dbdd313bda","local_time":"20181023123754","is_ascension_mode":true,"campfire_choices":[{"data":"1","floor":6.0,"key":"LIFT"},{"floor":12.0,"key":"REST"},{"data":"2","floor":15.0,"key":"LIFT"},{"floor":25.0,"key":"REST"},{"floor":30.0,"key":"REST"},{"data":"3","floor":32.0,"key":"LIFT"},{"floor":42.0,"key":"REST"},{"data":"Blade Dance","floor":46.0,"key":"SMITH"},{"floor":49.0,"key":"REST"}],"neow_cost":"NONE","seed_source_timestamp":0,"circlet_count":0,"master_deck":["Defend_G","Defend_G","Defend_G","Strike_G+1","Survivor","Neutralize+1","Dagger Spray","Riddle With Holes+1","Corpse Explosion","Riddle With Holes","Blade Dance+1","Backflip+1","Dash","Slice+1","Dodge and Roll+1","Blade Dance","Bullet Time","Poisoned Stab+1","Leg Sweep+1","Madness","Madness","Good Instincts","Poisoned Stab+1","Riddle With Holes","Cloak And Dagger+1","Caltrops","Blade Dance+1","Neutralize","Panacea"],"special_seed":0,"relics":["Ring of the Snake","Juzu Bracelet","Girya","FaceOfCleric","Strawberry","Sozu","Enchiridion","Kunai","Tiny House","Old Coin","Sundial","Regal Pillow"],"potions_floor_usage":[],"damage_taken":[{"damage":8.0,"enemies":"Cultist","floor":1.0,"turns":6.0},{"damage":25.0,"enemies":"Hexaghost","floor":16.0,"turns":12.0},{"damage":6.0,"enemies":"Shell Parasite","floor":18.0,"turns":4.0},{"damage":19.0,"enemies":"2 Thieves","floor":21.0,"turns":2.0},{"damage":11.0,"enemies":"Snake Plant","floor":22.0,"turns":4.0},{"damage":1.0,"enemies":"Shelled Parasite and Fungi","floor":24.0,"turns":4.0},{"damage":5.0,"enemies":"Centurion and Healer","floor":27.0,"turns":3.0},{"damage":49.0,"enemies":"Collector","floor":33.0,"turns":11.0},{"damage":11.0,"enemies":"3 Darklings","floor":35.0,"turns":2.0},{"damage":0.0,"enemies":"Orb Walker","floor":38.0,"turns":4.0},{"damage":26.0,"enemies":"Nemesis","floor":40.0,"turns":7.0},{"damage":29.0,"enemies":"Transient","floor":41.0,"turns":5.0},{"damage":0.0,"enemies":"Jaw Worm Horde","floor":45.0,"turns":2.0},{"damage":67,"enemies":"Awakened One","floor":50,"turns":16}],"seed_played":"1727362869379540112","potions_obtained":[],"is_trial":false,"path_per_floor":["M","?","?","$","?","R","?","?","T","?","?","R","$","?","R","B",null,"M","?","$","M","M","?","M","R","T","M","$","$","R","?","R","B",null,"M","?","$","M","?","E","M","R","T","$","M","R","?","?","R","B"],"character_chosen":"THE_SILENT","items_purchased":["Dagger Spray","Riddle With Holes","Blade Dance","Blade Dance","Good Instincts","Regal Pillow","Caltrops"],"campfire_rested":5,"item_purchase_floors":[13,13,20,28,37,44,44],"current_hp_per_floor":[55,55,55,55,55,55,44,44,51,36,29,52,52,52,52,28,66,61,61,61,43,33,17,17,41,41,37,37,37,61,61,61,13,71,61,50,50,51,91,66,38,65,65,65,66,66,66,66,94,28],"gold":399,"neow_bonus":"RANDOM_COMMON_RELIC","is_prod":false,"is_daily":false,"chose_seed":false,"campfire_upgraded":1,"win_rate":0,"timestamp":1540316274,"path_taken":["M","?","?","$","?","R","?","?","T","?","?","R","?","?","R","BOSS","M","?","$","M","M","?","M","R","T","M","?","$","R","?","R","BOSS","M","?","$","M","?","E","M","R","T","?","M","R","?","?","R","BOSS"],"build_version":"2018-10-18","purchased_purges":4,"victory":true,"max_hp_per_floor":[70,70,70,70,70,70,70,70,77,77,77,77,77,77,77,78,78,79,79,79,80,81,81,82,82,82,83,83,83,83,83,83,84,89,90,90,90,91,91,92,93,93,93,93,94,94,94,94,94,95],"card_choices":[{"not_picked":["Outmaneuver","Dagger Throw"],"picked":"Cloak And Dagger","floor":1.0},{"not_picked":["Grand Finale","After Image"],"picked":"Corpse Explosion","floor":16.0},{"not_picked":["Noxious Fumes","Quick Slash"],"picked":"Riddle With Holes","floor":18.0},{"not_picked":["Blade Dance","Escape Plan"],"picked":"Backflip+1","floor":21.0},{"not_picked":["Heel Hook","Slice"],"picked":"Dash","floor":22.0},{"not_picked":["Escape Plan","Deadly Poison"],"picked":"Slice","floor":24.0},{"not_picked":["Distraction","Masterful Stab"],"picked":"Dodge and Roll+1","floor":27.0},{"not_picked":["Venomology","Storm of Steel"],"picked":"Bullet Time","floor":33.0},{"not_picked":["Deadly Poison","Acrobatics"],"picked":"Poisoned Stab+1","floor":34.0},{"not_picked":["Dodge and Roll","Dagger Throw+1"],"picked":"Leg Sweep+1","floor":35.0},{"not_picked":["Choke","Flying Knee"],"picked":"Poisoned Stab+1","floor":38.0},{"not_picked":["Backflip+1","Quick Slash+1"],"picked":"Riddle With Holes","floor":40.0},{"not_picked":["Deflect","Heel Hook"],"picked":"Cloak And Dagger+1","floor":41.0},{"not_picked":["Setup","Leg Sweep"],"picked":"Blade Dance+1","floor":45.0}],"player_experience":844605,"relics_obtained":[{"floor":9.0,"key":"Strawberry"},{"floor":23.0,"key":"Enchiridion"},{"floor":26.0,"key":"Kunai"},{"floor":40.0,"key":"Old Coin"},{"floor":43.0,"key":"Sundial"}],"event_choices":[{"cards_removed":["Strike_G"],"damage_healed":0.0,"max_hp_gain":0.0,"max_hp_loss":0.0,"gold_gain":0.0,"event_name":"Purifier","player_choice":"Purged","floor":2.0,"gold_loss":0.0,"damage_taken":0.0},{"damage_healed":0.0,"max_hp_gain":0.0,"max_hp_loss":0.0,"gold_gain":0.0,"event_name":"Golden Idol","player_choice":"Take Wound","floor":3.0,"gold_loss":0.0,"damage_taken":0.0,"relics_obtained":["Golden Idol"],"cards_obtained":["Injury"]},{"cards_removed":["Cloak And Dagger"],"damage_healed":0.0,"max_hp_gain":0.0,"max_hp_loss":0.0,"gold_gain":0.0,"event_name":"WeMeetAgain","player_choice":"Gave Card","floor":5.0,"gold_loss":0.0,"damage_taken":0.0,"relics_obtained":["Girya"]},{"damage_healed":0.0,"max_hp_gain":0.0,"max_hp_loss":0.0,"gold_gain":75.0,"event_name":"World of Goop","player_choice":"Gather Gold","floor":7.0,"gold_loss":0.0,"damage_taken":11.0},{"damage_healed":0.0,"max_hp_gain":0.0,"max_hp_loss":0.0,"gold_gain":0.0,"event_name":"FaceTrader","player_choice":"Trade","floor":8.0,"gold_loss":0.0,"damage_taken":0.0,"relics_obtained":["FaceOfCleric"]},{"damage_healed":0.0,"max_hp_gain":0.0,"max_hp_loss":0.0,"gold_gain":0.0,"event_name":"Shining Light","player_choice":"Entered Light","floor":10.0,"gold_loss":0.0,"damage_taken":15.0,"cards_upgraded":["Neutralize","Strike_G"]},{"cards_removed":["Strike_G"],"damage_healed":0.0,"max_hp_gain":0.0,"max_hp_loss":0.0,"gold_gain":0.0,"event_name":"Golden Wing","player_choice":"Card Removal","floor":11.0,"gold_loss":0.0,"damage_taken":7.0},{"damage_healed":0.0,"max_hp_gain":0.0,"max_hp_loss":0.0,"gold_gain":0.0,"event_name":"Upgrade Shrine","player_choice":"Upgraded","floor":14.0,"gold_loss":0.0,"damage_taken":0.0,"cards_upgraded":["Riddle With Holes"]},{"cards_removed":["Strike_G"],"damage_healed":0.0,"max_hp_gain":0.0,"max_hp_loss":0.0,"gold_gain":0.0,"event_name":"Back to Basics","player_choice":"Elegance","floor":19.0,"gold_loss":0.0,"damage_taken":0.0},{"damage_healed":0.0,"max_hp_gain":0.0,"max_hp_loss":0.0,"gold_gain":0.0,"event_name":"Cursed Tome","player_choice":"Obtained Book","floor":23.0,"gold_loss":0.0,"damage_taken":16.0},{"damage_healed":0.0,"max_hp_gain":0.0,"max_hp_loss":0.0,"gold_gain":0.0,"event_name":"Beggar","player_choice":"Ignored","floor":31.0,"gold_loss":0.0,"damage_taken":0.0},{"damage_healed":0.0,"max_hp_gain":0.0,"max_hp_loss":0.0,"gold_gain":0.0,"event_name":"Winding Halls","player_choice":"Embrace Madness","floor":36.0,"gold_loss":0.0,"damage_taken":11.0,"cards_obtained":["Madness","Madness"]},{"damage_healed":40.0,"max_hp_gain":0.0,"max_hp_loss":0.0,"gold_gain":0.0,"event_name":"Wheel of Change","player_choice":"Full Heal","floor":39.0,"gold_loss":0.0,"damage_taken":0.0},{"damage_healed":0.0,"max_hp_gain":0.0,"max_hp_loss":0.0,"gold_gain":333.0,"event_name":"The Moai Head","player_choice":"Gave Idol","floor":47.0,"relics_lost":["Golden Idol"],"gold_loss":0.0,"damage_taken":0.0},{"damage_healed":0.0,"max_hp_gain":0.0,"max_hp_loss":0.0,"gold_gain":0.0,"event_name":"Match and Keep!","player_choice":"2 cards matched","floor":48.0,"gold_loss":0.0,"damage_taken":0.0,"cards_obtained":["Neutralize","Panacea"]}],"is_beta":false,"boss_relics":[{"not_picked":["Runic Pyramid","Runic Dome"],"picked":"Sozu"},{"not_picked":["Coffee Dripper","HoveringKite"],"picked":"Tiny House"}],"items_purged_floors":[4,20,37,44],"is_endless":false,"potions_floor_spawned":[21,33,38],"ascension_level":9}