{"gold_per_floor":[111,32,207,223,23,52,52,84,167,202,202,45,45,59,59,163,163,180,191,191,191,204,234,234,248,248,264,264,264,264,280,280,379,379,394,466,90,109,125,125,125],"floor_reached":41,"playtime":3847,"items_purged":["Doubt","Defend_G+1"],"score":570,"play_id":"07eb8922-5fad-4be7-b871-952860e9d7f8","local_time":"20181107122422","is_ascension_mode":true,"campfire_choices":[{"data":"Noxious Fumes","floor":7,"key":"SMITH"},{"floor":11,"key":"REST"},{"floor":15,"key":"REST"},{"floor":28,"key":"REST"},{"floor":30,"key":"REST"},{"floor":32,"key":"REST"},{"floor":40,"key":"REST"}],"neow_cost":"NONE","seed_source_timestamp":266864856875292,"circlet_count":0,"master_deck":["Defend_G+1","Defend_G+1","Defend_G+1","Defend_G+1","Strike_G+1","Strike_G+1","Strike_G+1","Strike_G+1","Survivor","Neutralize","Infinite Blades","Cloak And Dagger+1","Dagger Throw","Blade Dance","All Out Attack","Noxious Fumes+1","Dagger Spray","Leg Sweep","Envenom","Deadly Poison","Escape Plan+1","Endless Agony","Backstab","Storm of Steel","Backstab+1","Poisoned Stab","Infinite Blades","Parasite","Backstab"],"relics":["Ring of the Snake","NeowsBlessing","Centennial Puzzle","Regal Pillow","Tiny Chest","Pen Nib","War Paint","Fusion Hammer","Oddly Smooth Stone","Singing Bowl","Pear","Runic Pyramid","Blue Candle","Bronze Scales"],"potions_floor_usage":[20,20,23,39,39],"damage_taken":[{"damage":0,"enemies":"Small Slimes","floor":1,"turns":1},{"damage":0,"enemies":"Jaw Worm","floor":4,"turns":1},{"damage":0,"enemies":"Lagavulin","floor":6,"turns":1},{"damage":20,"enemies":"Gremlin Nob","floor":8,"turns":4},{"damage":29,"enemies":"3 Sentries","floor":10,"turns":5},{"damage":6,"enemies":"Cultist","floor":14,"turns":3},{"damage":7,"enemies":"Slime Boss","floor":16,"turns":8},{"damage":15,"enemies":"Shell Parasite","floor":18,"turns":7},{"damage":18,"enemies":"2 Thieves","floor":19,"turns":4},{"damage":2,"enemies":"Colosseum Slavers","floor":20,"turns":4},{"damage":26,"enemies":"Shelled Parasite and Fungi","floor":22,"turns":5},{"damage":5,"enemies":"Gremlin Leader","floor":23,"turns":5},{"damage":4,"enemies":"Snecko","floor":25,"turns":5},{"damage":4,"enemies":"Centurion and Healer","floor":27,"turns":5},{"damage":2,"enemies":"Shelled Parasite and Fungi","floor":31,"turns":6},{"damage":76,"enemies":"Automaton","floor":33,"turns":10},{"damage":1,"enemies":"Orb Walker","floor":35,"turns":3},{"damage":20,"enemies":"3 Darklings","floor":38,"turns":3},{"damage":42,"enemies":"Writhing Mass","floor":39,"turns":7},{"damage":126,"enemies":"Giant Head","floor":41,"turns":8}],"seed_played":"7249966512091104372","potions_obtained":[{"floor":8,"key":"FairyPotion"},{"floor":10,"key":"Dexterity Potion"},{"floor":19,"key":"Regen Potion"},{"floor":22,"key":"Block Potion"},{"floor":23,"key":"Energy Potion"},{"floor":33,"key":"SteroidPotion"}],"is_trial":false,"path_per_floor":["M","$","?","M","$","E","R","E","T","E","R","$","?","M","R","B",null,"M","M","?","?","M","E","T","M","T","M","R","?","R","M","R","B",null,"M","T","$","M","M","R","E"],"character_chosen":"THE_SILENT","items_purchased":["Cloak And Dagger","Dagger Throw","Blade Dance","All Out Attack","War Paint","Bronze Scales","Poisoned Stab","Infinite Blades"],"campfire_rested":6,"item_purchase_floors":[2,2,5,5,12,37,37,37],"current_hp_per_floor":[70,70,70,70,70,70,70,50,50,21,57,57,62,56,75,68,75,60,42,54,54,28,23,23,19,29,27,68,68,87,87,89,13,89,88,88,88,70,28,70,0],"gold":125,"neow_bonus":"THREE_ENEMY_KILL","is_prod":false,"is_daily":false,"chose_seed":false,"campfire_upgraded":1,"win_rate":0,"timestamp":1541622262,"path_taken":["M","$","?","M","$","E","R","E","T","E","R","$","?","M","R","BOSS","M","M","?","?","M","E","?","?","T","M","R","?","R","M","R","BOSS","M","?","$","M","?","R","E"],"build_version":"2018-11-01","purchased_purges":2,"victory":false,"max_hp_per_floor":[70,70,70,70,70,70,70,70,70,70,70,70,75,75,75,75,75,75,75,75,75,75,75,75,75,85,87,87,87,87,89,89,89,89,89,89,89,91,91,91,91],"card_choices":[{"not_picked":["Sucker Punch","Dodge and Roll"],"picked":"Infinite Blades","floor":1},{"not_picked":["Eviscerate","Bane","Backflip"],"picked":"SKIP","floor":4},{"not_picked":["PiercingWail","Dagger Spray"],"picked":"Noxious Fumes","floor":6},{"not_picked":["Flying Knee","Outmaneuver"],"picked":"Dagger Spray","floor":8},{"not_picked":["Concentrate","Calculated Gamble"],"picked":"Leg Sweep","floor":10},{"not_picked":["Eviscerate","Predator","Dagger Throw"],"picked":"SKIP","floor":14},{"not_picked":["Tools of the Trade","Die Die Die"],"picked":"Envenom","floor":16},{"not_picked":["Backflip","Cloak And Dagger"],"picked":"Deadly Poison","floor":18},{"not_picked":["Catalyst","Distraction","Dagger Spray"],"picked":"SKIP","floor":19},{"not_picked":["Dagger Throw","Sucker Punch"],"picked":"Escape Plan+1","floor":22},{"not_picked":["Acrobatics","Flying Knee"],"picked":"Endless Agony","floor":23},{"not_picked":["Blade Dance+1","Outmaneuver"],"picked":"Backstab","floor":25},{"not_picked":["Skewer","Outmaneuver+1","Acrobatics"],"picked":"Singing Bowl","floor":27},{"not_picked":["Well Laid Plans+1","Leg Sweep","Quick Slash"],"picked":"Singing Bowl","floor":31},{"not_picked":["Unload","Night Terror"],"picked":"Storm of Steel","floor":33},{"not_picked":["Setup+1","Backflip"],"picked":"Backstab+1","floor":35},{"not_picked":["Blade Dance","Blur","Predator+1"],"picked":"Singing Bowl","floor":38},{"not_picked":["Outmaneuver+1","All Out Attack"],"picked":"Backstab","floor":39}],"player_experience":491206,"relics_obtained":[{"floor":6,"key":"Centennial Puzzle"},{"floor":8,"key":"Regal Pillow"},{"floor":9,"key":"Tiny Chest"},{"floor":10,"key":"Pen Nib"},{"floor":23,"key":"Oddly Smooth Stone"},{"floor":24,"key":"Singing Bowl"},{"floor":26,"key":"Pear"},{"floor":36,"key":"Blue Candle"}],"event_choices":[{"damage_healed":0,"gold_gain":175,"player_choice":"AGREE","damage_taken":0,"max_hp_gain":0,"max_hp_loss":0,"event_name":"Liars Game","floor":3,"gold_loss":0,"cards_obtained":["Doubt"]},{"damage_healed":0,"gold_gain":0,"player_choice":"Donut","damage_taken":0,"max_hp_gain":5,"max_hp_loss":0,"event_name":"Big Fish","floor":13,"gold_loss":0},{"damage_healed":0,"gold_gain":0,"player_choice":"Fight","damage_taken":0,"max_hp_gain":0,"max_hp_loss":0,"event_name":"Colosseum","floor":20,"gold_loss":0},{"damage_healed":0,"gold_gain":0,"player_choice":"Fled From Nobs","damage_taken":0,"max_hp_gain":0,"max_hp_loss":0,"event_name":"Colosseum","floor":20,"gold_loss":0},{"damage_healed":0,"gold_gain":0,"player_choice":"Simplicity","damage_taken":0,"max_hp_gain":0,"max_hp_loss":0,"event_name":"Back to Basics","floor":21,"gold_loss":0,"cards_upgraded":["Defend_G","Defend_G","Defend_G","Defend_G","Strike_G","Strike_G","Strike_G","Strike_G","Strike_G"]},{"cards_removed":["Strike_G"],"damage_healed":0,"gold_gain":0,"player_choice":"Purged","damage_taken":0,"max_hp_gain":0,"max_hp_loss":0,"event_name":"Purifier","floor":29,"gold_loss":0}],"is_beta":false,"boss_relics":[{"not_picked":["Coffee Dripper","HoveringKite"],"picked":"Fusion Hammer"},{"not_picked":["Philosopher\u0027s Stone","Sozu"],"picked":"Runic Pyramid"}],"items_purged_floors":[5,37],"is_endless":false,"potions_floor_spawned":[8,10,19,22,23,33,35],"killed_by":"Giant Head","ascension_level":4}