{"gold_per_floor":[112,132,151,162,178,210,210,229,229,229,245,263,295,305,305,305],"floor_reached":16,"playtime":2029,"items_purged":[],"score":168,"play_id":"5db4aecf-acf0-4160-8c35-02b26c2d789a","local_time":"20190614092137","is_ascension_mode":false,"campfire_choices":[{"floor":7,"key":"REST"},{"data":"Fire Breathing","floor":10,"key":"SMITH"},{"floor":15,"key":"REST"}],"neow_cost":"NONE","seed_source_timestamp":0,"circlet_count":0,"master_deck":["Strike_R","Strike_R","Strike_R","Strike_R","Defend_R","Defend_R","Defend_R","Defend_R","Bash","Feed","Headbutt","Cleave","Fire Breathing+1","Shrug It Off","Twin Strike+1","Shrug It Off","Pommel Strike+1","Seeing Red","Sword Boomerang+1"],"special_seed":0,"relics":["Burning Blood","Molten Egg 2","Sundial","Dodecahedron"],"potions_floor_usage":[],"damage_taken":[{"damage":0.0,"enemies":"Small Slimes","floor":1.0,"turns":3.0},{"damage":1.0,"enemies":"Cultist","floor":2.0,"turns":3.0},{"damage":10.0,"enemies":"2 Louse","floor":3.0,"turns":5.0},{"damage":19.0,"enemies":"Lots of Slimes","floor":4.0,"turns":4.0},{"damage":4.0,"enemies":"Large Slime","floor":5.0,"turns":6.0},{"damage":39.0,"enemies":"3 Sentries","floor":6.0,"turns":7.0},{"damage":2,"enemies":"Looter","floor":8,"turns":4},{"damage":29,"enemies":"Gremlin Gang","floor":11,"turns":4},{"damage":0,"enemies":"Red Slaver","floor":12,"turns":3},{"damage":26,"enemies":"Gremlin Nob","floor":13,"turns":5},{"damage":7,"enemies":"Blue Slaver","floor":14,"turns":5},{"damage":96,"enemies":"Hexaghost","floor":16,"turns":14}],"seed_played":"8721294830197828029","potions_obtained":[{"floor":1.0,"key":"SteroidPotion"},{"floor":2.0,"key":"SkillPotion"},{"floor":6.0,"key":"SkillPotion"},{"floor":11,"key":"EssenceOfSteel"}],"is_trial":false,"path_per_floor":["M","M","M","M","M","E","R","M","T","R","M","M","E","M","R","B"],"character_chosen":"IRONCLAD","items_purchased":[],"campfire_rested":2,"item_purchase_floors":[],"current_hp_per_floor":[83,86,85,75,80,50,79,86,86,86,66,75,55,57,90,0],"gold":305,"neow_bonus":"TRANSFORM_CARD","is_prod":false,"is_daily":false,"chose_seed":false,"campfire_upgraded":1,"win_rate":0.0,"timestamp":1560496897,"path_taken":["M","M","M","M","M","E","R","M","T","R","M","M","E","M","R","BOSS"],"build_version":"2019-01-23","purchased_purges":0,"victory":false,"max_hp_per_floor":[83,86,89,92,95,98,98,101,101,101,104,107,107,110,110,110],"card_choices":[{"not_picked":["Spot Weakness","Dual Wield"],"picked":"Headbutt","floor":1.0},{"not_picked":["Warcry","Spot Weakness"],"picked":"Cleave","floor":2.0},{"not_picked":["Heavy Blade","Pommel Strike"],"picked":"Fire Breathing","floor":3.0},{"not_picked":["True Grit","Warcry"],"picked":"Shrug It Off","floor":4.0},{"not_picked":["Dark Embrace","Clash","Corruption"],"picked":"SKIP","floor":5.0},{"not_picked":["Sword Boomerang","Rupture"],"picked":"Twin Strike","floor":6.0},{"not_picked":["Body Slam+1","Immolate+1","Clothesline+1"],"picked":"SKIP","floor":8},{"not_picked":["Flex","Anger+1"],"picked":"Shrug It Off","floor":11},{"not_picked":["Iron Wave+1","Burning Pact"],"picked":"Pommel Strike+1","floor":12},{"not_picked":["Headbutt+1","Feed+1"],"picked":"Seeing Red","floor":13},{"not_picked":["Intimidate","Evolve"],"picked":"Sword Boomerang+1","floor":14}],"player_experience":31826,"relics_obtained":[{"floor":6.0,"key":"Molten Egg 2"},{"floor":9,"key":"Sundial"},{"floor":13,"key":"Dodecahedron"}],"event_choices":[],"is_beta":false,"boss_relics":[],"items_purged_floors":[],"is_endless":false,"potions_floor_spawned":[1,2,6,11,12],"killed_by":"Hexaghost","ascension_level":0}