{"gold_per_floor":[10,10,20,20,33,59,59,92,92,127,56,56,74,74,74,171,171,188,188],"floor_reached":19,"playtime":926,"items_purged":[],"score":296,"play_id":"0544a493-032b-4025-993f-cd393c6a0408","local_time":"20190324174939","is_ascension_mode":true,"campfire_choices":[{"data":"The Bomb","floor":7.0,"key":"SMITH"},{"floor":12,"key":"REST"},{"floor":15,"key":"REST"}],"neow_cost":"NO_GOLD","seed_source_timestamp":0,"circlet_count":0,"master_deck":["AscendersBane","Strike_B","Strike_B","Strike_B","Defend_B","Defend_B+1","Defend_B","Defend_B","Zap","Dualcast","Dramatic Entrance","Defragment","Rip and Tear","The Bomb+1","Cold Snap+1","Defragment","Loop","Seek"],"special_seed":0,"relics":["Cracked Core","Ginger","Bottled Flame","Singing Bowl","Omamori","Velvet Choker"],"potions_floor_usage":[10],"damage_taken":[{"damage":2.0,"enemies":"Jaw Worm","floor":1.0,"turns":3.0},{"damage":0.0,"enemies":"Cultist","floor":3.0,"turns":4.0},{"damage":0.0,"enemies":"2 Louse","floor":5.0,"turns":2.0},{"damage":19.0,"enemies":"Lagavulin","floor":6.0,"turns":6.0},{"damage":27.0,"enemies":"Gremlin Nob","floor":8.0,"turns":5.0},{"damage":12,"enemies":"Lagavulin","floor":10,"turns":5},{"damage":18,"enemies":"Exordium Thugs","floor":13,"turns":5},{"damage":35,"enemies":"Slime Boss","floor":16,"turns":6},{"damage":19,"enemies":"Spheric Guardian","floor":18,"turns":5},{"damage":0,"enemies":"2 Thieves","floor":19,"turns":1}],"seed_played":"5257418650769174695","potions_obtained":[{"floor":5.0,"key":"LiquidBronze"},{"floor":10,"key":"FairyPotion"},{"floor":13,"key":"EssenceOfSteel"}],"is_trial":false,"path_per_floor":["M","?","M","?","M","E","R","E","T","E","$","R","M","?","R","B",null,"M","M"],"character_chosen":"DEFECT","items_purchased":["Loop"],"campfire_rested":2,"item_purchase_floors":[11],"current_hp_per_floor":[66,66,66,66,66,47,47,20,20,10,10,33,17,1,24,7,61,44,44],"gold":188,"neow_bonus":"RANDOM_COLORLESS_2","is_prod":false,"is_daily":false,"chose_seed":false,"campfire_upgraded":1,"win_rate":0,"timestamp":1553467779,"path_taken":["M","?","?","?","M","E","R","E","T","E","?","R","?","?","R","BOSS","M","M"],"build_version":"2019-01-23","purchased_purges":0,"victory":false,"max_hp_per_floor":[75,75,75,75,75,75,75,75,75,77,77,77,79,79,79,79,79,81,81],"card_choices":[{"not_picked":["Double Energy","Beam Cell"],"picked":"Defragment","floor":1.0},{"not_picked":["Steam Power","Beam Cell"],"picked":"Rip and Tear","floor":3.0},{"not_picked":["Conserve Battery","Echo Form"],"picked":"Cold Snap","floor":5.0},{"not_picked":["Gash","Coolheaded"],"picked":"Defragment","floor":6.0},{"not_picked":["Sunder","Auto Shields","Barrage"],"picked":"SKIP","floor":8.0},{"not_picked":["Sweeping Beam","Gash","Loop"],"picked":"Singing Bowl","floor":10},{"not_picked":["Force Field","Steam Power","Melter"],"picked":"Singing Bowl","floor":13},{"not_picked":["All For One","Multi-Cast"],"picked":"Seek","floor":16},{"not_picked":["Streamline+1","Reinforced Body","Coolheaded"],"picked":"Singing Bowl","floor":18}],"player_experience":1257537,"relics_obtained":[{"floor":6.0,"key":"Ginger"},{"floor":8.0,"key":"Bottled Flame"},{"floor":9.0,"key":"Singing Bowl"},{"floor":10,"key":"Omamori"}],"event_choices":[{"cards_removed":["Strike_B"],"damage_healed":0.0,"max_hp_gain":0.0,"max_hp_loss":0.0,"gold_gain":0.0,"event_name":"Purifier","player_choice":"Purged","floor":2.0,"gold_loss":0.0,"damage_taken":0.0},{"damage_healed":0.0,"max_hp_gain":0.0,"max_hp_loss":0.0,"gold_gain":0.0,"cards_transformed":["Blind"],"event_name":"Transmorgrifier","player_choice":"Transformed","floor":4.0,"gold_loss":0.0,"damage_taken":0.0,"cards_obtained":["The Bomb"]},{"damage_healed":0,"gold_gain":0,"player_choice":"Entered Light","damage_taken":16,"max_hp_gain":0,"max_hp_loss":0,"event_name":"Shining Light","floor":14,"gold_loss":0,"cards_upgraded":["Cold Snap","Defend_B"]}],"is_beta":false,"boss_relics":[{"not_picked":["Cursed Key","Pandora\u0027s Box"],"picked":"Velvet Choker"}],"items_purged_floors":[],"is_endless":false,"potions_floor_spawned":[5,8,10,13],"killed_by":"2 Thieves","ascension_level":12}