{"gold_per_floor":[114,114,114,39,60,60,135,160,183,197,221,236,136,149,149,149],"floor_reached":16,"playtime":834,"items_purged":["Strike_R","Strike_R"],"score":94,"play_id":"8431aae7-64ea-4c5a-9ef2-43870450dc40","local_time":"20180716130721","is_ascension_mode":false,"campfire_choices":[{"data":"Flex","floor":6,"key":"SMITH"},{"floor":15,"key":"REST"}],"neow_cost":"TEN_PERCENT_HP_LOSS","seed_source_timestamp":1717876618989252,"circlet_count":0,"master_deck":["Strike_R","Strike_R","Defend_R","Defend_R","Defend_R","Bash","Flex+1","Heavy Blade","Spot Weakness","Pommel Strike","Flame Barrier"],"relics":["Burning Blood","Golden Idol","Red Skull"],"potions_floor_usage":[16,16],"damage_taken":[{"damage":0,"enemies":"2 Louse","floor":1,"turns":3},{"damage":1,"enemies":"Cultist","floor":5,"turns":4},{"damage":4,"enemies":"Jaw Worm","floor":8,"turns":4},{"damage":16,"enemies":"Large Slime","floor":10,"turns":6},{"damage":0,"enemies":"3 Louse","floor":11,"turns":4},{"damage":8,"enemies":"Lots of Slimes","floor":12,"turns":4},{"damage":7,"enemies":"Looter","floor":14,"turns":4},{"damage":64,"enemies":"Hexaghost","floor":16,"turns":9}],"seed_played":"-3607006355371362705","potions_obtained":[{"floor":5,"key":"Strength Potion"},{"floor":12,"key":"SkillPotion"}],"is_trial":false,"path_per_floor":["M","?","?","$","M","R","?","M","T","M","M","M","$","M","R"],"character_chosen":"IRONCLAD","items_purchased":[],"campfire_rested":1,"item_purchase_floors":[],"current_hp_per_floor":[72,72,54,54,59,59,48,50,50,40,46,44,44,43,64,0],"gold":149,"neow_bonus":"REMOVE_TWO","is_prod":false,"is_daily":false,"chose_seed":false,"campfire_upgraded":1,"win_rate":0,"timestamp":1531764441,"path_taken":["M","?","?","$","M","R","?","M","T","M","M","M","?","?","R","BOSS"],"build_version":"2018-07-12","purchased_purges":2,"victory":false,"max_hp_per_floor":[72,72,72,72,72,72,72,72,72,72,72,72,72,72,72,72],"card_choices":[{"not_picked":["Perfected Strike","Body Slam","Bloodletting"],"picked":"SKIP","floor":1},{"not_picked":["Dual Wield","Hemokinesis"],"picked":"Flex","floor":5},{"not_picked":["Body Slam","Blood for Blood"],"picked":"Heavy Blade","floor":8},{"not_picked":["Burning Pact","Perfected Strike","Armaments"],"picked":"SKIP","floor":10},{"not_picked":["Clothesline","Burning Pact"],"picked":"Spot Weakness","floor":11},{"not_picked":["Infernal Blade","Cleave"],"picked":"Pommel Strike","floor":12},{"not_picked":["Armaments","Heavy Blade"],"picked":"Flame Barrier","floor":14}],"player_experience":188923,"relics_obtained":[{"floor":9,"key":"Red Skull"}],"event_choices":[{"event_name":"The Woman in Blue","player_choice":"Bought 0 Potions","floor":2,"damage_taken":0},{"event_name":"Golden Idol","player_choice":"Take Damage","floor":3,"damage_taken":0},{"event_name":"World of Goop","player_choice":"Gather Gold","floor":7,"damage_taken":0}],"boss_relics":[],"items_purged_floors":[4,13],"is_endless":false,"potions_floor_spawned":[5,12],"killed_by":"Hexaghost","ascension_level":0}