{"gold_per_floor":[367,367,95,115,115,75,89,89,114,127,145,157,157,172,172,276,276,287,307,321,64,98,132,142,161,161,161,36,36,52,81,81,81],"floor_reached":33,"playtime":5297,"items_purged":["Strike_R","Strike_R","Strike_R"],"score":281,"play_id":"2719b14a-077e-4591-8094-981af14010f1","local_time":"20180716171321","is_ascension_mode":false,"campfire_choices":[{"data":"Thunderclap","floor":8,"key":"SMITH"},{"data":"Dramatic Entrance","floor":15,"key":"SMITH"},{"floor":27,"key":"REST"},{"floor":29,"key":"REST"},{"floor":32,"key":"REST"}],"neow_cost":"TEN_PERCENT_HP_LOSS","seed_source_timestamp":109516474649471,"circlet_count":0,"master_deck":["Strike_R","Strike_R","Defend_R+1","Defend_R","Defend_R","Bash+1","Metallicize+1","Dramatic Entrance+1","Pommel Strike","Clothesline","Flame Barrier","Blood for Blood","Thunderclap+1","Twin Strike","Armaments","Headbutt","Feed","Carnage","Clash","Dropkick+1","Armaments+1","Uppercut","Thunderclap+1","Thunderclap","Pommel Strike"],"relics":["Burning Blood","Bag of Preparation","Fusion Hammer","Oddly Smooth Stone","Red Mask","Darkstone Periapt","Juzu Bracelet","Anchor"],"potions_floor_usage":[12,14,16,16,23,31,31],"damage_taken":[{"damage":8,"enemies":"Small Slimes","floor":1,"turns":3},{"damage":0,"enemies":"Cultist","floor":4,"turns":4},{"damage":0,"enemies":"Jaw Worm","floor":7,"turns":3},{"damage":0,"enemies":"2 Fungi Beasts","floor":10,"turns":2},{"damage":0,"enemies":"3 Louse","floor":11,"turns":2},{"damage":0,"enemies":"Looter","floor":12,"turns":2},{"damage":9,"enemies":"Blue Slaver","floor":14,"turns":3},{"damage":17,"enemies":"The Guardian","floor":16,"turns":10},{"damage":0,"enemies":"3 Byrds","floor":18,"turns":5},{"damage":10,"enemies":"Spheric Guardian","floor":19,"turns":3},{"damage":12,"enemies":"3 Cultists","floor":20,"turns":4},{"damage":0,"floor":22,"turns":3},{"damage":8,"enemies":"Book of Stabbing","floor":23,"turns":5},{"damage":1,"enemies":"Snake Plant","floor":24,"turns":3},{"damage":9,"enemies":"Centurion and Healer","floor":25,"turns":5},{"damage":16,"enemies":"Snecko","floor":30,"turns":4},{"damage":38,"enemies":"Gremlin Leader","floor":31,"turns":7},{"damage":64,"enemies":"Champ","floor":33,"turns":10}],"seed_played":"-4536455677237746665","potions_obtained":[{"floor":4,"key":"LiquidBronze"},{"floor":7,"key":"LiquidBronze"},{"floor":11,"key":"Energy Potion"},{"floor":12,"key":"SteroidPotion"},{"floor":22,"key":"Block Potion"},{"floor":23,"key":"BloodPotion"},{"floor":25,"key":"Fire Potion"}],"is_trial":false,"path_per_floor":["M","?","$","M","?","$","M","R","T","M","M","M","?","M","R","B",null,"M","M","M","$","?","E","M","M","T","R","$","R","M","E","R"],"character_chosen":"IRONCLAD","items_purchased":["Dramatic Entrance","Pommel Strike","Clothesline","Blood for Blood","Oddly Smooth Stone"],"campfire_rested":3,"item_purchase_floors":[3,3,3,6,21],"current_hp_per_floor":[70,70,70,72,58,58,64,64,64,70,72,72,72,69,69,58,72,75,71,65,65,71,69,74,71,71,75,75,75,65,40,62,0],"gold":81,"neow_bonus":"TWO_FIFTY_GOLD","is_prod":false,"is_daily":false,"chose_seed":false,"campfire_upgraded":2,"win_rate":0.0,"timestamp":1531786401,"path_taken":["M","?","$","M","?","?","M","R","T","M","?","?","?","M","R","BOSS","M","M","M","$","?","E","M","?","T","R","$","R","M","E","R","BOSS"],"build_version":"2018-07-12","purchased_purges":3,"victory":false,"max_hp_per_floor":[72,72,72,72,72,72,72,72,72,72,72,72,72,72,72,72,72,75,75,75,75,75,75,75,75,75,75,75,75,75,75,75,75],"card_choices":[{"not_picked":["Flex","Armaments"],"picked":"Metallicize","floor":1},{"not_picked":["Shrug It Off","Iron Wave"],"picked":"Flame Barrier","floor":4},{"not_picked":["Corruption","Clash"],"picked":"Thunderclap","floor":7},{"not_picked":["Rage","Inflame","Dual Wield"],"picked":"SKIP","floor":10},{"not_picked":["Infernal Blade","Body Slam"],"picked":"Twin Strike","floor":11},{"not_picked":["Flex","Clash"],"picked":"Armaments","floor":12},{"not_picked":["Pommel Strike","Fire Breathing"],"picked":"Headbutt","floor":14},{"not_picked":["Offering","Limit Break"],"picked":"Feed","floor":16},{"not_picked":["Blood for Blood+1","Clash+1"],"picked":"Carnage","floor":18},{"not_picked":["Carnage","Feel No Pain"],"picked":"Clash","floor":19},{"not_picked":["Dual Wield","Seeing Red+1","Armaments"],"picked":"SKIP","floor":20},{"not_picked":["Flex+1","Infernal Blade+1"],"picked":"Dropkick+1","floor":22},{"not_picked":["Rampage","Blood for Blood"],"picked":"Armaments+1","floor":23},{"not_picked":["Flex","Searing Blow"],"picked":"Uppercut","floor":24},{"not_picked":["Metallicize","Carnage"],"picked":"Thunderclap+1","floor":25},{"not_picked":["Burning Pact","Warcry"],"picked":"Thunderclap","floor":30},{"not_picked":["Sword Boomerang","Rampage"],"picked":"Pommel Strike","floor":31}],"player_experience":51859,"relics_obtained":[{"floor":9,"key":"Bag of Preparation"},{"floor":22,"key":"Red Mask"},{"floor":23,"key":"Darkstone Periapt"},{"floor":26,"key":"Juzu Bracelet"},{"floor":31,"key":"Anchor"}],"event_choices":[{"event_name":"Upgrade Shrine","player_choice":"Upgraded","floor":2,"damage_taken":0},{"event_name":"Shining Light","player_choice":"Entered Light","floor":5,"damage_taken":0},{"event_name":"Living Wall","player_choice":"Forget","floor":13,"damage_taken":0},{"event_name":"Masked Bandits","player_choice":"Fought over 64 gold","floor":22,"damage_taken":0}],"boss_relics":[{"not_picked":["Empty Cage","Mark of Pain"],"picked":"Fusion Hammer"}],"items_purged_floors":[3,21,28],"is_endless":false,"potions_floor_spawned":[4,7,11,12,22,23,25],"killed_by":"Champ","ascension_level":0}