{"gold_per_floor":[115,190,190,260,275,275,290,290,343,368,418,418,448,458,458,554,554,569,619,669,719,796,796,808,835,906,956,969,969],"floor_reached":29,"playtime":1917,"items_purged":[],"score":453,"play_id":"58e6acee-a89e-4ba5-a99b-1b21799bbc4b","local_time":"20190321221810","is_ascension_mode":true,"campfire_choices":[{"data":"Zap","floor":6,"key":"SMITH"},{"data":"Dualcast","floor":8,"key":"SMITH"},{"floor":12,"key":"REST"},{"data":"Doom and Gloom","floor":15,"key":"SMITH"},{"data":"Compile Driver","floor":23,"key":"SMITH"}],"neow_cost":"NONE","seed_source_timestamp":121126151161872,"circlet_count":0,"master_deck":["AscendersBane","Strike_B","Strike_B","Strike_B","Defend_B","Defend_B","Defend_B","Defend_B","Zap+1","Dualcast+1","Compile Driver+1","Ball Lightning","Doom and Gloom+1","Go for the Eyes","Glacier","Compile Driver","Compile Driver","Core Surge","Leap","Beam Cell","Ball Lightning","Necronomicurse","Darkness+1"],"relics":["Cracked Core","SsserpentHead","DataDisk","Regal Pillow","Juzu Bracelet","Nuclear Battery","MutagenicStrength","Strawberry","Blue Candle","Cables","Necronomicon"],"potions_floor_usage":[7,14,16],"damage_taken":[{"damage":6,"enemies":"2 Louse","floor":1,"turns":3},{"damage":7,"enemies":"Jaw Worm","floor":4,"turns":3},{"damage":0,"enemies":"Cultist","floor":5,"turns":2},{"damage":0,"enemies":"3 Louse","floor":7,"turns":2},{"damage":25,"enemies":"3 Sentries","floor":10,"turns":5},{"damage":0,"enemies":"Gremlin Nob","floor":13,"turns":3},{"damage":15,"enemies":"Exordium Thugs","floor":14,"turns":4},{"damage":46,"enemies":"Slime Boss","floor":16,"turns":9},{"damage":7,"enemies":"Chosen","floor":18,"turns":4},{"damage":8,"enemies":"3 Byrds","floor":24,"turns":3},{"damage":26,"enemies":"Slavers","floor":25,"turns":4},{"damage":0,"enemies":"Cultist and Chosen","floor":28,"turns":4},{"damage":24,"enemies":"Book of Stabbing","floor":29,"turns":3}],"seed_played":"8247777657132356546","potions_obtained":[{"floor":5,"key":"PowerPotion"},{"floor":7,"key":"FearPotion"},{"floor":10,"key":"EssenceOfSteel"},{"floor":14,"key":"SteroidPotion"},{"floor":24,"key":"Strength Potion"}],"is_trial":false,"path_per_floor":["M","?","?","M","M","R","M","R","T","E","?","R","E","M","R","B",null,"M","?","?","?","T","R","M","E","T","?","M","E"],"character_chosen":"DEFECT","items_purchased":[],"campfire_rested":1,"item_purchase_floors":[],"current_hp_per_floor":[69,58,58,51,51,51,51,51,51,26,26,65,65,50,50,4,63,56,82,66,66,73,73,65,39,39,23,23,0],"gold":969,"neow_bonus":"TEN_PERCENT_HP_BONUS","is_prod":false,"is_daily":false,"chose_seed":false,"campfire_upgraded":4,"win_rate":0,"timestamp":1553224690,"path_taken":["M","?","?","?","M","R","M","R","T","E","?","R","E","M","R","BOSS","M","?","?","?","?","R","M","E","T","?","M","E"],"build_version":"2019-01-23","purchased_purges":0,"victory":false,"max_hp_per_floor":[82,82,82,82,82,82,82,82,82,82,82,82,82,82,82,82,82,82,82,87,87,94,94,94,94,94,94,94,94],"card_choices":[{"not_picked":["Aggregate","Go for the Eyes"],"picked":"Compile Driver","floor":1},{"not_picked":["Stack","Double Energy"],"picked":"Ball Lightning","floor":4},{"not_picked":["Gash","Leap"],"picked":"Doom and Gloom","floor":5},{"not_picked":["Stack","Steam"],"picked":"Go for the Eyes","floor":7},{"not_picked":["Go for the Eyes","All For One"],"picked":"Glacier","floor":10},{"not_picked":["Barrage","Gash"],"picked":"Compile Driver","floor":13},{"not_picked":["Steam","Barrage"],"picked":"Compile Driver","floor":14},{"not_picked":["Buffer","Biased Cognition"],"picked":"Core Surge","floor":16},{"not_picked":["Rebound","Turbo"],"picked":"Leap","floor":18},{"not_picked":["Barrage","Undo"],"picked":"Beam Cell","floor":24},{"not_picked":["Core Surge","Capacitor"],"picked":"Ball Lightning","floor":25},{"not_picked":["Cold Snap","Rebound"],"picked":"Darkness+1","floor":28}],"player_experience":1233979,"relics_obtained":[{"floor":9,"key":"DataDisk"},{"floor":10,"key":"Regal Pillow"},{"floor":13,"key":"Juzu Bracelet"},{"floor":22,"key":"Strawberry"},{"floor":25,"key":"Blue Candle"},{"floor":26,"key":"Cables"},{"floor":27,"key":"Necronomicon"}],"event_choices":[{"damage_healed":0,"gold_gain":75,"player_choice":"Gather Gold","damage_taken":11,"max_hp_gain":0,"max_hp_loss":0,"event_name":"World of Goop","floor":2,"gold_loss":0},{"damage_healed":0,"gold_gain":0,"player_choice":"Trade","damage_taken":0,"relics_obtained":["SsserpentHead"],"max_hp_gain":0,"max_hp_loss":0,"event_name":"FaceTrader","floor":3,"gold_loss":0},{"cards_removed":["Strike_B"],"damage_healed":0,"gold_gain":0,"player_choice":"Offered Basic","damage_taken":0,"max_hp_gain":0,"max_hp_loss":0,"event_name":"Bonfire Elementals","floor":11,"gold_loss":0},{"damage_healed":27,"gold_gain":0,"player_choice":"Heal","damage_taken":0,"max_hp_gain":0,"max_hp_loss":0,"event_name":"The Library","floor":19,"gold_loss":0},{"damage_healed":0,"gold_gain":0,"player_choice":"Shed Blood","damage_taken":21,"max_hp_gain":5,"max_hp_loss":0,"event_name":"Forgotten Altar","floor":20,"gold_loss":0},{"damage_healed":0,"gold_gain":0,"player_choice":"Inject Mutagens","damage_taken":0,"relics_obtained":["MutagenicStrength"],"max_hp_gain":0,"max_hp_loss":0,"event_name":"Drug Dealer","floor":21,"gold_loss":0},{"damage_healed":0,"gold_gain":0,"player_choice":"Obtained Book","damage_taken":16,"max_hp_gain":0,"max_hp_loss":0,"event_name":"Cursed Tome","floor":27,"gold_loss":0}],"is_beta":false,"boss_relics":[{"not_picked":["Runic Pyramid","Runic Dome"],"picked":"Nuclear Battery"}],"items_purged_floors":[],"is_endless":false,"potions_floor_spawned":[5,7,10,14,24,25],"killed_by":"Book of Stabbing","ascension_level":11}