{"gold_per_floor":[13,13,13,23,23,57,57,74,74,74,24,24,24,55,55,150,150,169,169,185,198,217,217,217,231,254,353,353],"floor_reached":28,"playtime":1864,"items_purged":[],"score":321,"play_id":"039faa66-c848-407f-9a7a-bfbf4697f87b","local_time":"20181026173228","is_ascension_mode":true,"campfire_choices":[{"floor":7,"key":"REST"},{"data":"Feed","floor":10,"key":"SMITH"},{"data":"Pummel","floor":12,"key":"SMITH"},{"floor":15,"key":"REST"},{"floor":23,"key":"REST"}],"neow_cost":"NO_GOLD","seed_source_timestamp":186223216478848,"circlet_count":0,"master_deck":["Strike_R","Strike_R","Defend_R","Defend_R","Defend_R","Bash","Feed+1","Iron Wave","Pummel+1","Brutality","Warcry","Pommel Strike","Heavy Blade","Exhume","Cleave","Flex+1","Bludgeon","Anger"],"relics":["Burning Blood","Mercury Hourglass","Pantograph","Du-Vu Doll","Mango","Nloth\u0027s Gift","Bag of Marbles"],"potions_floor_usage":[18,22],"damage_taken":[{"damage":11,"enemies":"Small Slimes","floor":1,"turns":4},{"damage":0,"enemies":"2 Louse","floor":4,"turns":2},{"damage":30,"enemies":"3 Sentries","floor":6,"turns":14},{"damage":9,"enemies":"Jaw Worm","floor":8,"turns":3},{"damage":51,"enemies":"Lagavulin","floor":14,"turns":6},{"damage":83,"enemies":"The Guardian","floor":16,"turns":13},{"damage":10,"enemies":"Chosen","floor":18,"turns":4},{"damage":60,"enemies":"Spheric Guardian","floor":20,"turns":6},{"damage":28,"enemies":"Snecko","floor":21,"turns":4},{"damage":27,"enemies":"3 Cultists","floor":22,"turns":4},{"damage":45,"enemies":"Snake Plant","floor":25,"turns":4},{"damage":18,"enemies":"Centurion and Healer","floor":28,"turns":2}],"seed_played":"-415487065145816274","potions_obtained":[{"floor":6,"key":"FearPotion"},{"floor":16,"key":"Weak Potion"},{"floor":21,"key":"Swift Potion"}],"is_trial":false,"path_per_floor":["M","?","?","M","?","E","R","M","T","R","$","R","?","E","R","B",null,"M","?","M","M","M","R","?","M","T","?"],"character_chosen":"IRONCLAD","items_purchased":["Pommel Strike"],"campfire_rested":3,"item_purchase_floors":[11],"current_hp_per_floor":[75,75,68,77,82,61,88,85,85,85,85,85,85,58,90,36,113,113,113,63,41,20,56,56,17,17,17,0],"gold":353,"neow_bonus":"THREE_RARE_CARDS","is_prod":false,"is_daily":false,"chose_seed":false,"campfire_upgraded":2,"win_rate":0,"timestamp":1540600348,"path_taken":["M","?","?","M","?","E","R","M","T","R","$","R","?","E","R","BOSS","M","?","M","M","M","R","?","M","T","?","M"],"build_version":"2018-10-25v2","purchased_purges":0,"victory":false,"max_hp_per_floor":[80,80,80,83,88,91,91,91,91,91,91,91,91,109,109,113,113,117,117,121,121,121,121,121,121,121,121,121],"card_choices":[{"not_picked":["Bludgeon","Barricade"],"picked":"Feed","floor":0},{"not_picked":["Fire Breathing","Warcry"],"picked":"Iron Wave","floor":1},{"not_picked":["Wild Strike","Bloodletting"],"picked":"Pummel","floor":4},{"not_picked":["Second Wind","Iron Wave"],"picked":"Brutality","floor":6},{"not_picked":["Headbutt","Rage"],"picked":"Warcry","floor":8},{"not_picked":["Rupture","Spot Weakness"],"picked":"Heavy Blade","floor":14},{"not_picked":["Reaper","Juggernaut"],"picked":"Exhume","floor":16},{"not_picked":["Iron Wave","Perfected Strike"],"picked":"Cleave","floor":18},{"not_picked":["Armaments","Sword Boomerang"],"picked":"Flex+1","floor":20},{"not_picked":["Perfected Strike+1","Fire Breathing"],"picked":"Bludgeon","floor":21},{"not_picked":["Wild Strike","Carnage","Havoc+1"],"picked":"SKIP","floor":22},{"not_picked":["Blood for Blood","Wild Strike"],"picked":"Anger","floor":25}],"player_experience":453531,"relics_obtained":[{"floor":6,"key":"Mercury Hourglass"},{"floor":9,"key":"Pantograph"},{"floor":14,"key":"Mango"},{"floor":26,"key":"Bag of Marbles"}],"event_choices":[{"damage_healed":0,"gold_gain":0,"player_choice":"Leave","damage_taken":0,"max_hp_gain":0,"max_hp_loss":0,"event_name":"The Cleric","floor":2,"gold_loss":0},{"cards_removed":["Strike_R"],"damage_healed":0,"gold_gain":0,"player_choice":"Card Removal","damage_taken":7,"max_hp_gain":0,"max_hp_loss":0,"event_name":"Golden Wing","floor":3,"gold_loss":0},{"damage_healed":0,"gold_gain":0,"player_choice":"Donut","damage_taken":0,"max_hp_gain":5,"max_hp_loss":0,"event_name":"Big Fish","floor":5,"gold_loss":0},{"damage_healed":0,"gold_gain":0,"player_choice":"Gave Potion","damage_taken":0,"relics_obtained":["Du-Vu Doll"],"max_hp_gain":0,"max_hp_loss":0,"event_name":"WeMeetAgain","floor":13,"gold_loss":0},{"damage_healed":0,"gold_gain":0,"player_choice":"Traded Relic","damage_taken":0,"relics_obtained":["Nloth\u0027s Gift"],"max_hp_gain":0,"max_hp_loss":0,"event_name":"N\u0027loth","floor":19,"relics_lost":["Empty Cage"],"gold_loss":0},{"cards_removed":["Strike_R"],"damage_healed":0,"gold_gain":0,"player_choice":"Purged","damage_taken":0,"max_hp_gain":0,"max_hp_loss":0,"event_name":"Purifier","floor":24,"gold_loss":0},{"damage_healed":0,"gold_gain":99,"player_choice":"Stole From Cult","damage_taken":0,"max_hp_gain":0,"max_hp_loss":0,"event_name":"Nest","floor":27,"gold_loss":0}],"is_beta":false,"boss_relics":[{"not_picked":["Calling Bell","Mark of Pain"],"picked":"Empty Cage"}],"items_purged_floors":[],"is_endless":false,"potions_floor_spawned":[6,16,21],"killed_by":"Centurion and Healer","ascension_level":4}