{"gold_per_floor":[114,114,114,289,305,370,86,115,170,170,45,60,60,76,76,176,176,194,212,41,41,51,51,63,63,144,144,172,192,48,48,48,145,145,161,178,196,213,231,231,250,250,250,250],"floor_reached":44,"playtime":3641,"items_purged":["Doubt","Strike_G","Strike_G"],"score":676,"play_id":"f3b7c253-c0cc-4e79-80aa-d7fa1ae76b06","local_time":"20181022100138","is_ascension_mode":true,"campfire_choices":[{"data":"Glass Knife","floor":10,"key":"SMITH"},{"data":"Dagger Spray","floor":15,"key":"SMITH"},{"floor":23,"key":"REST"},{"floor":25,"key":"REST"},{"data":"Envenom","floor":27,"key":"SMITH"},{"floor":32,"key":"REST"},{"floor":40,"key":"REST"}],"neow_cost":"NONE","seed_source_timestamp":3448906187378567,"circlet_count":0,"master_deck":["Defend_G","Defend_G","Defend_G","Defend_G","Defend_G","Survivor","Neutralize","Dagger Spray+1","Sucker Punch","Blur","Glass Knife+1","Flying Knee","Leg Sweep","Envenom+1","Bane","Endless Agony","Apotheosis+1","Decay","Poisoned Stab+1","Prepared+1","After Image","Cloak And Dagger+1","Slice","A Thousand Cuts","Blur+1","Poisoned Stab","Poisoned Stab+1","Bouncing Flask+1","Blur+1","Cloak And Dagger+1","Escape Plan+1","Well Laid Plans","Bane","Corpse Explosion+1","Parasite","Bane+1"],"relics":["Ring of the Snake","NeowsBlessing","Tiny Chest","Membership Card","Bronze Scales","Snake Skull","PreservedInsect","The Courier","Empty Cage","Toxic Egg 2","Paper Crane","Oddly Smooth Stone","Regal Pillow","Orrery","Pen Nib"],"potions_floor_usage":[8,16,16,28,28,33,33,35,37,39,41],"damage_taken":[{"damage":0,"enemies":"Cultist","floor":1,"turns":1},{"damage":0,"enemies":"Jaw Worm","floor":5,"turns":1},{"damage":0,"enemies":"Lagavulin","floor":6,"turns":1},{"damage":15,"enemies":"3 Sentries","floor":8,"turns":8},{"damage":0,"enemies":"Small Slimes","floor":12,"turns":3},{"damage":0,"enemies":"Looter","floor":14,"turns":3},{"damage":43,"enemies":"Slime Boss","floor":16,"turns":14},{"damage":22,"enemies":"Spheric Guardian","floor":18,"turns":4},{"damage":4,"enemies":"Chosen","floor":19,"turns":4},{"damage":16,"enemies":"Centurion and Healer","floor":22,"turns":5},{"damage":2,"enemies":"Snecko","floor":24,"turns":5},{"damage":18,"enemies":"Book of Stabbing","floor":28,"turns":4},{"damage":24,"enemies":"Snake Plant","floor":29,"turns":4},{"damage":5,"enemies":"Champ","floor":33,"turns":10},{"damage":7,"enemies":"3 Darklings","floor":35,"turns":6},{"damage":5,"enemies":"3 Shapes","floor":36,"turns":5},{"damage":22,"enemies":"Spire Growth","floor":37,"turns":5},{"damage":8,"enemies":"4 Shapes","floor":38,"turns":9},{"damage":0,"enemies":"Transient","floor":39,"turns":5},{"damage":36,"enemies":"Writhing Mass","floor":41,"turns":7},{"damage":46,"enemies":"4 Shapes","floor":44,"turns":3}],"seed_played":"-5669407087385646722","potions_obtained":[{"floor":5,"key":"Poison Potion"},{"floor":6,"key":"Weak Potion"},{"floor":8,"key":"Poison Potion"},{"floor":22,"key":"EssenceOfSteel"},{"floor":24,"key":"GamblersBrew"},{"floor":29,"key":"EntropicBrew"},{"floor":35,"key":"PowerPotion"},{"floor":39,"key":"Weak Potion"},{"floor":41,"key":"GhostInAJar"}],"is_trial":false,"path_per_floor":["M","?","?","?","M","E","$","E","T","R","$","M","?","M","R","B",null,"M","M","$","?","M","R","M","R","T","R","E","M","$","?","R","B",null,"M","M","M","M","M","R","M","?","T"],"character_chosen":"THE_SILENT","items_purchased":["Membership Card","Glass Knife","PreservedInsect","Toxic Egg 2","Apotheosis+1","Regal Pillow","Slice"],"campfire_rested":4,"item_purchase_floors":[7,7,11,20,20,30,30],"current_hp_per_floor":[63,68,68,68,68,68,68,53,53,53,53,53,53,53,53,10,59,37,33,33,33,17,39,37,59,59,59,41,17,17,17,54,49,69,62,57,35,27,27,64,28,28,28,0],"gold":250,"neow_bonus":"THREE_ENEMY_KILL","is_prod":false,"is_daily":false,"chose_seed":false,"campfire_upgraded":3,"win_rate":0,"timestamp":1540220498,"path_taken":["M","?","?","?","?","E","?","E","T","R","$","M","?","M","R","BOSS","M","M","$","?","M","R","M","R","T","R","E","M","?","?","R","BOSS","M","M","M","M","M","R","M","?","T","M"],"build_version":"2018-10-18","purchased_purges":3,"victory":false,"max_hp_per_floor":[70,75,75,75,75,75,75,75,75,75,75,75,75,75,75,75,75,75,75,75,75,75,75,75,75,75,75,75,75,75,75,75,75,75,75,75,75,75,75,75,75,75,75,75],"card_choices":[{"not_picked":["Underhanded Strike","Flechettes"],"picked":"Dagger Spray","floor":1},{"not_picked":["Catalyst","Deadly Poison"],"picked":"Sucker Punch","floor":5},{"not_picked":["Distraction","Reflex"],"picked":"Blur","floor":6},{"not_picked":["Underhanded Strike","Blade Dance"],"picked":"Flying Knee","floor":8},{"not_picked":["Acrobatics","Dodge and Roll"],"picked":"Leg Sweep","floor":12},{"not_picked":["All Out Attack","Reflex","Setup"],"picked":"SKIP","floor":14},{"not_picked":["Doppelganger","A Thousand Cuts"],"picked":"Envenom","floor":16},{"not_picked":["Underhanded Strike","Prepared"],"picked":"Bane","floor":18},{"not_picked":["Calculated Gamble+1","Prepared"],"picked":"Endless Agony","floor":19},{"not_picked":["Sucker Punch","Backflip+1"],"picked":"Poisoned Stab+1","floor":22},{"not_picked":["Dodge and Roll+1","Setup+1"],"picked":"Prepared+1","floor":24},{"not_picked":["Heel Hook","Flechettes"],"picked":"After Image","floor":28},{"not_picked":["Distraction+1","Eviscerate+1"],"picked":"Cloak And Dagger+1","floor":29},{"not_picked":["Tools of the Trade","Grand Finale"],"picked":"A Thousand Cuts","floor":33},{"not_picked":["Prepared+1","Masterful Stab"],"picked":"Blur+1","floor":34},{"not_picked":["Deadly Poison+1","Backflip+1"],"picked":"Poisoned Stab","floor":34},{"not_picked":["Deadly Poison+1","Expertise+1"],"picked":"Poisoned Stab+1","floor":34},{"not_picked":["Acrobatics+1","Die Die Die"],"picked":"Bouncing Flask+1","floor":34},{"not_picked":["Flying Knee","Deadly Poison+1"],"picked":"Blur+1","floor":34},{"not_picked":["Accuracy","Dagger Throw+1"],"picked":"Cloak And Dagger+1","floor":35},{"not_picked":["Dash","Noxious Fumes+1"],"picked":"Escape Plan+1","floor":36},{"not_picked":["Prepared+1","Dodge and Roll+1"],"picked":"Well Laid Plans","floor":37},{"not_picked":["Eviscerate","Terror+1"],"picked":"Bane","floor":38},{"not_picked":["PiercingWail+1","Flying Knee+1"],"picked":"Corpse Explosion+1","floor":39},{"not_picked":["Dodge and Roll+1","Accuracy"],"picked":"Bane+1","floor":41}],"player_experience":828397,"relics_obtained":[{"floor":6,"key":"Tiny Chest"},{"floor":8,"key":"Bronze Scales"},{"floor":9,"key":"Snake Skull"},{"floor":26,"key":"Paper Crane"},{"floor":28,"key":"Oddly Smooth Stone"},{"floor":43,"key":"Pen Nib"}],"event_choices":[{"damage_healed":0,"gold_gain":0,"player_choice":"Donut","damage_taken":0,"max_hp_gain":5,"max_hp_loss":0,"event_name":"Big Fish","floor":2,"gold_loss":0},{"cards_removed":["Strike_G"],"damage_healed":0,"gold_gain":0,"player_choice":"Card Removal","damage_taken":0,"max_hp_gain":0,"max_hp_loss":0,"event_name":"Wheel of Change","floor":3,"gold_loss":0},{"damage_healed":0,"gold_gain":175,"player_choice":"AGREE","damage_taken":0,"max_hp_gain":0,"max_hp_loss":0,"event_name":"Liars Game","floor":4,"gold_loss":0,"cards_obtained":["Doubt"]},{"damage_healed":0,"gold_gain":30,"player_choice":"Searched \u00273\u0027 times","damage_taken":0,"relics_obtained":["The Courier"],"max_hp_gain":0,"max_hp_loss":0,"event_name":"Dead Adventurer","floor":13,"gold_loss":0},{"damage_healed":0,"gold_gain":0,"player_choice":"Smashed Altar","damage_taken":0,"max_hp_gain":0,"max_hp_loss":0,"event_name":"Forgotten Altar","floor":21,"gold_loss":0,"cards_obtained":["Decay"]},{"damage_healed":0,"gold_gain":0,"player_choice":"Ignored","damage_taken":0,"max_hp_gain":0,"max_hp_loss":0,"event_name":"Beggar","floor":31,"gold_loss":0},{"damage_healed":0,"gold_gain":0,"player_choice":"Ignored","damage_taken":0,"max_hp_gain":0,"max_hp_loss":0,"event_name":"Tomb of Lord Red Mask","floor":42,"gold_loss":0}],"is_beta":false,"boss_relics":[{"not_picked":["Philosopher\u0027s Stone","Runic Dome"],"picked":"Empty Cage"},{"not_picked":["Lizard Tail","Coffee Dripper"],"picked":"Orrery"}],"items_purged_floors":[7,11,30],"is_endless":false,"potions_floor_spawned":[5,6,8,22,24,29,35,39,41],"killed_by":"4 Shapes","ascension_level":8}