{"gold_per_floor":[11,25,43,43,61,94,94,119,188,207,207,233,233,250,250,345,345,356,356,368,14,33,33,43,57,57,57,57,57],"floor_reached":29,"playtime":2272,"items_purged":["Strike_G"],"score":286,"play_id":"2f754bef-fd90-4f7e-9ca2-0bb16ce6f190","local_time":"20180720174147","is_ascension_mode":true,"campfire_choices":[{"floor":7,"key":"REST"},{"data":"Bouncing Flask","floor":11,"key":"SMITH"},{"data":"Neutralize","floor":13,"key":"SMITH"},{"floor":15,"key":"REST"},{"floor":23,"key":"REST"},{"floor":28,"key":"REST"}],"neow_cost":"NO_GOLD","seed_source_timestamp":30688616543149,"circlet_count":0,"master_deck":["Defend_G+1","Defend_G","Defend_G+1","Strike_G","Strike_G","Survivor","Neutralize+1","Bouncing Flask+1","All Out Attack","Quick Slash","Deadly Poison","Dash","Bane","Adrenaline","Dagger Spray","Necronomicurse","Leg Sweep","Dagger Spray","Escape Plan+1"],"relics":["Ring of the Snake","Boot","Tingsha","Dodecahedron","War Paint","Empty Cage","Necronomicon","Meat on the Bone","The Courier"],"potions_floor_usage":[6,6,8,12,16,29,29],"damage_taken":[{"damage":0,"enemies":"Jaw Worm","floor":1,"turns":5},{"damage":0,"enemies":"Cultist","floor":2,"turns":4},{"damage":0,"enemies":"2 Louse","floor":3,"turns":3},{"damage":5,"enemies":"Lots of Slimes","floor":5,"turns":2},{"damage":16,"enemies":"Lagavulin","floor":6,"turns":5},{"damage":6,"enemies":"3 Sentries","floor":8,"turns":5},{"damage":7,"enemies":"Large Slime","floor":10,"turns":5},{"damage":0,"enemies":"Gremlin Nob","floor":12,"turns":3},{"damage":2,"enemies":"Exordium Wildlife","floor":14,"turns":3},{"damage":23,"enemies":"The Guardian","floor":16,"turns":8},{"damage":0,"enemies":"Chosen","floor":18,"turns":3},{"damage":10,"enemies":"Spheric Guardian","floor":20,"turns":3},{"damage":15,"enemies":"Centurion and Healer","floor":22,"turns":5},{"damage":0,"enemies":"Chosen and Byrds","floor":24,"turns":6},{"damage":16,"enemies":"Sentry and Sphere","floor":25,"turns":6},{"damage":81,"enemies":"Gremlin Leader","floor":29,"turns":6}],"seed_played":"-6428251601461682889","potions_obtained":[{"floor":2,"key":"Energy Potion"},{"floor":5,"key":"Fruit Juice"},{"floor":6,"key":"Energy Potion"},{"floor":10,"key":"Poison Potion"},{"floor":14,"key":"PowerPotion"},{"floor":20,"key":"Explosive Potion"},{"floor":24,"key":"GhostInAJar"}],"is_trial":false,"path_per_floor":["M","M","M","?","M","E","R","E","T","M","R","E","R","M","R","B",null,"M","?","M","$","M","R","M","M","T","$","R"],"character_chosen":"THE_SILENT","items_purchased":["Meat on the Bone","Dagger Spray"],"campfire_rested":4,"item_purchase_floors":[21,21],"current_hp_per_floor":[70,70,70,70,65,54,75,69,69,62,62,62,62,60,75,52,75,75,59,49,49,46,68,68,52,52,52,74,0],"gold":57,"neow_bonus":"REMOVE_TWO","is_prod":false,"is_daily":false,"chose_seed":false,"campfire_upgraded":2,"win_rate":0,"timestamp":1532133707,"path_taken":["M","M","M","?","M","E","R","E","T","?","R","E","R","M","R","BOSS","M","?","?","$","M","R","M","?","T","$","R","E"],"build_version":"2018-07-19v2","purchased_purges":1,"victory":false,"max_hp_per_floor":[70,70,70,70,70,75,75,75,75,75,75,75,75,75,75,75,75,75,75,75,75,75,75,75,75,75,75,75,75],"card_choices":[{"not_picked":["Cloak And Dagger","Prepared"],"picked":"Bouncing Flask","floor":1},{"not_picked":["Caltrops","Tactician"],"picked":"All Out Attack","floor":2},{"not_picked":["Underhanded Strike","Flying Knee"],"picked":"Quick Slash","floor":3},{"not_picked":["Infinite Blades","Outmaneuver"],"picked":"Deadly Poison","floor":5},{"not_picked":["Cloak And Dagger","Flying Knee"],"picked":"Dash","floor":6},{"not_picked":["Tools of the Trade","Dodge and Roll","Dash"],"picked":"SKIP","floor":8},{"not_picked":["Flying Knee","Dodge and Roll"],"picked":"Bane","floor":10},{"not_picked":["Sucker Punch","PiercingWail","Acrobatics"],"picked":"SKIP","floor":12},{"not_picked":["Setup","Flying Knee","After Image"],"picked":"SKIP","floor":14},{"not_picked":["Glass Knife","Bullet Time"],"picked":"Adrenaline","floor":16},{"not_picked":["Quick Slash","Deflect"],"picked":"Dagger Spray","floor":18},{"not_picked":["Distraction","Eviscerate"],"picked":"Leg Sweep","floor":20},{"not_picked":["Dagger Spray+1","Flying Knee","PiercingWail"],"picked":"SKIP","floor":22},{"not_picked":["Blade Dance","Cloak And Dagger"],"picked":"Escape Plan+1","floor":24},{"not_picked":["Leg Sweep+1","Slice+1","Endless Agony"],"picked":"SKIP","floor":25}],"player_experience":142018,"relics_obtained":[{"floor":6,"key":"Boot"},{"floor":8,"key":"Tingsha"},{"floor":9,"key":"Dodecahedron"},{"floor":12,"key":"War Paint"},{"floor":19,"key":"Necronomicon"},{"floor":26,"key":"The Courier"}],"event_choices":[{"event_name":"The Cleric","player_choice":"Leave","floor":4,"damage_taken":0},{"event_name":"Cursed Tome","player_choice":"Obtained Book","floor":19,"damage_taken":0}],"is_beta":false,"boss_relics":[{"not_picked":["Astrolabe","Pandora\u0027s Box"],"picked":"Empty Cage"}],"items_purged_floors":[21],"is_endless":false,"potions_floor_spawned":[2,5,6,10,14,20,24],"killed_by":"Gremlin Leader","ascension_level":1}