{"gold_per_floor":[114,114,128,1,15,40,40,54,54,83,93,148,148,165,165,270,300,318,318,336,336,352,352,371,381,681,696,331,331,331],"floor_reached":30,"playtime":2812,"items_purged":["Regret","Defend_R"],"score":244,"play_id":"ac3a24b2-795f-44a3-b019-6fec47a3bba6","local_time":"20180705154636","is_ascension_mode":false,"campfire_choices":[{"floor":15,"key":"REST"},{"floor":23,"key":"REST"}],"neow_cost":"TEN_PERCENT_HP_LOSS","seed_source_timestamp":775071835421117,"circlet_count":0,"master_deck":["Strike_R","Strike_R","Strike_R","Strike_R","Defend_R+1","Defend_R","Bash","Spot Weakness","Thunderclap","Twin Strike","Heavy Blade","Shrug It Off","Headbutt","Cleave","Twin Strike","Flame Barrier","Flame Barrier","Rampage","Searing Blow","Flex+1","Infernal Blade+1","Writhe","Infernal Blade+1","Dual Wield+1","Twin Strike","Flex+1","Secret Technique+1","Infernal Blade+1"],"relics":["Burning Blood","Ancient Tea Set","Champion Belt","Blue Candle","Regal Pillow","Darkstone Periapt","Toxic Egg 2","Tiny House","Juzu Bracelet","Old Coin","Enchiridion"],"potions_floor_usage":[12,12,16,16,18,22],"damage_taken":[{"damage":1,"enemies":"Cultist","floor":1,"turns":4},{"damage":9,"enemies":"Jaw Worm","floor":3,"turns":3},{"damage":0,"enemies":"Small Slimes","floor":5,"turns":3},{"damage":8,"enemies":"3 Sentries","floor":6,"turns":4},{"damage":4,"enemies":"Blue Slaver","floor":8,"turns":3},{"damage":29,"enemies":"Lagavulin","floor":10,"turns":6},{"damage":11,"enemies":"Exordium Wildlife","floor":11,"turns":3},{"damage":26,"enemies":"Lagavulin Event","floor":12,"turns":6},{"damage":0,"enemies":"2 Fungi Beasts","floor":14,"turns":3},{"damage":44,"enemies":"The Guardian","floor":16,"turns":9},{"damage":35,"enemies":"Chosen","floor":18,"turns":7},{"damage":32,"enemies":"Shell Parasite","floor":20,"turns":7},{"damage":6,"enemies":"Cultist and Chosen","floor":22,"turns":8},{"damage":28,"enemies":"Snecko","floor":24,"turns":5},{"damage":17,"enemies":"Sentry and Sphere","floor":25,"turns":4},{"damage":3,"enemies":"Centurion and Healer","floor":27,"turns":4},{"damage":42,"enemies":"Snecko","floor":30,"turns":4}],"seed_played":"6578595318490175591","potions_obtained":[{"floor":1,"key":"Strength Potion"},{"floor":10,"key":"Ancient Potion"},{"floor":11,"key":"BloodPotion"},{"floor":12,"key":"Dexterity Potion"},{"floor":16,"key":"Strength Potion"},{"floor":17,"key":"Fruit Juice"},{"floor":20,"key":"Fruit Juice"},{"floor":24,"key":"SteroidPotion"}],"is_trial":false,"path_per_floor":["M","?","M","$","M","E","$","M","T","E","M","?","T","M","R","B",null,"M","?","M","?","M","R","M","M","T","M","$","?"],"character_chosen":"IRONCLAD","items_purchased":["Shrug It Off","Secret Technique+1","Infernal Blade+1"],"campfire_rested":2,"item_purchase_floors":[4,28,28],"current_hp_per_floor":[72,72,69,69,72,70,70,72,72,49,44,31,31,37,72,34,77,53,53,27,33,38,80,58,47,47,50,50,34,0],"gold":331,"neow_bonus":"TRANSFORM_TWO_CARDS","is_prod":false,"is_daily":false,"chose_seed":false,"campfire_upgraded":0,"win_rate":0,"timestamp":1530823596,"path_taken":["M","?","M","$","M","E","$","M","T","E","M","?","?","M","R","BOSS","M","?","M","?","M","R","M","M","T","M","$","?","M"],"build_version":"2018-06-28","purchased_purges":2,"victory":false,"max_hp_per_floor":[72,72,72,72,72,72,72,72,72,72,72,72,72,72,72,72,77,82,82,82,88,93,93,93,93,93,93,93,93,93],"card_choices":[{"not_picked":["Inflame","Sword Boomerang"],"picked":"Twin Strike","floor":1},{"not_picked":["Clash","Hemokinesis"],"picked":"Heavy Blade","floor":3},{"not_picked":["Entrench","Clash","Body Slam"],"picked":"SKIP","floor":5},{"not_picked":["Sentinel","Havoc"],"picked":"Headbutt","floor":6},{"not_picked":["Anger","Sever Soul"],"picked":"Cleave","floor":8},{"not_picked":["Feed","Wild Strike"],"picked":"Twin Strike","floor":10},{"not_picked":["Clash","Sword Boomerang"],"picked":"Flame Barrier","floor":11},{"not_picked":["Body Slam","Hemokinesis"],"picked":"Flame Barrier","floor":12},{"not_picked":["Second Wind+1","Headbutt"],"picked":"Rampage","floor":14},{"not_picked":["Clothesline","Thunderclap"],"picked":"Searing Blow","floor":17},{"not_picked":["Warcry+1","Dropkick"],"picked":"Flex+1","floor":18},{"not_picked":["Bloodletting+1","Inflame+1"],"picked":"Infernal Blade+1","floor":20},{"not_picked":["Clash","Disarm+1"],"picked":"Infernal Blade+1","floor":22},{"not_picked":["Thunderclap+1","Clothesline"],"picked":"Dual Wield+1","floor":24},{"not_picked":["Reaper","Armaments+1"],"picked":"Twin Strike","floor":25},{"not_picked":["Shrug It Off+1","Second Wind+1"],"picked":"Flex+1","floor":27}],"player_experience":96486,"relics_obtained":[{"floor":6,"key":"Champion Belt"},{"floor":9,"key":"Blue Candle"},{"floor":10,"key":"Regal Pillow"},{"floor":12,"key":"Darkstone Periapt"},{"floor":13,"key":"Toxic Egg 2"},{"floor":26,"key":"Old Coin"},{"floor":29,"key":"Enchiridion"}],"event_choices":[{"event_name":"Big Fish","player_choice":"Box","floor":2,"damage_taken":0},{"event_name":"Dead Adventurer","player_choice":"Searched \u00271\u0027 times","floor":12,"damage_taken":0},{"event_name":"Ghosts","player_choice":"Ignored","floor":19,"damage_taken":0},{"event_name":"The Mausoleum","player_choice":"Yes","floor":21,"damage_taken":0},{"event_name":"Cursed Tome","player_choice":"Obtained Book","floor":29,"damage_taken":0}],"boss_relics":[{"not_picked":["Calling Bell","Philosopher\u0027s Stone"],"picked":"Tiny House"}],"items_purged_floors":[4,28],"is_endless":false,"potions_floor_spawned":[1,10,11,12,16,20,24],"killed_by":"Snecko","ascension_level":0}