{"gold_per_floor":[115,115,0,12,32,32,65,15,41,63,63,63,80,97,97,201,201,218,218,236,236,255,255,286,286,286,306,306],"floor_reached":28,"playtime":2106,"items_purged":["Strike_R","Strike_R"],"score":298,"play_id":"f0a1b7cf-7a3e-47b2-8156-5782e994602a","local_time":"20190624191652","is_ascension_mode":true,"campfire_choices":[{"data":"Blood for Blood","floor":6,"key":"SMITH"},{"floor":12,"key":"REST"},{"floor":15,"key":"REST"},{"floor":23,"key":"REST"},{"floor":25,"key":"REST"}],"neow_cost":"NONE","seed_source_timestamp":0,"circlet_count":0,"master_deck":["Strike_R","Strike_R","Defend_R","Defend_R","Defend_R","Bash","Cleave","Burning Pact","Metallicize","Body Slam","Blood for Blood+1","Body Slam","Sentinel","Impervious","Demon Form","Ghostly Armor","Armaments","Pommel Strike","Flex"],"special_seed":0,"relics":["Philosopher\u0027s Stone","Smiling Mask","Bag of Marbles","Odd Mushroom","Busted Crown","Nilry\u0027s Codex","Happy Flower","Dodecahedron"],"potions_floor_usage":[7,16,22,24,27,28],"damage_taken":[{"damage":0,"enemies":"Small Slimes","floor":1,"turns":2},{"damage":0,"enemies":"Cultist","floor":4,"turns":3},{"damage":0,"enemies":"2 Louse","floor":5,"turns":2},{"damage":21,"enemies":"3 Sentries","floor":7,"turns":6},{"damage":28,"enemies":"The Mushroom Lair","floor":10,"turns":4},{"damage":0,"enemies":"Large Slime","floor":13,"turns":4},{"damage":4,"enemies":"Looter","floor":14,"turns":3},{"damage":23,"enemies":"The Guardian","floor":16,"turns":8},{"damage":14,"enemies":"Shell Parasite","floor":18,"turns":4},{"damage":16,"enemies":"Spheric Guardian","floor":20,"turns":6},{"damage":20,"enemies":"Centurion and Healer","floor":22,"turns":4},{"damage":30,"enemies":"Book of Stabbing","floor":24,"turns":5},{"damage":5,"enemies":"Snake Plant","floor":27,"turns":4},{"damage":32,"enemies":"Slavers","floor":28,"turns":1}],"seed_played":"2413315688577189582","potions_obtained":[{"floor":4,"key":"LiquidBronze"},{"floor":7,"key":"FearPotion"},{"floor":14,"key":"SkillPotion"},{"floor":20,"key":"Block Potion"},{"floor":24,"key":"Poison Potion"},{"floor":27,"key":"Regen Potion"}],"is_trial":false,"path_per_floor":["M","?","$","M","M","R","E","$","T","?","?","R","M","M","R","B",null,"M","?","M","?","M","R","E","R","T","M","E"],"character_chosen":"IRONCLAD","items_purchased":["Metallicize"],"campfire_rested":4,"item_purchase_floors":[3],"current_hp_per_floor":[80,80,80,80,80,80,59,59,59,31,31,55,55,51,75,52,73,59,43,27,27,7,31,1,25,25,20,0],"gold":306,"neow_bonus":"BOSS_RELIC","is_prod":false,"is_daily":false,"chose_seed":false,"campfire_upgraded":1,"win_rate":0,"timestamp":1561429012,"path_taken":["M","?","?","M","?","R","E","$","T","?","?","R","M","M","R","BOSS","M","?","M","?","M","R","E","R","T","M","E"],"build_version":"2019-01-23","purchased_purges":2,"victory":false,"max_hp_per_floor":[80,80,80,80,80,80,80,80,80,80,80,80,80,80,80,80,80,80,80,80,80,80,80,80,80,80,80,80],"card_choices":[{"not_picked":["Sword Boomerang","True Grit"],"picked":"Cleave","floor":1},{"not_picked":["Sentinel","Rage"],"picked":"Body Slam","floor":4},{"not_picked":["Clash","Sever Soul"],"picked":"Blood for Blood","floor":5},{"not_picked":["Disarm","Hemokinesis"],"picked":"Body Slam","floor":7},{"not_picked":["Havoc","Perfected Strike"],"picked":"Sentinel","floor":10},{"not_picked":["Clothesline","Evolve","Body Slam"],"picked":"SKIP","floor":13},{"not_picked":["Body Slam","Iron Wave"],"picked":"Impervious","floor":14},{"not_picked":["Brutality","Limit Break"],"picked":"Demon Form","floor":16},{"not_picked":[],"picked":"Ghostly Armor","floor":18},{"not_picked":[],"picked":"Armaments","floor":20},{"not_picked":["Warcry"],"picked":"SKIP","floor":22},{"not_picked":[],"picked":"Pommel Strike","floor":24},{"not_picked":[],"picked":"Flex","floor":27}],"player_experience":530047,"relics_obtained":[{"floor":7,"key":"Smiling Mask"},{"floor":9,"key":"Bag of Marbles"},{"floor":10,"key":"Odd Mushroom"},{"floor":19,"key":"Nilry\u0027s Codex"},{"floor":24,"key":"Happy Flower"},{"floor":26,"key":"Dodecahedron"}],"event_choices":[{"damage_healed":0,"gold_gain":0,"cards_transformed":["Strike_R"],"player_choice":"Transformed","damage_taken":0,"max_hp_gain":0,"max_hp_loss":0,"event_name":"Transmorgrifier","floor":2,"gold_loss":0,"cards_obtained":["Burning Pact"]},{"damage_healed":0,"gold_gain":0,"player_choice":"Fought Mushrooms","damage_taken":0,"max_hp_gain":0,"max_hp_loss":0,"event_name":"Mushrooms","floor":10,"gold_loss":0},{"cards_removed":["Defend_R"],"damage_healed":0,"gold_gain":0,"player_choice":"Purged","damage_taken":0,"max_hp_gain":0,"max_hp_loss":0,"event_name":"Purifier","floor":11,"gold_loss":0},{"damage_healed":0,"gold_gain":0,"player_choice":"Obtained Book","damage_taken":16,"max_hp_gain":0,"max_hp_loss":0,"event_name":"Cursed Tome","floor":19,"gold_loss":0},{"damage_healed":0,"gold_gain":0,"player_choice":"Ignored","damage_taken":0,"max_hp_gain":0,"max_hp_loss":0,"event_name":"Ghosts","floor":21,"gold_loss":0}],"is_beta":false,"boss_relics":[{"not_picked":["Tiny House","Mark of Pain"],"picked":"Busted Crown"}],"items_purged_floors":[3,8],"is_endless":false,"potions_floor_spawned":[4,7,14,20,24,27],"killed_by":"Slavers","ascension_level":5}