{"gold_per_floor":[114,114,114,126,141,175,240,240,240,250,269,11,44,57,57,161,161,171,171,188,188,204,204,222,222,268,268,291,10,30,42,42,146,146,165,0,20,420,437,437,437],"floor_reached":41,"playtime":2693,"items_purged":["Defend_R"],"score":480,"play_id":"1de473a5-2b86-45f1-9dce-723e120658a1","local_time":"20190703004210","is_ascension_mode":false,"campfire_choices":[{"data":"Perfected Strike","floor":15,"key":"SMITH"},{"floor":23,"key":"RECALL"},{"data":"Demon Form","floor":25,"key":"SMITH"},{"data":"Shrug It Off","floor":27,"key":"SMITH"},{"data":"Metallicize","floor":32,"key":"SMITH"},{"data":"True Grit","floor":40,"key":"SMITH"}],"neow_cost":"NONE","seed_source_timestamp":2191589693217349,"circlet_count":0,"master_deck":["Strike_R","Strike_R","Strike_R","Strike_R+1","Strike_R","Defend_R","Defend_R","Bash","Twin Strike","Pommel Strike+1","Warcry","Twin Strike","Inflame+1","Warcry","Wild Strike","True Grit+1","Pummel+1","Warcry","Perfected Strike+1","Pummel","Juggernaut","Pummel","Shrug It Off+1","Demon Form+1","Pain","Pummel","Perfected Strike+1","Pain","Metallicize+1","Impervious","Juggernaut","Perfected Strike+1","Pommel Strike+1","Sword Boomerang","Spot Weakness"],"relics":["Burning Blood","Question Card","Pantograph","Thread and Needle","ClockworkSouvenir","Dodecahedron","Cursed Key","Omamori","Whetstone","Medical Kit","Philosopher\u0027s Stone","Red Mask","Old Coin"],"potions_floor_usage":[33,33,33,41],"damage_taken":[{"damage":1,"enemies":"Cultist","floor":1,"turns":3},{"damage":2,"enemies":"Small Slimes","floor":4,"turns":4},{"damage":7,"enemies":"2 Louse","floor":5,"turns":2},{"damage":19,"enemies":"Gremlin Nob","floor":6,"turns":4},{"damage":28,"enemies":"Lagavulin Event","floor":7,"turns":5},{"damage":0,"enemies":"Exordium Wildlife","floor":10,"turns":3},{"damage":0,"enemies":"Large Slime","floor":11,"turns":5},{"damage":12,"enemies":"3 Sentries","floor":13,"turns":5},{"damage":9,"enemies":"Red Slaver","floor":14,"turns":2},{"damage":36,"enemies":"The Guardian","floor":16,"turns":6},{"damage":6,"enemies":"Shell Parasite","floor":18,"turns":3},{"damage":0,"enemies":"Spheric Guardian","floor":20,"turns":3},{"damage":14,"enemies":"Centurion and Healer","floor":22,"turns":4},{"damage":11,"enemies":"Chosen and Byrds","floor":24,"turns":4},{"damage":2,"enemies":"Cultist and Chosen","floor":30,"turns":4},{"damage":12,"enemies":"3 Cultists","floor":31,"turns":4},{"damage":21,"enemies":"Automaton","floor":33,"turns":6},{"damage":12,"enemies":"Orb Walker","floor":35,"turns":3},{"damage":6,"enemies":"3 Darklings","floor":37,"turns":3},{"damage":30,"enemies":"Mind Bloom Boss Battle","floor":38,"turns":7},{"damage":11,"enemies":"Jaw Worm Horde","floor":39,"turns":2},{"damage":51,"enemies":"Reptomancer","floor":41,"turns":3}],"seed_played":"-1932587946174608147","potions_obtained":[{"floor":10,"key":"GamblersBrew"},{"floor":13,"key":"EssenceOfSteel"},{"floor":16,"key":"FearPotion"},{"floor":19,"key":"Strength Potion"},{"floor":24,"key":"Explosive Potion"},{"floor":30,"key":"SkillPotion"},{"floor":33,"key":"Weak Potion"},{"floor":37,"key":"FearPotion"}],"is_trial":false,"path_per_floor":["M","T","?","M","M","E","?","?","T","M","M","$","E","M","R","B",null,"M","?","M","?","M","R","M","R","T","R","T","$","M","M","R","B",null,"M","?","M","?","M","R","E"],"character_chosen":"IRONCLAD","items_purchased":["ClockworkSouvenir","Warcry","Medical Kit"],"campfire_rested":0,"item_purchase_floors":[12,12,29],"current_hp_per_floor":[80,80,80,80,79,66,44,28,28,34,40,40,34,31,31,26,80,80,80,80,80,72,72,67,67,67,67,67,67,71,65,65,65,80,74,74,74,56,51,51,0],"gold":437,"neow_bonus":"THREE_CARDS","is_prod":false,"is_daily":false,"chose_seed":false,"campfire_upgraded":5,"win_rate":0,"timestamp":1562136130,"path_taken":["M","?","?","M","M","E","?","?","T","M","M","$","E","?","R","BOSS","M","?","?","?","?","R","?","R","T","R","?","$","M","M","R","BOSS","M","?","M","?","M","R","E"],"build_version":"2019-07-01","purchased_purges":1,"victory":false,"max_hp_per_floor":[80,80,80,80,80,80,80,80,80,80,80,80,80,80,80,80,80,80,80,80,80,80,80,80,80,80,80,80,80,80,80,80,80,80,80,80,80,80,80,80,80],"card_choices":[{"not_picked":["Clash","Sever Soul"],"picked":"Twin Strike","floor":0},{"not_picked":["Havoc","Sword Boomerang"],"picked":"Pommel Strike","floor":1},{"not_picked":["Sever Soul","Carnage","Bloodletting"],"picked":"Twin Strike","floor":4},{"not_picked":["Iron Wave","Disarm","Clash"],"picked":"Inflame","floor":5},{"not_picked":["Clothesline","Searing Blow","Thunderclap"],"picked":"Warcry","floor":6},{"not_picked":["Clash","Bludgeon","Thunderclap"],"picked":"Wild Strike","floor":7},{"not_picked":["Heavy Blade","Anger","Clothesline"],"picked":"True Grit","floor":10},{"not_picked":["Rampage","Intimidate","Fire Breathing"],"picked":"Pummel","floor":11},{"not_picked":["Disarm","Rupture","Bloodletting"],"picked":"Perfected Strike","floor":13},{"not_picked":["Twin Strike","Fire Breathing","Warcry"],"picked":"Pummel","floor":14},{"not_picked":["Impervious","Brutality","Fiend Fire"],"picked":"Juggernaut","floor":16},{"not_picked":["Bloodletting","Cleave+1","Headbutt"],"picked":"Pummel","floor":18},{"not_picked":["Cleave+1","Rampage","Havoc"],"picked":"Shrug It Off","floor":20},{"not_picked":["Headbutt","Sever Soul","Thunderclap"],"picked":"Pummel","floor":22},{"not_picked":["Twin Strike","Shrug It Off","Hemokinesis+1"],"picked":"Perfected Strike+1","floor":24},{"not_picked":["Wild Strike","Hemokinesis","Inflame"],"picked":"Metallicize","floor":30},{"not_picked":["Rampage+1","Anger","Clash"],"picked":"Impervious","floor":31},{"not_picked":["Impervious","Berserk","Brutality"],"picked":"Juggernaut","floor":33},{"not_picked":["Shockwave","Sword Boomerang+1","Armaments+1"],"picked":"Perfected Strike+1","floor":35},{"not_picked":["Clash+1","Wild Strike+1","Warcry"],"picked":"Pommel Strike+1","floor":37},{"not_picked":["Sever Soul+1","Carnage","Pommel Strike"],"picked":"Sword Boomerang","floor":38},{"not_picked":["Headbutt+1","Bloodletting","Thunderclap+1"],"picked":"Spot Weakness","floor":39}],"player_experience":110448,"relics_obtained":[{"floor":2,"key":"Question Card"},{"floor":6,"key":"Pantograph"},{"floor":7,"key":"Thread and Needle"},{"floor":13,"key":"Dodecahedron"},{"floor":26,"key":"Omamori"},{"floor":28,"key":"Whetstone"},{"floor":38,"key":"Old Coin"}],"event_choices":[{"damage_healed":0,"gold_gain":0,"cards_transformed":["Defend_R"],"player_choice":"Change","damage_taken":0,"max_hp_gain":0,"max_hp_loss":0,"event_name":"Living Wall","floor":3,"gold_loss":0,"cards_obtained":["Warcry"]},{"damage_healed":0,"gold_gain":0,"player_choice":"Searched \u00272\u0027 times","damage_taken":0,"max_hp_gain":0,"max_hp_loss":0,"event_name":"Dead Adventurer","floor":7,"gold_loss":0},{"damage_healed":0,"gold_gain":0,"player_choice":"Entered Light","damage_taken":16,"max_hp_gain":0,"max_hp_loss":0,"event_name":"Shining Light","floor":8,"gold_loss":0,"cards_upgraded":["Strike_R","Inflame"]},{"damage_healed":0,"gold_gain":0,"player_choice":"Got Potions","damage_taken":0,"max_hp_gain":0,"max_hp_loss":0,"event_name":"Lab","floor":19,"gold_loss":0},{"damage_healed":0,"gold_gain":0,"player_choice":"2 cards matched","damage_taken":0,"max_hp_gain":0,"max_hp_loss":0,"event_name":"Match and Keep!","floor":21,"gold_loss":0,"cards_obtained":["Demon Form","Pain"]},{"damage_healed":0,"gold_gain":0,"player_choice":"Paid","damage_taken":0,"relics_obtained":["Red Mask"],"max_hp_gain":0,"max_hp_loss":0,"event_name":"Tomb of Lord Red Mask","floor":36,"gold_loss":165},{"damage_healed":0,"gold_gain":0,"player_choice":"Fight","damage_taken":0,"max_hp_gain":0,"max_hp_loss":0,"event_name":"MindBloom","floor":38,"gold_loss":0}],"is_beta":false,"boss_relics":[{"not_picked":["Runic Dome","Calling Bell"],"picked":"Cursed Key"},{"not_picked":["Black Blood","Snecko Eye"],"picked":"Philosopher\u0027s Stone"}],"items_purged_floors":[29],"is_endless":false,"potions_floor_spawned":[10,13,16,24,30,33,37],"killed_by":"Reptomancer","ascension_level":0}