{"gold_per_floor":[109,109,84,84,30,64,64,96,96,96,112,112,143,218,218,323,323,335,351,363,363,363],"floor_reached":22,"playtime":1164,"items_purged":[],"score":313,"play_id":"d0b6891a-5835-42a1-ab06-ee8698f806e9","local_time":"20181031142523","is_ascension_mode":true,"campfire_choices":[{"data":"Streamline","floor":7,"key":"SMITH"},{"data":"Ball Lightning","floor":10,"key":"SMITH"},{"data":"Zap","floor":12,"key":"SMITH"},{"floor":15,"key":"REST"}],"neow_cost":"NONE","seed_source_timestamp":1202027301623624,"circlet_count":0,"master_deck":["Strike_B","Strike_B","Defend_B+1","Defend_B+1","Defend_B","Zap+1","Dualcast","Streamline+1","Gash","Ball Lightning+1","Skim","FTL+1","Conserve Battery","Conserve Battery","Echo Form","Doom and Gloom+1","Barrage+1","Sweeping Beam+1","Decay"],"relics":["Cracked Core","NeowsBlessing","Bag of Preparation","Molten Egg 2","Turnip","Matryoshka","Empty Cage"],"potions_floor_usage":[16,18,20],"damage_taken":[{"damage":0,"enemies":"2 Louse","floor":1,"turns":1},{"damage":0,"enemies":"3 Sentries","floor":6,"turns":1},{"damage":0,"enemies":"Gremlin Nob","floor":8,"turns":1},{"damage":0,"enemies":"Jaw Worm","floor":11,"turns":2},{"damage":12,"enemies":"Lagavulin","floor":13,"turns":4},{"damage":27,"enemies":"Hexaghost","floor":16,"turns":6},{"damage":9,"enemies":"3 Byrds","floor":18,"turns":3},{"damage":0,"enemies":"Spheric Guardian","floor":19,"turns":3},{"damage":33,"enemies":"Shelled Parasite and Fungi","floor":20,"turns":4}],"seed_played":"-6347098870152697059","potions_obtained":[{"floor":8,"key":"Strength Potion"},{"floor":13,"key":"Fire Potion"},{"floor":16,"key":"PowerPotion"},{"floor":18,"key":"Fire Potion"}],"is_trial":false,"path_per_floor":["M","?","$","?","$","E","R","E","T","R","M","R","E","?","R","B",null,"M","M","M","?"],"character_chosen":"DEFECT","items_purchased":["Gash","Ball Lightning"],"campfire_rested":1,"item_purchase_floors":[3,5],"current_hp_per_floor":[75,60,60,60,60,60,60,60,60,60,60,60,48,37,59,32,64,55,55,22,22,22],"gold":363,"neow_bonus":"THREE_ENEMY_KILL","is_prod":false,"is_daily":false,"chose_seed":false,"campfire_upgraded":3,"win_rate":0,"timestamp":1541013923,"path_taken":["M","?","$","?","?","E","R","E","T","R","?","R","E","?","R","BOSS","M","M","M","?","$"],"build_version":"2018-10-25v2","purchased_purges":0,"victory":false,"max_hp_per_floor":[75,75,75,75,75,75,75,75,75,75,75,75,75,75,75,75,75,75,75,75,75,75],"card_choices":[{"not_picked":["Barrage","Rebound"],"picked":"Streamline","floor":1},{"not_picked":["Lockon","Sunder"],"picked":"Skim","floor":6},{"not_picked":["Sweeping Beam","Reprogram"],"picked":"FTL","floor":8},{"not_picked":["Steam","Chill"],"picked":"Conserve Battery","floor":11},{"not_picked":["Hello World","Lockon+1"],"picked":"Conserve Battery","floor":13},{"not_picked":["Creative AI","Hyperbeam+1"],"picked":"Echo Form","floor":16},{"not_picked":["Sweeping Beam+1","Hologram"],"picked":"Doom and Gloom+1","floor":18},{"not_picked":["Redo+1","Steam"],"picked":"Barrage+1","floor":19},{"not_picked":["Conserve Battery","Aggregate"],"picked":"Sweeping Beam+1","floor":20}],"player_experience":906006,"relics_obtained":[{"floor":6,"key":"Bag of Preparation"},{"floor":8,"key":"Molten Egg 2"},{"floor":9,"key":"Turnip"},{"floor":13,"key":"Matryoshka"}],"event_choices":[{"damage_healed":0,"gold_gain":0,"player_choice":"Entered Light","damage_taken":15,"max_hp_gain":0,"max_hp_loss":0,"event_name":"Shining Light","floor":2,"gold_loss":0,"cards_upgraded":["Defend_B","Defend_B"]},{"cards_removed":["Strike_B"],"damage_healed":0,"gold_gain":0,"player_choice":"Offered Basic","damage_taken":0,"max_hp_gain":0,"max_hp_loss":0,"event_name":"Bonfire Elementals","floor":4,"gold_loss":0},{"damage_healed":0,"gold_gain":75,"player_choice":"Gather Gold","damage_taken":11,"max_hp_gain":0,"max_hp_loss":0,"event_name":"World of Goop","floor":14,"gold_loss":0},{"damage_healed":0,"gold_gain":0,"player_choice":"Smashed Altar","damage_taken":0,"max_hp_gain":0,"max_hp_loss":0,"event_name":"Forgotten Altar","floor":21,"gold_loss":0,"cards_obtained":["Decay"]}],"is_beta":false,"boss_relics":[{"not_picked":["FrozenCore","Ectoplasm"],"picked":"Empty Cage"}],"items_purged_floors":[],"is_endless":false,"potions_floor_spawned":[8,13,16,18],"ascension_level":5}