{"gold_per_floor":[113,127,140,140,158,158,183,183,210,228,9,29,29,52,52,180,180,199,29,29,50,73,73,108,108,108,132,132,148,163,188,188,188],"floor_reached":33,"playtime":1844,"items_purged":["Strike_R","Defend_R"],"score":290,"play_id":"ec6fc966-7bb1-40a0-b594-b50a6dc473ab","local_time":"20180705091257","is_ascension_mode":false,"campfire_choices":[{"data":"Searing Blow","floor":6,"key":"SMITH"},{"floor":8,"key":"REST"},{"data":"Searing Blow+1","floor":13,"key":"SMITH"},{"data":"Searing Blow+2","floor":15,"key":"SMITH"},{"floor":23,"key":"REST"},{"floor":25,"key":"REST"},{"floor":28,"key":"REST"},{"floor":32,"key":"REST"}],"neow_cost":"TEN_PERCENT_HP_LOSS","seed_source_timestamp":752418835269492,"circlet_count":0,"master_deck":["Strike_R","Strike_R","Strike_R","Strike_R","Defend_R","Defend_R","Defend_R","Bash","Immolate+1","Heavy Blade","Searing Blow+3","Rampage+1","Iron Wave","Shrug It Off","Spot Weakness","Feed","Flex","Dual Wield","Immolate+1","Havoc+1","Headbutt+1"],"relics":["Burning Blood","Golden Idol","Whetstone","Singing Bowl","Eternal Feather","Strawberry","Mercury Hourglass"],"potions_floor_usage":[10,14,16,16,29,33,33],"damage_taken":[{"damage":1,"enemies":"Cultist","floor":1,"turns":4},{"damage":11,"enemies":"Jaw Worm","floor":2,"turns":3},{"damage":0,"enemies":"Small Slimes","floor":3,"turns":2},{"damage":0,"enemies":"Exordium Wildlife","floor":5,"turns":1},{"damage":33,"enemies":"Gremlin Gang","floor":7,"turns":4},{"damage":7,"enemies":"Exordium Thugs","floor":10,"turns":4},{"damage":0,"enemies":"2 Fungi Beasts","floor":12,"turns":1},{"damage":0,"enemies":"Lots of Slimes","floor":14,"turns":1},{"damage":52,"enemies":"The Guardian","floor":16,"turns":8},{"damage":20,"enemies":"3 Byrds","floor":18,"turns":5},{"damage":29,"enemies":"Chosen","floor":21,"turns":5},{"damage":7,"enemies":"3 Cultists","floor":22,"turns":3},{"damage":55,"enemies":"Book of Stabbing","floor":24,"turns":5},{"damage":36,"enemies":"Cultist and Chosen","floor":27,"turns":5},{"damage":17,"enemies":"Centurion and Healer","floor":29,"turns":6},{"damage":19,"enemies":"Sentry and Sphere","floor":30,"turns":4},{"damage":13,"enemies":"3 Cultists","floor":31,"turns":4},{"damage":86,"enemies":"Automaton","floor":33,"turns":6}],"seed_played":"282068190155591046","potions_obtained":[{"floor":1,"key":"Poison Potion"},{"floor":5,"key":"Poison Potion"},{"floor":10,"key":"Strength Potion"},{"floor":12,"key":"Swift Potion"},{"floor":22,"key":"SteroidPotion"},{"floor":27,"key":"Energy Potion"},{"floor":31,"key":"SkillPotion"}],"is_trial":false,"path_per_floor":["M","M","M","?","M","R","M","R","T","M","$","M","R","M","R","B",null,"M","$","?","M","M","R","E","R","T","M","R","M","M","M","R"],"character_chosen":"IRONCLAD","items_purchased":["Singing Bowl","Dual Wield"],"campfire_rested":5,"item_purchase_floors":[11,19],"current_hp_per_floor":[72,67,72,54,60,60,33,54,54,53,53,61,61,67,67,21,74,60,60,60,37,38,68,28,61,61,33,67,61,48,46,83,0],"gold":188,"neow_bonus":"THREE_RARE_CARDS","is_prod":false,"is_daily":false,"chose_seed":false,"campfire_upgraded":3,"win_rate":0,"timestamp":1530799977,"path_taken":["M","M","?","?","?","R","M","R","T","M","?","M","R","?","R","BOSS","M","$","?","M","M","R","E","R","T","M","R","?","M","?","R","BOSS"],"build_version":"2018-06-28","purchased_purges":2,"victory":false,"max_hp_per_floor":[72,72,72,72,72,72,72,72,72,72,72,74,74,74,74,74,74,74,74,74,74,76,76,85,85,85,87,87,92,92,97,97,97],"card_choices":[{"not_picked":["Bludgeon","Double Tap"],"picked":"Immolate","floor":0},{"not_picked":["Armaments","Havoc"],"picked":"Heavy Blade","floor":1},{"not_picked":["Clothesline","Fire Breathing","Thunderclap"],"picked":"SKIP","floor":2},{"not_picked":["Havoc","Warcry"],"picked":"Searing Blow","floor":3},{"not_picked":["Burning Pact","Clash"],"picked":"Rampage","floor":5},{"not_picked":["Shockwave","True Grit"],"picked":"Iron Wave","floor":7},{"not_picked":["Rage","Havoc"],"picked":"Shrug It Off","floor":10},{"not_picked":["Anger","Carnage","Hemokinesis"],"picked":"Singing Bowl","floor":12},{"not_picked":["Clothesline","Ghostly Armor"],"picked":"Spot Weakness","floor":14},{"not_picked":["Reaper","Brutality"],"picked":"Feed","floor":16},{"not_picked":["Clothesline","Headbutt"],"picked":"Flex","floor":18},{"not_picked":["Entrench+1","Warcry"],"picked":"Havoc+1","floor":21},{"not_picked":["Double Tap","Clash+1","Body Slam"],"picked":"Singing Bowl","floor":22},{"not_picked":["Cleave","Ghostly Armor","Searing Blow"],"picked":"Singing Bowl","floor":24},{"not_picked":["Iron Wave","Uppercut+1","Sentinel"],"picked":"Singing Bowl","floor":27},{"not_picked":["Rupture","Shockwave","Warcry+1"],"picked":"Singing Bowl","floor":29},{"not_picked":["Armaments+1","Hemokinesis"],"picked":"Headbutt+1","floor":30},{"not_picked":["Hemokinesis","Wild Strike","Corruption"],"picked":"Singing Bowl","floor":31}],"player_experience":82475,"relics_obtained":[{"floor":9,"key":"Whetstone"},{"floor":24,"key":"Strawberry"},{"floor":26,"key":"Mercury Hourglass"}],"event_choices":[{"event_name":"Golden Idol","player_choice":"Take Damage","floor":4,"damage_taken":0},{"event_name":"Duplicator","player_choice":"One dupe","floor":20,"damage_taken":0}],"boss_relics":[{"not_picked":["White Beast Statue","Calling Bell"],"picked":"Eternal Feather"}],"items_purged_floors":[11,19],"is_endless":false,"potions_floor_spawned":[1,5,10,12,22,27,31],"killed_by":"Automaton","ascension_level":0}