{"gold_per_floor":[115,115,65,65,65,65,79,110,133,151,52,84,84,100,100,195,195,211,227,227,56,76,76,104,104,104,104,124,36,61,61,61,61],"floor_reached":33,"playtime":2048,"items_purged":["Injury"],"score":320,"play_id":"03c82903-6db5-4095-83d2-7633272b1e63","local_time":"20180729140731","is_ascension_mode":true,"campfire_choices":[{"data":"Bash","floor":6,"key":"SMITH"},{"floor":13,"key":"REST"},{"data":"Flash of Steel","floor":15,"key":"SMITH"},{"data":"Flash of Steel","floor":23,"key":"SMITH"},{"floor":25,"key":"REST"},{"floor":27,"key":"REST"},{"data":"Flash of Steel","floor":32,"key":"SMITH"}],"neow_cost":"FIFTY_PERCENT_DAMAGE","seed_source_timestamp":70414276944680,"circlet_count":0,"master_deck":["Strike_R","Strike_R","Strike_R","Strike_R+1","Defend_R","Defend_R","Bash+1","Ghostly Armor+1","Pommel Strike","Fiend Fire+1","Shrug It Off","Flash of Steel+1","Ghostly Armor","Power Through","Battle Trance","Flash of Steel+1","Pommel Strike+1","Flex+1","Inflame+1","Battle Trance","Flash of Steel+1","Impervious"],"relics":["Burning Blood","Omamori","Dream Catcher","Whetstone","Lizard Tail","Blood Vial","Ancient Tea Set","Matryoshka"],"potions_floor_usage":[12,16,24,33],"damage_taken":[{"damage":2,"enemies":"Jaw Worm","floor":1,"turns":3},{"damage":0,"enemies":"2 Louse","floor":7,"turns":3},{"damage":30,"enemies":"Lagavulin","floor":8,"turns":9},{"damage":0,"enemies":"Cultist","floor":10,"turns":3},{"damage":14,"enemies":"3 Sentries","floor":12,"turns":9},{"damage":3,"enemies":"Blue Slaver","floor":14,"turns":3},{"damage":50,"enemies":"The Guardian","floor":16,"turns":14},{"damage":0,"enemies":"Shell Parasite","floor":18,"turns":2},{"damage":0,"enemies":"Chosen","floor":19,"turns":4},{"damage":2,"enemies":"Snecko","floor":22,"turns":4},{"damage":63,"enemies":"Slavers","floor":24,"turns":7},{"damage":4,"enemies":"Centurion and Healer","floor":28,"turns":5},{"damage":22,"enemies":"Gremlin Leader","floor":30,"turns":4},{"damage":133,"enemies":"Collector","floor":33,"turns":7}],"seed_played":"-5822883532688907612","potions_obtained":[{"floor":8,"key":"BloodPotion"},{"floor":14,"key":"Dexterity Potion"},{"floor":22,"key":"PowerPotion"},{"floor":30,"key":"Weak Potion"}],"is_trial":false,"path_per_floor":["M","?","?","$","?","R","M","E","T","M","$","E","R","M","R","B",null,"M","M","?","$","M","R","E","R","T","R","M","$","E","?","R"],"character_chosen":"IRONCLAD","items_purchased":["Flash of Steel","Flash of Steel","Flash of Steel"],"campfire_rested":3,"item_purchase_floors":[11,21,29],"current_hp_per_floor":[44,44,44,44,44,44,50,26,26,32,32,32,56,59,59,15,80,80,80,65,65,69,69,12,37,37,62,66,66,52,85,85,0],"gold":61,"neow_bonus":"REMOVE_TWO","is_prod":false,"is_daily":false,"chose_seed":false,"campfire_upgraded":4,"win_rate":0,"timestamp":1532891251,"path_taken":["M","?","?","$","?","R","M","E","T","M","$","E","R","M","R","BOSS","M","M","?","$","M","R","E","R","T","R","M","?","E","?","R","BOSS"],"build_version":"2018-07-26","purchased_purges":1,"victory":false,"max_hp_per_floor":[80,80,80,80,80,80,80,80,80,80,80,80,80,80,80,80,80,80,80,85,85,85,85,85,85,85,85,85,85,85,85,85,85],"card_choices":[{"not_picked":["Warcry","Havoc"],"picked":"Ghostly Armor","floor":1},{"not_picked":["Thunderclap","Sword Boomerang"],"picked":"Pommel Strike","floor":7},{"not_picked":["Twin Strike","Wild Strike"],"picked":"Fiend Fire","floor":8},{"not_picked":["Thunderclap","Perfected Strike"],"picked":"Shrug It Off","floor":10},{"not_picked":["Carnage","Second Wind"],"picked":"Ghostly Armor","floor":12},{"not_picked":["Intimidate","Clothesline"],"picked":"Power Through","floor":13},{"not_picked":["Entrench","Twin Strike","Feel No Pain"],"picked":"SKIP","floor":14},{"not_picked":["Warcry","Flame Barrier+1"],"picked":"Battle Trance","floor":18},{"not_picked":["Combust","Havoc","Carnage"],"picked":"SKIP","floor":19},{"not_picked":["Twin Strike","Thunderclap+1"],"picked":"Pommel Strike+1","floor":22},{"not_picked":["Twin Strike","Shockwave"],"picked":"Infernal Blade+1","floor":24},{"not_picked":["Entrench","Twin Strike"],"picked":"Flex+1","floor":25},{"not_picked":["Heavy Blade","Flex"],"picked":"Inflame+1","floor":27},{"not_picked":["Perfected Strike","Metallicize"],"picked":"Battle Trance","floor":28},{"not_picked":["Pummel+1","Limit Break"],"picked":"Impervious","floor":30}],"player_experience":369373,"relics_obtained":[{"floor":8,"key":"Omamori"},{"floor":9,"key":"Dream Catcher"},{"floor":12,"key":"Whetstone"},{"floor":24,"key":"Blood Vial"},{"floor":26,"key":"Ancient Tea Set"},{"floor":30,"key":"Matryoshka"}],"event_choices":[{"event_name":"Shining Light","player_choice":"Ignored","floor":2,"damage_taken":0},{"event_name":"The Cleric","player_choice":"Card Removal","floor":3,"damage_taken":0},{"event_name":"Accursed Blacksmith","player_choice":"Forge","floor":5,"damage_taken":0},{"event_name":"Forgotten Altar","player_choice":"Shed Blood","floor":20,"damage_taken":0},{"event_name":"Bonfire Elementals","player_choice":"UNCOMMON","floor":31,"damage_taken":0}],"is_beta":false,"boss_relics":[{"not_picked":["Runic Pyramid","Runic Dome"],"picked":"Lizard Tail"}],"items_purged_floors":[21],"is_endless":false,"potions_floor_spawned":[8,14,22,30],"killed_by":"Collector","ascension_level":2}