{"gold_per_floor":[109,123,123,135,151,151,151,151,151,161,189,189,209,222,222,342,342,366,1,14,14,32,32],"floor_reached":23,"playtime":1840,"items_purged":["Injury"],"score":224,"play_id":"8a9e61ff-24b2-4ff3-98ff-f0c3580064e7","local_time":"20180909095839","is_ascension_mode":true,"campfire_choices":[{"floor":6,"key":"REST"},{"data":"Redo","floor":8,"key":"SMITH"},{"floor":15,"key":"REST"}],"neow_cost":"","seed_source_timestamp":422733257564,"circlet_count":0,"master_deck":["Strike_B","Strike_B","Strike_B","Strike_B","Defend_B+1","Defend_B","Defend_B","Defend_B+1","Zap","Dualcast","Redo+1","Steam","Doom and Gloom","Beam Cell","Turbo","Fusion","Leap","Tempest","Machine Learning","Coolheaded","Defragment","Sweeping Beam","Master of Strategy","Conserve Battery","Defragment","Glacier+1"],"relics":["Cracked Core","Calipers","Thread and Needle","Golden Idol","Black Star"],"potions_floor_usage":[4,14,16,18,20,22,23,23],"damage_taken":[{"damage":6,"enemies":"Jaw Worm","floor":1,"turns":4},{"damage":1,"enemies":"2 Louse","floor":2,"turns":2},{"damage":0,"enemies":"Cultist","floor":4,"turns":2},{"damage":8,"enemies":"3 Louse","floor":5,"turns":2},{"damage":14,"enemies":"Exordium Wildlife","floor":10,"turns":4},{"damage":15,"enemies":"3 Sentries","floor":11,"turns":5},{"damage":0,"enemies":"Looter","floor":13,"turns":3},{"damage":3,"enemies":"Lots of Slimes","floor":14,"turns":2},{"damage":3,"enemies":"Slime Boss","floor":16,"turns":7},{"damage":6,"enemies":"Chosen","floor":18,"turns":5},{"damage":7,"enemies":"2 Thieves","floor":20,"turns":4},{"damage":7,"enemies":"Snecko","floor":22,"turns":4},{"damage":62,"enemies":"Gremlin Leader","floor":23,"turns":6}],"seed_played":"8019972731230534108","potions_obtained":[{"floor":1,"key":"Ancient Potion"},{"floor":2,"key":"AttackPotion"},{"floor":5,"key":"FocusPotion"},{"floor":14,"key":"Weak Potion"},{"floor":16,"key":"Swift Potion"},{"floor":18,"key":"Dexterity Potion"},{"floor":20,"key":"AttackPotion"},{"floor":22,"key":"Explosive Potion"}],"is_trial":false,"path_per_floor":["M","M","?","M","M","R","?","R","T","M","E","?","M","M","R","B",null,"M","$","M","?","M"],"character_chosen":"DEFECT","items_purchased":["Defragment","Sweeping Beam","Master of Strategy"],"campfire_rested":2,"item_purchase_floors":[19,19,19],"current_hp_per_floor":[69,68,53,53,45,67,72,72,72,58,43,43,43,40,64,61,80,74,74,67,67,60,0],"gold":32,"neow_bonus":"","is_prod":false,"is_daily":false,"chose_seed":false,"campfire_upgraded":1,"win_rate":0,"timestamp":1536512319,"path_taken":["M","M","?","M","?","R","?","R","T","M","E","?","M","M","R","BOSS","M","$","M","?","?","E"],"build_version":"2018-09-06","purchased_purges":1,"victory":false,"max_hp_per_floor":[75,75,75,75,75,75,80,80,80,80,80,80,80,80,80,80,80,80,80,80,80,80,80],"card_choices":[{"not_picked":["Force Field","Hologram"],"picked":"Redo","floor":1},{"not_picked":["Auto Shields","Compile Driver"],"picked":"Steam","floor":2},{"not_picked":["Gash","Lockon"],"picked":"Doom and Gloom","floor":4},{"not_picked":["Lockon","Rip and Tear"],"picked":"Beam Cell","floor":5},{"not_picked":["Rebound","Force Field"],"picked":"Turbo","floor":10},{"not_picked":["Biased Cognition","Heatsinks"],"picked":"Fusion","floor":11},{"not_picked":["Reprogram","Compile Driver"],"picked":"Leap","floor":13},{"not_picked":["Hologram","Auto Shields"],"picked":"Tempest","floor":14},{"not_picked":["Meteor Strike","Amplify"],"picked":"Machine Learning","floor":16},{"not_picked":["Genetic Algorithm","Leap"],"picked":"Coolheaded","floor":18},{"not_picked":["Rebound","Go for the Eyes"],"picked":"Conserve Battery","floor":20},{"not_picked":["Redo","Self Repair+1"],"picked":"Glacier+1","floor":22}],"player_experience":353774,"relics_obtained":[{"floor":9,"key":"Calipers"},{"floor":11,"key":"Thread and Needle"}],"event_choices":[{"event_name":"Shining Light","player_choice":"Entered Light","floor":3,"damage_taken":0},{"event_name":"Big Fish","player_choice":"Donut","floor":7,"damage_taken":0},{"event_name":"Golden Idol","player_choice":"Take Wound","floor":12,"damage_taken":0},{"event_name":"The Library","player_choice":"Read","floor":21,"damage_taken":0}],"is_beta":false,"boss_relics":[{"not_picked":["Sozu","Eternal Feather"],"picked":"Black Star"}],"items_purged_floors":[19],"is_endless":false,"potions_floor_spawned":[1,2,5,14,16,18,20,22],"killed_by":"Gremlin Leader","ascension_level":3}