{"gold_per_floor":[117,135,152,152,152,152,39,71,71,46,64,78,10,30,30,128,128,143,15,31,51,63,63,63],"floor_reached":24,"playtime":1376,"items_purged":["Strike_B"],"score":313,"play_id":"690abc39-1c72-4f5c-86bd-4db4cc24deb5","local_time":"20180808090927","is_ascension_mode":true,"campfire_choices":[{"data":"Consume","floor":6,"key":"SMITH"},{"data":"Zap","floor":15,"key":"SMITH"},{"floor":23,"key":"REST"}],"neow_cost":"NONE","seed_source_timestamp":3690492652366181,"circlet_count":0,"master_deck":["Strike_B","Strike_B","Strike_B","Defend_B","Defend_B","Defend_B","Defend_B","Zap+1","Dualcast","Electrodynamics","Consume+1","Steam","Capacitor","Defragment","Darkness","Auto Shields+1","Barrage","Chaos+1","Ball Lightning","Defragment","Buffer","Rainbow+1","Turbo+1","Ball Lightning","Rip and Tear+1","Sweeping Beam+1","Aggregate+1"],"relics":["Cracked Core","Toxic Egg 2","Gremlin Horn","Velvet Choker"],"potions_floor_usage":[8,18,21,24,24],"damage_taken":[{"damage":0,"enemies":"Cultist","floor":1,"turns":3},{"damage":7,"enemies":"Jaw Worm","floor":2,"turns":2},{"damage":3,"enemies":"2 Louse","floor":3,"turns":2},{"damage":17,"enemies":"3 Sentries","floor":8,"turns":5},{"damage":4,"enemies":"Looter","floor":11,"turns":4},{"damage":3,"enemies":"2 Fungi Beasts","floor":12,"turns":3},{"damage":6,"enemies":"Lots of Slimes","floor":14,"turns":2},{"damage":0,"enemies":"Slime Boss","floor":16,"turns":9},{"damage":12,"enemies":"2 Thieves","floor":18,"turns":3},{"damage":6,"enemies":"Spheric Guardian","floor":20,"turns":3},{"damage":10,"enemies":"3 Cultists","floor":21,"turns":4},{"damage":23,"enemies":"Snecko","floor":22,"turns":4},{"damage":20,"enemies":"Gremlin Leader","floor":24,"turns":2}],"seed_played":"190522962267614451","potions_obtained":[{"floor":1,"key":"AttackPotion"},{"floor":8,"key":"Poison Potion"},{"floor":14,"key":"Strength Potion"},{"floor":16,"key":"SkillPotion"},{"floor":18,"key":"Block Potion"},{"floor":22,"key":"Regen Potion"}],"is_trial":false,"path_per_floor":["M","M","M","$","$","R","$","E","T","$","M","M","$","M","R","B",null,"M","$","M","M","M","R"],"character_chosen":"DEFECT","items_purchased":["Defragment","Darkness","Barrage","Defragment","Ball Lightning"],"campfire_rested":1,"item_purchase_floors":[7,7,10,13,19],"current_hp_per_floor":[75,68,65,65,65,65,65,48,48,48,44,41,41,35,35,35,65,53,53,47,37,14,36,25],"gold":63,"neow_bonus":"ONE_RANDOM_RARE_CARD","is_prod":false,"is_daily":false,"chose_seed":false,"campfire_upgraded":2,"win_rate":0,"timestamp":1533737367,"path_taken":["M","?","M","?","$","R","$","E","T","$","M","M","?","M","R","BOSS","M","?","M","M","M","R","E"],"build_version":"2018-08-02","purchased_purges":1,"victory":false,"max_hp_per_floor":[75,75,75,75,75,75,75,75,75,75,75,75,75,75,75,75,75,75,75,75,75,75,75,75],"card_choices":[{"not_picked":["Stack","Conserve Battery"],"picked":"Consume","floor":1},{"not_picked":["BootSequence","Streamline"],"picked":"Steam","floor":2},{"not_picked":["Steam","Hologram"],"picked":"Capacitor","floor":3},{"not_picked":["Cold Snap","Barrage"],"picked":"Auto Shields","floor":8},{"not_picked":["Compile Driver","Cold Snap"],"picked":"Chaos+1","floor":11},{"not_picked":["Conserve Battery+1","Melter"],"picked":"Ball Lightning","floor":12},{"not_picked":["Lockon","Defragment"],"picked":"Buffer","floor":14},{"not_picked":["Core Surge","Meteor Strike"],"picked":"Rainbow+1","floor":16},{"not_picked":["Coolheaded+1","Sweeping Beam"],"picked":"Turbo+1","floor":18},{"not_picked":["Barrage","Blizzard+1"],"picked":"Rip and Tear+1","floor":20},{"not_picked":["Tempest+1","Reinforced Body+1"],"picked":"Sweeping Beam+1","floor":21},{"not_picked":["Static Discharge","Stack+1"],"picked":"Aggregate+1","floor":22}],"player_experience":445433,"relics_obtained":[{"floor":8,"key":"Toxic Egg 2"},{"floor":9,"key":"Gremlin Horn"}],"event_choices":[],"is_beta":false,"boss_relics":[{"not_picked":["Pandora\u0027s Box","Runic Pyramid"],"picked":"Velvet Choker"}],"items_purged_floors":[19],"is_endless":false,"potions_floor_spawned":[1,8,14,16,18,22],"killed_by":"Gremlin Leader","ascension_level":5}