{"gold_per_floor":[116,116,135,135,39,71,84,84,84,84,84,84,111,130,130,234,234,244,38,38,49,64,64,82,82,82,82,82,82,100,20,20,121,121,138,20,20,20,32,32,32],"floor_reached":41,"playtime":1968,"items_purged":["Strike_G","Writhe"],"score":496,"play_id":"907689b6-b93c-44e6-bac6-6892581ae570","local_time":"20190628213004","is_ascension_mode":true,"campfire_choices":[{"floor":8,"key":"REST"},{"floor":12,"key":"REST"},{"floor":15,"key":"RECALL"},{"floor":23,"key":"REST"},{"floor":27,"key":"REST"},{"floor":29,"key":"REST"},{"floor":32,"key":"REST"},{"floor":40,"key":"REST"}],"neow_cost":"NONE","seed_source_timestamp":1156748314860400,"circlet_count":0,"master_deck":["Defend_G","Defend_G","Defend_G","Defend_G","Strike_G","Survivor","Neutralize+1","Quick Slash","Flying Knee","Crippling Poison","Deadly Poison","Slice","Poisoned Stab","Endless Agony","Glass Knife","Dagger Spray","Noxious Fumes","Footwork","Predator","RitualDagger","Deadly Poison+1","Setup+1"],"relics":["Busted Crown","Shuriken","Pear","The Courier","Sozu","Tough Bandages","Boot","Pantograph","Empty Cage","Bronze Scales"],"potions_floor_usage":[13,16,18],"damage_taken":[{"damage":1,"enemies":"Small Slimes","floor":1,"turns":4},{"damage":0,"enemies":"Jaw Worm","floor":3,"turns":3},{"damage":28,"enemies":"Gremlin Nob","floor":6,"turns":4},{"damage":0,"enemies":"Cultist","floor":7,"turns":3},{"damage":12,"enemies":"3 Sentries","floor":13,"turns":6},{"damage":0,"enemies":"3 Louse","floor":14,"turns":2},{"damage":21,"enemies":"Slime Boss","floor":16,"turns":9},{"damage":12,"enemies":"2 Thieves","floor":18,"turns":3},{"damage":17,"enemies":"Spheric Guardian","floor":21,"turns":4},{"damage":15,"enemies":"Cultist and Chosen","floor":22,"turns":5},{"damage":34,"enemies":"Shelled Parasite and Fungi","floor":24,"turns":5},{"damage":17,"enemies":"Chosen and Byrds","floor":30,"turns":5},{"damage":65,"enemies":"Automaton","floor":33,"turns":8},{"damage":48,"enemies":"3 Darklings","floor":35,"turns":5},{"damage":0,"enemies":"3 Shapes","floor":39,"turns":3},{"damage":51,"enemies":"Giant Head","floor":41,"turns":6}],"seed_played":"-5232089382187894001","potions_obtained":[{"floor":6,"key":"Fire Potion"},{"floor":7,"key":"Poison Potion"},{"floor":16,"key":"AttackPotion"}],"is_trial":false,"path_per_floor":["M","?","M","?","$","E","M","R","T","?","?","R","E","M","R","B",null,"M","$","?","M","M","R","M","?","T","R","?","R","M","$","R","B",null,"M","$","?","?","M","R","E"],"character_chosen":"THE_SILENT","items_purchased":["Crippling Poison","Deadly Poison","Noxious Fumes","Footwork","Predator","Bronze Scales"],"campfire_rested":7,"item_purchase_floors":[5,5,19,19,19,36],"current_hp_per_floor":[69,62,62,62,62,44,44,68,68,68,61,80,68,68,68,47,72,60,60,54,37,22,46,12,12,12,36,36,60,43,43,67,15,64,16,16,16,16,16,40,0],"gold":32,"neow_bonus":"BOSS_RELIC","is_prod":false,"is_daily":false,"chose_seed":false,"campfire_upgraded":0,"win_rate":0,"timestamp":1561782604,"path_taken":["M","?","M","?","$","E","?","R","T","?","?","R","E","M","R","BOSS","M","$","?","M","M","R","M","?","T","R","?","R","M","$","R","BOSS","M","$","?","?","?","R","E"],"build_version":"2019-01-23","purchased_purges":2,"victory":false,"max_hp_per_floor":[70,70,70,70,70,80,80,80,80,80,80,80,80,80,80,80,80,80,80,80,80,80,80,80,80,80,80,80,80,80,80,80,80,80,80,80,80,80,80,80,80],"card_choices":[{"not_picked":[],"picked":"Quick Slash","floor":1},{"not_picked":[],"picked":"Flying Knee","floor":3},{"not_picked":["Night Terror"],"picked":"SKIP","floor":6},{"not_picked":[],"picked":"Slice","floor":7},{"not_picked":[],"picked":"Endless Agony","floor":13},{"not_picked":["Outmaneuver"],"picked":"SKIP","floor":14},{"not_picked":[],"picked":"Glass Knife","floor":16},{"not_picked":[],"picked":"Dagger Spray","floor":18},{"not_picked":[],"picked":"Deadly Poison+1","floor":21},{"not_picked":["Deadly Poison"],"picked":"SKIP","floor":22},{"not_picked":["Dodge and Roll"],"picked":"SKIP","floor":24},{"not_picked":["Footwork"],"picked":"SKIP","floor":30},{"not_picked":["Reflex"],"picked":"SKIP","floor":35},{"not_picked":[],"picked":"Setup+1","floor":39}],"player_experience":577094,"relics_obtained":[{"floor":6,"key":"Pear"},{"floor":13,"key":"The Courier"},{"floor":26,"key":"Boot"},{"floor":28,"key":"Pantograph"}],"event_choices":[{"damage_healed":0,"gold_gain":0,"player_choice":"Success","damage_taken":7,"relics_obtained":["Shuriken"],"max_hp_gain":0,"max_hp_loss":0,"event_name":"Scrap Ooze","floor":2,"gold_loss":0},{"damage_healed":0,"gold_gain":0,"player_choice":"Forge","damage_taken":0,"max_hp_gain":0,"max_hp_loss":0,"event_name":"Accursed Blacksmith","floor":4,"gold_loss":0,"cards_upgraded":["Neutralize"]},{"damage_healed":0,"gold_gain":0,"cards_transformed":["Defend_G"],"player_choice":"Change","damage_taken":0,"max_hp_gain":0,"max_hp_loss":0,"event_name":"Living Wall","floor":10,"gold_loss":0,"cards_obtained":["Poisoned Stab"]},{"cards_removed":["Strike_G"],"damage_healed":0,"gold_gain":0,"player_choice":"Card Removal","damage_taken":7,"max_hp_gain":0,"max_hp_loss":0,"event_name":"Golden Wing","floor":11,"gold_loss":0},{"damage_healed":0,"gold_gain":0,"player_choice":"Joined the Cult","damage_taken":6,"max_hp_gain":0,"max_hp_loss":0,"event_name":"Nest","floor":20,"gold_loss":0,"cards_obtained":["RitualDagger"]},{"damage_healed":0,"gold_gain":0,"player_choice":"Opened","damage_taken":0,"relics_obtained":["Tough Bandages"],"max_hp_gain":0,"max_hp_loss":0,"event_name":"The Mausoleum","floor":25,"gold_loss":0,"cards_obtained":["Writhe"]},{"damage_healed":0,"gold_gain":0,"player_choice":"Relic","damage_taken":0,"max_hp_gain":0,"max_hp_loss":0,"event_name":"Wheel of Change","floor":28,"gold_loss":0},{"damage_healed":0,"gold_gain":0,"player_choice":"Ignored","damage_taken":0,"max_hp_gain":0,"max_hp_loss":0,"event_name":"Mysterious Sphere","floor":37,"gold_loss":0},{"damage_healed":0,"gold_gain":0,"player_choice":"Ignored","damage_taken":0,"max_hp_gain":0,"max_hp_loss":0,"event_name":"WeMeetAgain","floor":38,"gold_loss":0}],"is_beta":false,"boss_relics":[{"not_picked":["Coffee Dripper","Snecko Eye"],"picked":"Sozu"},{"not_picked":["Pandora\u0027s Box","Runic Pyramid"],"picked":"Empty Cage"}],"items_purged_floors":[19,31],"is_endless":false,"potions_floor_spawned":[6,7,16,24,30,33,39],"killed_by":"Giant Head","ascension_level":5}