{"gold_per_floor":[111,121,140,140,215,215,233,262,262,262,262,262,262,280,280,384,384,404,404,404,218,228,259,259,276,355,204,204,204,37,49,49,144,144,160,1159,1176,1176,870,870,895,895,942,956,396,16,28,42,42,42,42,42,19,50,50],"floor_reached":56,"playtime":3419,"items_purged":["Shame","Normality"],"score":1218,"play_id":"e160a6b6-a385-4bb1-b546-d7bf964c9b1f","local_time":"20190318190008","is_ascension_mode":false,"campfire_choices":[{"data":"Dualcast","floor":6.0,"key":"SMITH"},{"floor":10.0,"key":"REST"},{"data":"Tempest","floor":13.0,"key":"SMITH"},{"floor":15.0,"key":"REST"},{"data":"Steam Power","floor":24.0,"key":"SMITH"},{"data":"Defragment","floor":28.0,"key":"SMITH"},{"data":"Capacitor","floor":32.0,"key":"SMITH"},{"data":"Buffer","floor":40.0,"key":"SMITH"},{"data":"Barrage","floor":42.0,"key":"SMITH"},{"floor":49.0,"key":"RECALL"},{"data":"Defragment","floor":52.0,"key":"SMITH"}],"neow_cost":"NONE","seed_source_timestamp":0,"circlet_count":0,"master_deck":["Strike_B","Strike_B","Strike_B","Defend_B","Defend_B","Defend_B","Zap+1","Dualcast+1","Ball Lightning","Tempest+1","Ball Lightning","Leap","Echo Form","Barrage+1","Steam Power+1","Turbo","All For One","Parasite","Parasite","Parasite","Auto Shields+1","Redo+1","Deep Breath+1","Barrage+1","Steam+1","Ball Lightning+1","Defragment+1","Swift Strike+1","Capacitor+1","Ball Lightning+1","Conserve Battery+1","Coolheaded+1","Buffer+1","Double Energy+1","Normality","Capacitor+1","Conserve Battery+1","Cold Snap+1","Redo+1","Master of Strategy+1","Doom and Gloom+1","Defragment+1","Go for the Eyes+1","Fusion+1","Stack+1","Redo+1"],"special_seed":0,"relics":["Cracked Core","Bronze Scales","Letter Opener","Dream Catcher","Calling Bell","Orichalcum","Toxic Egg 2","Turnip","Happy Flower","Molten Egg 2","Eternal Feather","Strawberry","Calipers","Bag of Preparation","Du-Vu Doll","Emotion Chip","Sundial"],"potions_floor_usage":[55,55],"damage_taken":[{"damage":0.0,"enemies":"Cultist","floor":1.0,"turns":3.0},{"damage":2.0,"enemies":"2 Louse","floor":2.0,"turns":2.0},{"damage":6.0,"enemies":"Jaw Worm","floor":3.0,"turns":2.0},{"damage":5.0,"enemies":"3 Louse","floor":7.0,"turns":2.0},{"damage":22.0,"enemies":"Lagavulin","floor":8.0,"turns":6.0},{"damage":0.0,"enemies":"2 Fungi Beasts","floor":14.0,"turns":2.0},{"damage":41.0,"enemies":"Hexaghost","floor":16.0,"turns":6.0},{"damage":1.0,"enemies":"Spheric Guardian","floor":18.0,"turns":3.0},{"damage":1.0,"enemies":"2 Thieves","floor":22.0,"turns":3.0},{"damage":15.0,"enemies":"Book of Stabbing","floor":23.0,"turns":3.0},{"damage":6.0,"enemies":"3 Cultists","floor":25.0,"turns":3.0},{"damage":0.0,"enemies":"Snecko","floor":31.0,"turns":3.0},{"damage":24.0,"enemies":"Collector","floor":33.0,"turns":5.0},{"damage":3.0,"enemies":"3 Shapes","floor":35.0,"turns":3.0},{"damage":6.0,"enemies":"Orb Walker","floor":37.0,"turns":4.0},{"damage":41.0,"enemies":"Nemesis","floor":41.0,"turns":6.0},{"damage":21.0,"enemies":"Jaw Worm Horde","floor":44.0,"turns":6.0},{"damage":15.0,"enemies":"4 Shapes","floor":47.0,"turns":4.0},{"damage":0.0,"enemies":"Transient","floor":48.0,"turns":5.0},{"damage":55.0,"enemies":"Donu and Deca","floor":50.0,"turns":8.0},{"damage":5.0,"enemies":"Shield and Spear","floor":54.0,"turns":4.0},{"damage":65,"enemies":"The Heart","floor":55,"turns":8}],"seed_played":"-6699824466639505034","potions_obtained":[{"floor":3.0,"key":"Regen Potion"},{"floor":7.0,"key":"PowerPotion"},{"floor":18.0,"key":"Energy Potion"},{"floor":23.0,"key":"LiquidBronze"},{"floor":25.0,"key":"SteroidPotion"},{"floor":35.0,"key":"FearPotion"},{"floor":54.0,"key":"SpeedPotion"}],"is_trial":false,"path_per_floor":["M","M","M","?","?","R","M","E","T","R","?","?","R","M","R","B",null,"M","?","?","$","M","E","R","M","T","$","R","?","$","M","R","B",null,"M","?","M","?","$","R","E","R","T","M","$","$","M","M","R","B",null,"R","$","E","B",null],"character_chosen":"DEFECT","items_purchased":["Redo+1","Deep Breath+1","Defragment","Swift Strike+1","Capacitor","Ball Lightning+1","Conserve Battery+1","Strawberry","Conserve Battery+1","Du-Vu Doll","Master of Strategy+1","Doom and Gloom+1","Emotion Chip","Defragment","Stack+1"],"campfire_rested":2,"item_purchase_floors":[21,21,27,27,30,30,30,39,39,45,45,45,46,46,53],"current_hp_per_floor":[82,80,74,67,56,56,51,29,29,53,46,46,46,46,70,29,82,81,81,81,81,80,65,65,59,59,59,59,59,59,59,59,35,82,79,79,73,73,80,89,48,69,69,48,48,48,33,33,57,2,89,89,89,84,19],"gold":50,"neow_bonus":"TEN_PERCENT_HP_BONUS","is_prod":false,"is_daily":false,"chose_seed":false,"campfire_upgraded":8,"win_rate":0,"timestamp":1552953608,"path_taken":["M","?","M","?","?","R","M","E","T","R","?","?","R","M","R","BOSS","M","?","?","$","M","E","R","?","T","$","R","?","$","M","R","BOSS","M","?","M","?","$","R","E","R","T","M","?","$","?","M","R","BOSS","R","$","E","BOSS"],"build_version":"2019-01-23","purchased_purges":2,"victory":true,"max_hp_per_floor":[82,82,82,82,82,82,82,82,82,82,82,82,82,82,82,82,82,82,82,82,82,82,82,82,82,82,82,82,82,82,82,82,82,82,82,82,82,82,89,89,89,89,89,89,89,89,89,89,89,89,89,89,89,89,89],"card_choices":[{"not_picked":["Fusion","Loop"],"picked":"Ball Lightning","floor":1.0},{"not_picked":["Hologram","Rebound"],"picked":"Tempest","floor":2.0},{"not_picked":["Darkness","Beam Cell"],"picked":"Ball Lightning","floor":3.0},{"not_picked":["Sweeping Beam","Streamline"],"picked":"Leap","floor":7.0},{"not_picked":["Streamline","Conserve Battery"],"picked":"Echo Form","floor":8.0},{"not_picked":["Coolheaded","Steam"],"picked":"Barrage","floor":10.0},{"not_picked":["Go for the Eyes","Tempest"],"picked":"Steam Power","floor":14.0},{"not_picked":["Undo","Sunder"],"picked":"Turbo","floor":15.0},{"not_picked":["Biased Cognition","Amplify"],"picked":"All For One","floor":16.0},{"not_picked":["Cold Snap","Undo+1"],"picked":"Auto Shields+1","floor":18.0},{"not_picked":["Redo+1","Go for the Eyes"],"picked":"Barrage+1","floor":22.0},{"not_picked":["Rip and Tear","Storm"],"picked":"Steam+1","floor":23.0},{"not_picked":["Compile Driver+1","Heatsinks"],"picked":"Ball Lightning+1","floor":25.0},{"not_picked":["Blizzard+1","Recycle+1"],"picked":"Coolheaded+1","floor":31.0},{"not_picked":["Multi-Cast+1","Rainbow+1"],"picked":"Buffer","floor":33.0},{"not_picked":["Ball Lightning+1","BootSequence+1"],"picked":"Double Energy+1","floor":35.0},{"not_picked":["Steam+1","Conserve Battery+1"],"picked":"Capacitor+1","floor":37.0},{"not_picked":["Barrage+1","Genetic Algorithm+1"],"picked":"Cold Snap+1","floor":41.0},{"not_picked":["Recycle+1","Self Repair"],"picked":"Redo+1","floor":44.0},{"not_picked":["Storm","Rebound+1"],"picked":"Go for the Eyes+1","floor":47.0},{"not_picked":["Steam+1","Sunder+1"],"picked":"Fusion+1","floor":48.0},{"not_picked":["Rebound+1","Aggregate+1"],"picked":"Redo+1","floor":54.0}],"player_experience":1221134,"relics_obtained":[{"floor":8.0,"key":"Letter Opener"},{"floor":9.0,"key":"Dream Catcher"},{"floor":17.0,"key":"Orichalcum"},{"floor":17.0,"key":"Toxic Egg 2"},{"floor":17.0,"key":"Turnip"},{"floor":23.0,"key":"Molten Egg 2"},{"floor":41.0,"key":"Calipers"},{"floor":43.0,"key":"Bag of Preparation"},{"floor":54.0,"key":"Sundial"}],"event_choices":[{"damage_healed":0.0,"max_hp_gain":0.0,"max_hp_loss":0.0,"gold_gain":0.0,"event_name":"Scrap Ooze","player_choice":"Success","floor":4.0,"gold_loss":0.0,"damage_taken":7.0,"relics_obtained":["Bronze Scales"]},{"damage_healed":0.0,"max_hp_gain":0.0,"max_hp_loss":0.0,"gold_gain":75.0,"event_name":"World of Goop","player_choice":"Gather Gold","floor":5.0,"gold_loss":0.0,"damage_taken":11.0},{"cards_removed":["Strike_B"],"damage_healed":0.0,"max_hp_gain":0.0,"max_hp_loss":0.0,"gold_gain":0.0,"event_name":"Golden Wing","player_choice":"Card Removal","floor":11.0,"gold_loss":0.0,"damage_taken":7.0},{"cards_removed":["Defend_B"],"damage_healed":0.0,"max_hp_gain":0.0,"max_hp_loss":0.0,"gold_gain":0.0,"event_name":"Purifier","player_choice":"Purged","floor":12.0,"gold_loss":0.0,"damage_taken":0.0},{"damage_healed":0.0,"max_hp_gain":0.0,"max_hp_loss":0.0,"gold_gain":0.0,"event_name":"Addict","player_choice":"Stole Relic","floor":19.0,"gold_loss":0.0,"damage_taken":0.0,"relics_obtained":["Happy Flower"],"cards_obtained":["Shame"]},{"damage_healed":0.0,"max_hp_gain":0.0,"max_hp_loss":0.0,"gold_gain":0.0,"event_name":"Accursed Blacksmith","player_choice":"Forge","floor":20.0,"gold_loss":0.0,"damage_taken":0.0,"cards_upgraded":["Zap"]},{"damage_healed":0.0,"max_hp_gain":0.0,"max_hp_loss":0.0,"gold_gain":0.0,"event_name":"Beggar","player_choice":"Ignored","floor":29.0,"gold_loss":0.0,"damage_taken":0.0},{"damage_healed":0.0,"max_hp_gain":0.0,"max_hp_loss":0.0,"gold_gain":999.0,"event_name":"MindBloom","player_choice":"Gold","floor":36.0,"gold_loss":0.0,"damage_taken":0.0,"cards_obtained":["Normality","Normality"]},{"damage_healed":0.0,"max_hp_gain":0.0,"max_hp_loss":0.0,"gold_gain":0.0,"event_name":"SensoryStone","player_choice":"Memory 1","floor":38.0,"gold_loss":0.0,"damage_taken":0.0}],"is_beta":false,"boss_relics":[{"not_picked":["Runic Dome","White Beast Statue"],"picked":"Calling Bell"},{"not_picked":["Velvet Choker","Philosopher\u0027s Stone"],"picked":"Eternal Feather"}],"items_purged_floors":[21,39],"is_endless":false,"potions_floor_spawned":[3,7,18,23,25,35,47,54],"ascension_level":0}