{"gold_per_floor":[210,229,404,86,96,123,123,139,139,151,184,184,196,144,144,244,244,261,261,287,387,402,431,431,465,465,465,40,55,75,93,93,93],"floor_reached":33,"playtime":2970,"items_purged":["Doubt"],"score":347,"play_id":"cf9f0ef9-119b-49b5-a220-b0a652f988e7","local_time":"20181214100403","is_ascension_mode":false,"campfire_choices":[{"data":"Thunderclap","floor":12.0,"key":"SMITH"},{"data":"Flex","floor":15.0,"key":"SMITH"},{"floor":24,"key":"REST"},{"data":"Immolate","floor":27,"key":"SMITH"},{"floor":32,"key":"REST"}],"neow_cost":"NONE","seed_source_timestamp":0,"circlet_count":0,"master_deck":["Defend_R","Defend_R","Defend_R","Defend_R","Bash","Flex+1","Iron Wave+1","Flash of Steel+1","Heavy Blade","Cleave","Thunderclap+1","Shrug It Off","Heavy Blade","Iron Wave","Sword Boomerang","Immolate+1","Shrug It Off","Bite","Bite","Bite","Bite","Bite","Inflame","Cleave+1","Wild Strike","Dropkick+1","Flex","Heavy Blade","Twin Strike","Flex"],"special_seed":0,"relics":["Burning Blood","Whetstone","PreservedInsect","Sundial","Black Star","Red Mask","Calipers","Letter Opener","Juzu Bracelet","Charon\u0027s Ashes","Oddly Smooth Stone","Happy Flower","Vajra","Toy Ornithopter"],"potions_floor_usage":[23,25,31,33],"damage_taken":[{"damage":6.0,"enemies":"Jaw Worm","floor":1.0,"turns":3.0},{"damage":5.0,"enemies":"Small Slimes","floor":2.0,"turns":2.0},{"damage":2.0,"enemies":"2 Louse","floor":5.0,"turns":2.0},{"damage":49.0,"enemies":"Lagavulin","floor":6.0,"turns":7.0},{"damage":0.0,"enemies":"Looter","floor":8.0,"turns":3.0},{"damage":2.0,"enemies":"2 Fungi Beasts","floor":10.0,"turns":3.0},{"damage":9.0,"enemies":"3 Sentries","floor":11.0,"turns":5.0},{"damage":2.0,"enemies":"Blue Slaver","floor":13.0,"turns":3.0},{"damage":11.0,"enemies":"Slime Boss","floor":16.0,"turns":8.0},{"damage":2.0,"enemies":"2 Thieves","floor":18.0,"turns":2.0},{"damage":44.0,"enemies":"Masked Bandits","floor":20.0,"turns":5.0},{"damage":18.0,"enemies":"Colosseum Slavers","floor":21.0,"turns":3.0},{"damage":31.0,"enemies":"Colosseum Nobs","floor":21.0,"turns":4.0},{"damage":5.0,"enemies":"3 Byrds","floor":22.0,"turns":5.0},{"damage":0,"enemies":"Gremlin Leader","floor":23,"turns":4},{"damage":17,"enemies":"Slavers","floor":25,"turns":3},{"damage":24,"enemies":"Snecko","floor":29,"turns":4},{"damage":9,"enemies":"Centurion and Healer","floor":30,"turns":2},{"damage":4,"enemies":"Cultist and Chosen","floor":31,"turns":4},{"damage":112,"enemies":"Collector","floor":33,"turns":11}],"seed_played":"1267948762389713858","potions_obtained":[{"floor":1.0,"key":"AttackPotion"},{"floor":5.0,"key":"Fire Potion"},{"floor":8.0,"key":"Dexterity Potion"},{"floor":10.0,"key":"Strength Potion"},{"floor":16.0,"key":"Poison Potion"},{"floor":20.0,"key":"PowerPotion"},{"floor":22.0,"key":"Fire Potion"},{"floor":23,"key":"Strength Potion"},{"floor":29,"key":"Poison Potion"}],"is_trial":false,"path_per_floor":["M","M","?","$","M","E","?","M","T","M","E","R","M","$","R","B",null,"M","?","?","?","M","E","R","E","T","R","$","M","M","M","R","B"],"character_chosen":"IRONCLAD","items_purchased":["Blood Vial","Flash of Steel","Sword Boomerang","Vajra","Flex","Toy Ornithopter","Swift Potion"],"campfire_rested":2,"item_purchase_floors":[4,4,14,28,28,28,28],"current_hp_per_floor":[80,80,80,80,80,37,37,45,45,51,50,50,56,56,56,53,80,80,80,42,15,24,36,60,55,55,55,55,43,42,51,75,0],"gold":93,"neow_bonus":"HUNDRED_GOLD","is_prod":false,"is_daily":false,"chose_seed":false,"campfire_upgraded":3,"win_rate":0,"timestamp":1544803443,"path_taken":["M","M","?","$","M","E","?","M","T","M","E","R","M","$","R","BOSS","M","?","?","?","M","E","R","E","T","R","$","M","M","M","R","BOSS"],"build_version":"2018-12-13","purchased_purges":1,"victory":false,"max_hp_per_floor":[80,80,80,80,80,80,80,80,80,80,80,80,80,80,80,80,80,80,80,80,80,80,80,80,80,80,80,80,80,80,80,80,80],"card_choices":[{"not_picked":["Blood for Blood","Wild Strike"],"picked":"Flex","floor":1.0},{"not_picked":["Power Through","Headbutt"],"picked":"Iron Wave","floor":2.0},{"not_picked":["Wild Strike","Fire Breathing"],"picked":"Heavy Blade","floor":5.0},{"not_picked":["Clash","Fire Breathing"],"picked":"Cleave","floor":6.0},{"not_picked":["Warcry","Wild Strike"],"picked":"Thunderclap","floor":8.0},{"not_picked":["Sever Soul","Dark Embrace"],"picked":"Shrug It Off","floor":10.0},{"not_picked":["Hemokinesis","Sentinel"],"picked":"Heavy Blade","floor":11.0},{"not_picked":["Havoc","Rampage"],"picked":"Iron Wave","floor":13.0},{"not_picked":["Reaper","Double Tap"],"picked":"Immolate","floor":16.0},{"not_picked":["Second Wind+1","Body Slam"],"picked":"Shrug It Off","floor":18.0},{"not_picked":["Clash+1","Havoc"],"picked":"Inflame","floor":20.0},{"not_picked":["Bloodletting","Dual Wield"],"picked":"Cleave+1","floor":21.0},{"not_picked":["Metallicize","Feel No Pain+1"],"picked":"Wild Strike","floor":22.0},{"not_picked":["Sword Boomerang","Feel No Pain"],"picked":"Dropkick+1","floor":23},{"not_picked":["Feel No Pain","Entrench+1","Dark Embrace"],"picked":"SKIP","floor":25},{"not_picked":["Clash","Clothesline"],"picked":"Heavy Blade","floor":29},{"not_picked":["Body Slam","Clothesline"],"picked":"Twin Strike","floor":30},{"not_picked":["Pummel","Shrug It Off"],"picked":"Flex","floor":31}],"player_experience":1099456,"relics_obtained":[{"floor":6.0,"key":"Whetstone"},{"floor":9.0,"key":"PreservedInsect"},{"floor":11.0,"key":"Sundial"},{"floor":20.0,"key":"Red Mask"},{"floor":21.0,"key":"Calipers"},{"floor":21.0,"key":"Letter Opener"},{"floor":23,"key":"Juzu Bracelet"},{"floor":23,"key":"Charon\u0027s Ashes"},{"floor":25,"key":"Oddly Smooth Stone"},{"floor":25,"key":"Happy Flower"}],"event_choices":[{"damage_healed":0.0,"max_hp_gain":0.0,"max_hp_loss":0.0,"gold_gain":175.0,"event_name":"Liars Game","player_choice":"AGREE","floor":3.0,"gold_loss":0.0,"damage_taken":0.0,"cards_obtained":["Doubt"]},{"damage_healed":0.0,"max_hp_gain":0.0,"max_hp_loss":0.0,"gold_gain":0.0,"event_name":"Living Wall","player_choice":"Grow","floor":7.0,"gold_loss":0.0,"damage_taken":0.0,"cards_upgraded":["Flash of Steel"]},{"damage_healed":0.0,"max_hp_gain":0.0,"max_hp_loss":0.0,"gold_gain":0.0,"event_name":"Vampires","player_choice":"Became a vampire (Vial)","floor":19.0,"relics_lost":["Blood Vial"],"gold_loss":0.0,"damage_taken":0.0,"cards_obtained":["Bite","Bite","Bite","Bite","Bite"]},{"damage_healed":0.0,"max_hp_gain":0.0,"max_hp_loss":0.0,"gold_gain":0.0,"event_name":"Masked Bandits","player_choice":"Fought Bandits","floor":20.0,"gold_loss":0.0,"damage_taken":0.0},{"damage_healed":0.0,"max_hp_gain":0.0,"max_hp_loss":0.0,"gold_gain":0.0,"event_name":"Colosseum","player_choice":"Fight","floor":21.0,"gold_loss":0.0,"damage_taken":0.0},{"damage_healed":0.0,"max_hp_gain":0.0,"max_hp_loss":0.0,"gold_gain":0.0,"event_name":"Colosseum","player_choice":"Fought Nobs","floor":21.0,"gold_loss":0.0,"damage_taken":0.0}],"is_beta":false,"boss_relics":[{"not_picked":["Runic Pyramid","Runic Dome"],"picked":"Black Star"}],"items_purged_floors":[4],"is_endless":false,"potions_floor_spawned":[1,5,8,10,16,20,21,22,23,29],"killed_by":"Collector","ascension_level":0}