{"gold_per_floor":[118,136,136,152,33,68,87,87,87,87,97,122,122,133,133,133],"floor_reached":16,"playtime":789,"items_purged":[],"score":168,"play_id":"36079168-eb74-44ec-b5fa-07396409cd91","local_time":"20181030084226","is_ascension_mode":true,"campfire_choices":[{"floor":8.0,"key":"REST"},{"floor":13.0,"key":"REST"},{"floor":15.0,"key":"REST"}],"neow_cost":"NONE","seed_source_timestamp":0,"circlet_count":0,"master_deck":["Defend_G","Defend_G","Defend_G","Defend_G","Defend_G","Strike_G","Strike_G","Strike_G","Strike_G","Strike_G","Survivor","Neutralize","AscendersBane","Cloak And Dagger","Sucker Punch","Backstab","Choke","Slice","Slice","Blade Dance","Backflip"],"special_seed":0,"relics":["Ring of the Snake","NeowsBlessing","Question Card","Tiny Chest","The Courier","Frozen Egg 2","Boot"],"potions_floor_usage":[],"damage_taken":[{"damage":0.0,"enemies":"Cultist","floor":1.0,"turns":1.0},{"damage":0.0,"enemies":"2 Louse","floor":2.0,"turns":1.0},{"damage":0.0,"enemies":"Jaw Worm","floor":4.0,"turns":1.0},{"damage":24.0,"enemies":"Gremlin Nob","floor":6.0,"turns":5.0},{"damage":0.0,"enemies":"3 Louse","floor":7.0,"turns":2.0},{"damage":4.0,"enemies":"Large Slime","floor":11.0,"turns":6.0},{"damage":27.0,"enemies":"Lagavulin","floor":12.0,"turns":7.0},{"damage":0.0,"enemies":"Blue Slaver","floor":14.0,"turns":2.0},{"damage":29,"enemies":"The Guardian","floor":16,"turns":11}],"seed_played":"6173907884021218129","potions_obtained":[{"floor":2.0,"key":"Block Potion"},{"floor":6.0,"key":"Swift Potion"}],"is_trial":false,"path_per_floor":["M","M","?","M","$","E","M","R","T","?","M","E","R","M","R"],"character_chosen":"THE_SILENT","items_purchased":["Tiny Chest"],"campfire_rested":3,"item_purchase_floors":[5],"current_hp_per_floor":[63,63,45,45,45,21,21,42,42,42,38,11,32,32,53,24],"gold":133,"neow_bonus":"THREE_ENEMY_KILL","is_prod":false,"is_daily":false,"chose_seed":false,"campfire_upgraded":0,"win_rate":0,"timestamp":1540906946,"path_taken":["M","?","?","M","$","E","M","R","T","?","M","E","R","M","R","BOSS"],"build_version":"2018-10-25v2","purchased_purges":0,"victory":false,"max_hp_per_floor":[70,70,70,70,70,70,70,70,70,70,70,70,70,70,70,70],"card_choices":[{"not_picked":["Dagger Spray","Riddle With Holes"],"picked":"Cloak And Dagger","floor":1.0},{"not_picked":["Acrobatics","Slice"],"picked":"Sucker Punch","floor":2.0},{"not_picked":["Flechettes","Sucker Punch","Dodge and Roll"],"picked":"Backstab","floor":4.0},{"not_picked":["Expertise","Footwork","Reflex"],"picked":"Choke","floor":6.0},{"not_picked":["Quick Slash","Endless Agony","Outmaneuver"],"picked":"Slice","floor":7.0},{"not_picked":["Reflex","PiercingWail","Dagger Throw"],"picked":"Slice","floor":11.0},{"not_picked":["Deflect","Bouncing Flask","Cloak And Dagger"],"picked":"Blade Dance","floor":12.0},{"not_picked":["Sucker Punch","Quick Slash","Dash"],"picked":"Backflip","floor":14.0}],"player_experience":891948,"relics_obtained":[{"floor":6.0,"key":"The Courier"},{"floor":9.0,"key":"Frozen Egg 2"},{"floor":12.0,"key":"Boot"}],"event_choices":[{"damage_healed":0.0,"max_hp_gain":0.0,"max_hp_loss":0.0,"gold_gain":0.0,"event_name":"Scrap Ooze","player_choice":"Success","floor":3.0,"gold_loss":0.0,"damage_taken":18.0,"relics_obtained":["Question Card"]},{"damage_healed":0.0,"max_hp_gain":0.0,"max_hp_loss":0.0,"gold_gain":0.0,"event_name":"Liars Game","player_choice":"Ignored","floor":10.0,"gold_loss":0.0,"damage_taken":0.0}],"is_beta":false,"boss_relics":[],"items_purged_floors":[],"is_endless":false,"potions_floor_spawned":[2,6],"killed_by":"The Guardian","ascension_level":10}