{"gold_per_floor":[115,290,290,302,320,320,333,5,5,17,49,61,83,106,118,130],"floor_reached":16,"playtime":1228,"items_purged":["Doubt"],"score":94,"play_id":"669499dc-beb8-40d5-9de9-e95b7dc34e9d","local_time":"20190626230511","is_ascension_mode":false,"campfire_choices":[{"data":"Twin Strike","floor":6,"key":"SMITH"},{"floor":10,"key":"REST"},{"floor":15,"key":"REST"}],"neow_cost":"NONE","seed_source_timestamp":1668830744306417,"circlet_count":0,"master_deck":["Strike_R","Strike_R","Strike_R","Strike_R","Strike_R","Defend_R","Defend_R","Defend_R","Defend_R","Rampage","Headbutt","Twin Strike+1","Headbutt","Master of Strategy","Dual Wield","Offering","Carnage","Blood for Blood"],"relics":["Burning Blood","MawBank"],"potions_floor_usage":[],"damage_taken":[{"damage":20,"enemies":"Jaw Worm","floor":1,"turns":4},{"damage":6,"enemies":"2 Louse","floor":4,"turns":3},{"damage":5,"enemies":"Cultist","floor":5,"turns":4},{"damage":32,"enemies":"Exordium Wildlife","floor":7,"turns":6},{"damage":14,"enemies":"Blue Slaver","floor":11,"turns":3},{"damage":20,"enemies":"Gremlin Gang","floor":13,"turns":5},{"damage":21,"enemies":"Lots of Slimes","floor":14,"turns":4},{"damage":71,"enemies":"The Guardian","floor":16,"turns":6}],"seed_played":"4523535152997952397","potions_obtained":[{"floor":1,"key":"Energy Potion"},{"floor":5,"key":"Swift Potion"},{"floor":13,"key":"Block Potion"}],"is_trial":false,"path_per_floor":["M","?","?","M","M","R","M","$","T","R","M","?","M","M","R","B"],"character_chosen":"IRONCLAD","items_purchased":["Master of Strategy","Dual Wield"],"campfire_rested":2,"item_purchase_floors":[8,8],"current_hp_per_floor":[74,74,79,79,80,80,54,54,54,81,73,73,59,44,71,0],"gold":130,"neow_bonus":"TEN_PERCENT_HP_BONUS","is_prod":false,"is_daily":false,"chose_seed":false,"campfire_upgraded":1,"win_rate":0.0,"timestamp":1561611911,"path_taken":["M","?","?","M","M","R","M","$","T","R","M","?","M","M","R","BOSS"],"build_version":"2019-01-23","purchased_purges":1,"victory":false,"max_hp_per_floor":[88,88,93,93,93,93,93,93,93,93,93,93,93,93,93,93],"card_choices":[{"not_picked":["Sever Soul","Intimidate"],"picked":"Rampage","floor":1},{"not_picked":["Clash","Sword Boomerang"],"picked":"Headbutt","floor":4},{"not_picked":["Shrug It Off","Warcry"],"picked":"Twin Strike","floor":5},{"not_picked":["Sword Boomerang","True Grit"],"picked":"Headbutt","floor":7},{"not_picked":["Cleave","Clothesline"],"picked":"Offering","floor":11},{"not_picked":["Warcry","Burning Pact"],"picked":"Carnage","floor":13},{"not_picked":["Pommel Strike","Combust"],"picked":"Blood for Blood","floor":14}],"player_experience":783,"relics_obtained":[{"floor":9,"key":"MawBank"}],"event_choices":[{"damage_healed":0,"gold_gain":175,"player_choice":"AGREE","damage_taken":0,"max_hp_gain":0,"max_hp_loss":0,"event_name":"Liars Game","floor":2,"gold_loss":0,"cards_obtained":["Doubt"]},{"damage_healed":0,"gold_gain":0,"player_choice":"Donut","damage_taken":0,"max_hp_gain":5,"max_hp_loss":0,"event_name":"Big Fish","floor":3,"gold_loss":0},{"cards_removed":["Bash"],"damage_healed":0,"gold_gain":0,"player_choice":"Purged","damage_taken":0,"max_hp_gain":0,"max_hp_loss":0,"event_name":"Purifier","floor":12,"gold_loss":0}],"is_beta":false,"boss_relics":[],"items_purged_floors":[8],"is_endless":false,"potions_floor_spawned":[1,5,13],"killed_by":"The Guardian","ascension_level":0}