{"gold_per_floor":[115,115,190,202,17,17,34,34,34,34,54,74,74,91,91,188,188,200,200,213,213,183,183,199,213,267,267,279,88,37,55,55,55],"floor_reached":33,"playtime":2248,"items_purged":["Strike_R"],"score":239,"play_id":"cb15f37a-f453-482e-9673-3faa4a499bab","local_time":"20180710141415","is_ascension_mode":false,"campfire_choices":[{"data":"Searing Blow","floor":6,"key":"SMITH"},{"data":"Searing Blow+1","floor":8,"key":"SMITH"},{"data":"Searing Blow+2","floor":15,"key":"SMITH"},{"data":"Searing Blow+3","floor":23,"key":"SMITH"},{"floor":27,"key":"REST"},{"floor":32,"key":"REST"}],"neow_cost":"","seed_source_timestamp":1202039735085109,"circlet_count":0,"master_deck":["Strike_R","Strike_R","Defend_R+1","Defend_R","Defend_R","Bash","Shrug It Off+1","Searing Blow+4","Spot Weakness","Iron Wave","Spot Weakness","Heavy Blade","Cleave+1","Decay","Heavy Blade","Writhe","Ghostly Armor","Body Slam+1","Shrug It Off","Demon Form"],"relics":["Burning Blood","Champion Belt","Empty Cage","Singing Bowl","War Paint","TwistedFunnel"],"potions_floor_usage":[14,18,18,31,33,33],"damage_taken":[{"damage":10,"enemies":"2 Louse","floor":1,"turns":4},{"damage":1,"enemies":"Cultist","floor":4,"turns":4},{"damage":0,"enemies":"Small Slimes","floor":7,"turns":4},{"damage":6,"enemies":"3 Louse","floor":11,"turns":3},{"damage":9,"enemies":"Blue Slaver","floor":12,"turns":4},{"damage":25,"enemies":"Exordium Thugs","floor":14,"turns":6},{"damage":48,"enemies":"Hexaghost","floor":16,"turns":8},{"damage":0,"enemies":"Spheric Guardian","floor":18,"turns":3},{"damage":32,"enemies":"Shell Parasite","floor":20,"turns":4},{"damage":14,"enemies":"Snecko","floor":24,"turns":4},{"damage":26,"enemies":"Cultist and Chosen","floor":25,"turns":7},{"damage":20,"enemies":"Chosen and Byrds","floor":28,"turns":6},{"damage":13,"enemies":"Snake Plant","floor":31,"turns":3},{"damage":75,"enemies":"Champ","floor":33,"turns":10}],"seed_played":"916429484417267342","potions_obtained":[{"floor":7,"key":"SmokeBomb"},{"floor":12,"key":"Energy Potion"},{"floor":13,"key":"SkillPotion"},{"floor":13,"key":"GamblersBrew"},{"floor":24,"key":"LiquidBronze"},{"floor":25,"key":"Fire Potion"},{"floor":31,"key":"SteroidPotion"}],"is_trial":false,"path_per_floor":["M","?","?","M","$","R","M","R","T","$","M","M","?","M","R","B",null,"M","?","M","?","?","R","M","M","T","R","M","$","$","M","R"],"character_chosen":"IRONCLAD","items_purchased":["Searing Blow","Spot Weakness","TwistedFunnel","Shrug It Off"],"campfire_rested":2,"item_purchase_floors":[5,5,29,30],"current_hp_per_floor":[76,76,65,70,70,70,76,76,76,76,76,73,73,54,54,12,80,80,80,54,54,54,54,46,28,28,52,38,38,38,31,55,0],"gold":55,"neow_bonus":"","is_prod":false,"is_daily":false,"chose_seed":false,"campfire_upgraded":4,"win_rate":0,"timestamp":1531250055,"path_taken":["M","?","?","?","$","R","M","R","T","?","M","M","?","?","R","BOSS","M","?","M","?","?","R","M","M","T","R","M","?","$","M","R","BOSS"],"build_version":"2018-07-05","purchased_purges":1,"victory":false,"max_hp_per_floor":[80,80,80,80,80,80,80,80,80,80,80,80,80,80,80,80,80,80,80,80,80,80,80,80,82,82,82,82,82,82,82,82,82],"card_choices":[{"not_picked":["Warcry","Anger"],"picked":"Shrug It Off","floor":1},{"not_picked":["Rupture","Combust","Reaper"],"picked":"SKIP","floor":4},{"not_picked":["Sever Soul","Headbutt","Sword Boomerang"],"picked":"SKIP","floor":7},{"not_picked":["Clothesline","Clash"],"picked":"Iron Wave","floor":11},{"not_picked":["Evolve","Clothesline"],"picked":"Spot Weakness","floor":12},{"not_picked":["Havoc","Sentinel"],"picked":"Heavy Blade","floor":14},{"not_picked":["Uppercut+1","Twin Strike+1"],"picked":"Cleave+1","floor":18},{"not_picked":["Sentinel","Warcry"],"picked":"Heavy Blade","floor":20},{"not_picked":["Shockwave","Wild Strike"],"picked":"Ghostly Armor","floor":24},{"not_picked":["Clash","Intimidate","Pommel Strike"],"picked":"Singing Bowl","floor":25},{"not_picked":["Headbutt","True Grit+1"],"picked":"Body Slam+1","floor":28},{"not_picked":["Perfected Strike","Sword Boomerang"],"picked":"Demon Form","floor":31}],"player_experience":136040,"relics_obtained":[{"floor":9,"key":"Champion Belt"},{"floor":26,"key":"War Paint"}],"event_choices":[{"event_name":"Bonfire Elementals","player_choice":"BASIC","floor":2,"damage_taken":0},{"event_name":"World of Goop","player_choice":"Gather Gold","floor":3,"damage_taken":0},{"event_name":"The Lab","player_choice":"Got Potions","floor":13,"damage_taken":0},{"event_name":"Wheel of Change","player_choice":"Curse","floor":19,"damage_taken":0},{"event_name":"The Mausoleum","player_choice":"Yes","floor":21,"damage_taken":0},{"event_name":"The Woman in Blue","player_choice":"Bought 2 Potions","floor":22,"damage_taken":0}],"boss_relics":[{"not_picked":["Calling Bell","Ectoplasm"],"picked":"Empty Cage"}],"items_purged_floors":[5],"is_endless":false,"potions_floor_spawned":[7,12,24,25,31],"killed_by":"Champ","ascension_level":0}