{"gold_per_floor":[109,109,125,54,229,229,46,60,115,115,115,115,129,148,148,243,243,253,178,178,178,196,196],"floor_reached":23,"playtime":959,"items_purged":[],"score":179,"play_id":"fb862ae7-4cfd-4512-a53a-feba0fe44439","local_time":"20180801152328","is_ascension_mode":false,"campfire_choices":[{"data":"Dualcast","floor":6,"key":"SMITH"},{"data":"Zap","floor":10,"key":"SMITH"},{"data":"Glacier","floor":12,"key":"SMITH"},{"data":"Cold Snap","floor":15,"key":"SMITH"}],"neow_cost":"NONE","seed_source_timestamp":3108503118556415,"circlet_count":0,"master_deck":["Strike_B+1","Strike_B+1","Strike_B+1","Strike_B+1","Defend_B+1","Defend_B+1","Defend_B+1","Defend_B+1","Zap+1","Dualcast+1","Darkness+1","Lockon","Glacier+1","Flash of Steel","Self Repair","Ball Lightning","Turbo","Cold Snap+1","Buffer","Ball Lightning","Rebound","Blizzard+1"],"relics":["Cracked Core","Boot","Tiny Chest","Sozu"],"potions_floor_usage":[],"damage_taken":[{"damage":0,"enemies":"2 Louse","floor":1,"turns":2},{"damage":0,"enemies":"Small Slimes","floor":3,"turns":4},{"damage":11,"enemies":"Jaw Worm","floor":8,"turns":3},{"damage":1,"enemies":"Exordium Wildlife","floor":13,"turns":4},{"damage":10,"enemies":"Looter","floor":14,"turns":2},{"damage":7,"enemies":"Slime Boss","floor":16,"turns":7},{"damage":8,"enemies":"Chosen","floor":18,"turns":6},{"damage":22,"enemies":"2 Thieves","floor":22,"turns":3},{"damage":29,"enemies":"Slavers","floor":23,"turns":4}],"seed_played":"6365368070841876667","potions_obtained":[{"floor":3,"key":"SpeedPotion"},{"floor":13,"key":"Ancient Potion"}],"is_trial":false,"path_per_floor":["M","?","M","$","?","R","$","M","T","R","?","R","M","M","R","B",null,"M","?","?","?","M"],"character_chosen":"DEFECT","items_purchased":["Glacier","Flash of Steel","Self Repair"],"campfire_rested":0,"item_purchase_floors":[4,7,7],"current_hp_per_floor":[75,75,75,75,75,75,75,71,71,71,56,56,55,45,45,45,75,74,74,74,74,52,23],"gold":196,"neow_bonus":"RANDOM_COMMON_RELIC","is_prod":false,"is_daily":false,"chose_seed":false,"campfire_upgraded":4,"win_rate":0,"timestamp":1533155008,"path_taken":["M","?","M","$","?","R","$","M","T","R","?","R","M","M","R","BOSS","M","?","?","?","M","E"],"build_version":"2018-07-26","purchased_purges":0,"victory":false,"max_hp_per_floor":[75,75,75,75,75,75,75,75,75,75,75,75,75,75,75,75,75,75,75,75,75,75,75],"card_choices":[{"not_picked":["Sweeping Beam","Coolheaded"],"picked":"Darkness","floor":1},{"not_picked":["Gash","Compile Driver"],"picked":"Lockon","floor":3},{"not_picked":["Stack","Leap"],"picked":"Ball Lightning","floor":8},{"not_picked":["Reprogram","Coolheaded"],"picked":"Turbo","floor":13},{"not_picked":["Consume","Turbo"],"picked":"Cold Snap","floor":14},{"not_picked":["All For One","Thunder Strike"],"picked":"Buffer","floor":16},{"not_picked":["Gash","Compile Driver"],"picked":"Ball Lightning","floor":18},{"not_picked":["Core Surge","Aggregate"],"picked":"Blizzard+1","floor":22}],"player_experience":402175,"relics_obtained":[{"floor":9,"key":"Tiny Chest"}],"event_choices":[{"event_name":"Living Wall","player_choice":"Grow","floor":2,"damage_taken":0},{"event_name":"Liars Game","player_choice":"agreed","floor":5,"damage_taken":0},{"event_name":"Shining Light","player_choice":"Entered Light","floor":11,"damage_taken":0},{"event_name":"Beggar","player_choice":"Gave Gold","floor":19,"damage_taken":0},{"event_name":"The Library","player_choice":"Read","floor":20,"damage_taken":0},{"event_name":"Back to Basics","player_choice":"Simplicity","floor":21,"damage_taken":0}],"is_beta":false,"boss_relics":[{"not_picked":["Calling Bell","Black Star"],"picked":"Sozu"}],"items_purged_floors":[],"is_endless":false,"potions_floor_spawned":[3,13,22],"killed_by":"Slavers","ascension_level":0}