{"gold_per_floor":[142,65,65,65,78,78,78,78,78,78,93,106,125,125,125,227,227,237,255,267,277,43,43,58,58,81,111,61,61,61,76,76,76],"floor_reached":33,"playtime":2350,"items_purged":["Accuracy"],"score":237,"play_id":"8e3a38f3-b19f-4c80-81df-3ca0ce20cd02","local_time":"20180724115050","is_ascension_mode":false,"campfire_choices":[{"data":"Cloak And Dagger","floor":6,"key":"SMITH"},{"data":"Infinite Blades","floor":8,"key":"SMITH"},{"floor":15,"key":"REST"},{"floor":23,"key":"REST"},{"data":"Accuracy","floor":25,"key":"SMITH"},{"floor":30,"key":"REST"},{"floor":32,"key":"REST"}],"neow_cost":"NONE","seed_source_timestamp":2403040218953074,"circlet_count":0,"master_deck":["Defend_G","Defend_G+1","Defend_G","Defend_G","Defend_G","Strike_G+1","Strike_G","Strike_G","Strike_G","Strike_G","Survivor","Neutralize","Cloak And Dagger+1","Infinite Blades+1","Storm of Steel","Dagger Spray","Infinite Blades","Terror","Choke+1","Noxious Fumes","Accuracy+1","Blade Dance+1","Noxious Fumes"],"relics":["Ring of the Snake","Tiny Chest","Torii","Smiling Mask","Prayer Wheel","Ninja Scroll","Sozu","Bronze Scales","Vajra","Red Mask","FaceOfCleric"],"potions_floor_usage":[13,20,20],"damage_taken":[{"damage":0,"enemies":"Small Slimes","floor":1,"turns":5},{"damage":0,"enemies":"Jaw Worm","floor":5,"turns":4},{"damage":0,"enemies":"2 Louse","floor":11,"turns":3},{"damage":1,"enemies":"2 Fungi Beasts","floor":12,"turns":4},{"damage":1,"enemies":"Exordium Thugs","floor":13,"turns":6},{"damage":57,"enemies":"Slime Boss","floor":16,"turns":11},{"damage":0,"enemies":"3 Byrds","floor":18,"turns":4},{"damage":10,"enemies":"2 Thieves","floor":19,"turns":4},{"damage":22,"enemies":"Snake Plant","floor":20,"turns":3},{"damage":10,"enemies":"Cultist and Chosen","floor":21,"turns":5},{"damage":8,"enemies":"Centurion and Healer","floor":24,"turns":4},{"damage":26,"floor":27,"turns":4},{"damage":0,"enemies":"3 Cultists","floor":31,"turns":4},{"damage":73,"enemies":"Collector","floor":33,"turns":6}],"seed_played":"8576882235525127357","potions_obtained":[{"floor":7,"key":"Swift Potion"},{"floor":7,"key":"Energy Potion"},{"floor":7,"key":"AttackPotion"},{"floor":11,"key":"Regen Potion"}],"is_trial":false,"path_per_floor":["M","$","?","?","M","R","?","R","T","T","M","M","M","T","R","B",null,"M","M","M","M","$","R","M","R","T","?","$","?","R","M","R"],"character_chosen":"THE_SILENT","items_purchased":["Infinite Blades","Accuracy","Bronze Scales"],"campfire_rested":4,"item_purchase_floors":[2,22,22],"current_hp_per_floor":[70,70,58,44,44,44,44,44,44,44,44,43,42,42,63,6,70,70,60,47,37,37,58,50,50,50,24,24,24,45,46,67,0],"gold":76,"neow_bonus":"RANDOM_COMMON_RELIC","is_prod":false,"is_daily":false,"chose_seed":false,"campfire_upgraded":3,"win_rate":0,"timestamp":1532451050,"path_taken":["M","$","?","?","M","R","?","R","T","?","M","M","M","?","R","BOSS","M","?","M","M","$","R","M","R","T","?","$","?","R","M","R","BOSS"],"build_version":"2018-07-19v2","purchased_purges":1,"victory":false,"max_hp_per_floor":[70,70,70,70,70,70,70,70,70,70,70,70,70,70,70,70,70,70,70,70,70,70,70,70,70,70,70,70,70,70,71,71,71],"card_choices":[{"not_picked":["Dodge and Roll","Sucker Punch"],"picked":"Cloak And Dagger","floor":1},{"not_picked":["Bane","PiercingWail","Dagger Throw"],"picked":"SKIP","floor":5},{"not_picked":["Tactician","Prepared","All Out Attack"],"picked":"SKIP","floor":11},{"not_picked":["Dagger Throw","PiercingWail","Flying Knee"],"picked":"SKIP","floor":11},{"not_picked":["Prepared","Deadly Poison"],"picked":"Storm of Steel","floor":12},{"not_picked":["Bane","Poisoned Stab","Quick Slash"],"picked":"SKIP","floor":12},{"not_picked":["Phantasmal Killer","Outmaneuver"],"picked":"Dagger Spray","floor":13},{"not_picked":["Leg Sweep","Prepared"],"picked":"Infinite Blades","floor":13},{"not_picked":["Bane","Underhanded Strike"],"picked":"Terror","floor":18},{"not_picked":["Terror","Tactician"],"picked":"Choke+1","floor":18},{"not_picked":["Dodge and Roll","Die Die Die","Predator+1"],"picked":"SKIP","floor":19},{"not_picked":["Poisoned Stab+1","Backstab+1","Flying Knee"],"picked":"SKIP","floor":19},{"not_picked":["Cloak And Dagger","Corpse Explosion"],"picked":"Accuracy","floor":20},{"not_picked":["Flying Knee+1","Bane","Prepared+1"],"picked":"SKIP","floor":20},{"not_picked":["Poisoned Stab","Dagger Throw"],"picked":"Noxious Fumes","floor":21},{"not_picked":["PiercingWail","Reflex","Deadly Poison"],"picked":"SKIP","floor":21},{"not_picked":["Prepared","Deflect"],"picked":"Blade Dance+1","floor":24},{"not_picked":["Underhanded Strike","Backflip","Concentrate"],"picked":"SKIP","floor":24},{"not_picked":["Prepared","Flying Knee"],"picked":"Noxious Fumes","floor":27},{"not_picked":["Flying Knee","Dagger Throw","Doppelganger"],"picked":"SKIP","floor":31},{"not_picked":["Deflect","Backstab","Quick Slash"],"picked":"SKIP","floor":31}],"player_experience":306041,"relics_obtained":[{"floor":9,"key":"Smiling Mask"},{"floor":10,"key":"Prayer Wheel"},{"floor":14,"key":"Ninja Scroll"},{"floor":26,"key":"Vajra"},{"floor":27,"key":"Red Mask"}],"event_choices":[{"event_name":"Scrap Ooze","player_choice":"success","floor":3,"damage_taken":12},{"event_name":"Shining Light","player_choice":"Entered Light","floor":4,"damage_taken":0},{"event_name":"The Lab","player_choice":"Got Potions","floor":7,"damage_taken":0},{"event_name":"Masked Bandits","player_choice":"Fought over 81 gold","floor":27,"damage_taken":0},{"event_name":"FaceTrader","player_choice":"Trade","floor":29,"damage_taken":0}],"is_beta":false,"boss_relics":[{"not_picked":["Lizard Tail","Eternal Feather"],"picked":"Sozu"}],"items_purged_floors":[28],"is_endless":false,"potions_floor_spawned":[11,18,19,27],"killed_by":"Collector","ascension_level":0}