{"gold_per_floor":[111,111,129,144,69,82,94,107,137,137,137,202,219,236,236,341,341,323,238,238,251,265,297,297,297,323,323,336,336,19,29,29,125,125,139,0,55,55,55,55,75,75,75,75,108,108,118,118,118,118],"floor_reached":51,"playtime":6735,"items_purged":["Strike_G"],"score":662,"play_id":"55b7af88-2078-44d9-b565-e72c731488b4","local_time":"20180723124353","is_ascension_mode":false,"campfire_choices":[{"data":"Sucker Punch","floor":10,"key":"SMITH"},{"floor":15,"key":"REST"},{"data":"Dash","floor":25,"key":"SMITH"},{"data":"Envenom","floor":27,"key":"SMITH"},{"data":"Apotheosis","floor":32,"key":"SMITH"},{"data":"Underhanded Strike","floor":40,"key":"SMITH"},{"data":"Blade Dance","floor":42,"key":"SMITH"},{"data":"Backflip","floor":44,"key":"SMITH"},{"data":"Dagger Throw","floor":49,"key":"SMITH"}],"neow_cost":"","seed_source_timestamp":2315417186013743,"circlet_count":0,"master_deck":["Defend_G+1","Defend_G","Defend_G","Defend_G","Strike_G","Strike_G","Survivor","Neutralize","Cloak And Dagger","Underhanded Strike+1","Backflip+1","Cloak And Dagger","Sucker Punch+1","Dagger Throw+1","Bandage Up","Envenom+1","Slice","Backstab","Dash+1","Footwork","Infinite Blades","Flash of Steel","Apotheosis+1","Backflip+1","Deflect+1","Blade Dance+1","Choke+1","Footwork+1"],"relics":["Ring of the Snake","Tiny Chest","Bag of Preparation","Empty Cage","Omamori","Enchiridion","Singing Bowl","Snake Skull","Tiny House","Red Mask","Incense Burner","Juzu Bracelet","Prayer Wheel","Molten Egg 2"],"potions_floor_usage":[12,14,18,23,31,33,33,50,50,50],"damage_taken":[{"damage":0,"enemies":"Small Slimes","floor":1,"turns":4},{"damage":0,"enemies":"Cultist","floor":3,"turns":3},{"damage":0,"enemies":"2 Louse","floor":4,"turns":4},{"damage":3,"enemies":"Large Slime","floor":6,"turns":10},{"damage":0,"enemies":"Exordium Thugs","floor":7,"turns":5},{"damage":7,"enemies":"Lots of Slimes","floor":8,"turns":6},{"damage":32,"enemies":"Lagavulin Event","floor":12,"turns":11},{"damage":2,"enemies":"Looter","floor":13,"turns":4},{"damage":7,"enemies":"Exordium Wildlife","floor":14,"turns":7},{"damage":29,"enemies":"The Guardian","floor":16,"turns":13},{"damage":6,"enemies":"2 Thieves","floor":18,"turns":4},{"damage":0,"enemies":"3 Byrds","floor":21,"turns":8},{"damage":13,"enemies":"Snake Plant","floor":22,"turns":5},{"damage":17,"enemies":"Book of Stabbing","floor":23,"turns":6},{"damage":17,"enemies":"Centurion and Healer","floor":28,"turns":5},{"damage":0,"enemies":"Snecko","floor":31,"turns":5},{"damage":68,"enemies":"Collector","floor":33,"turns":8},{"damage":29,"enemies":"Flame Bruiser 1 Orb","floor":35,"turns":5},{"damage":18,"floor":37,"turns":6},{"damage":1,"enemies":"Orb Walker","floor":41,"turns":4},{"damage":56,"enemies":"2 Orb Walkers","floor":45,"turns":6},{"damage":10,"enemies":"3 Darklings","floor":47,"turns":8},{"damage":49,"enemies":"Time Eater","floor":50,"turns":10}],"seed_played":"4326238293292343043","potions_obtained":[{"floor":3,"key":"GhostInAJar"},{"floor":8,"key":"Weak Potion"},{"floor":12,"key":"Swift Potion"},{"floor":13,"key":"EssenceOfSteel"},{"floor":21,"key":"Ancient Potion"},{"floor":22,"key":"Regen Potion"},{"floor":31,"key":"Poison Potion"},{"floor":33,"key":"FearPotion"},{"floor":35,"key":"LiquidBronze"},{"floor":41,"key":"Poison Potion"}],"is_trial":false,"path_per_floor":["M","?","M","M","$","M","M","M","T","R","?","?","M","M","R","B",null,"M","?","?","M","M","E","?","R","T","R","M","?","$","M","R","B",null,"M","?","?","?","$","R","M","R","T","R","E","?","M","T","R","B"],"character_chosen":"THE_SILENT","items_purchased":["Infinite Blades","Flash of Steel","Apotheosis"],"campfire_rested":1,"item_purchase_floors":[30,30,30],"current_hp_per_floor":[70,70,70,70,70,67,67,60,60,60,60,32,34,31,52,27,70,68,68,52,56,47,48,70,70,70,70,59,59,59,65,65,3,79,55,55,45,65,65,65,68,68,68,68,20,73,69,69,69,26],"gold":118,"neow_bonus":"","is_prod":false,"is_daily":false,"chose_seed":false,"campfire_upgraded":8,"win_rate":0,"timestamp":1532367833,"path_taken":["M","?","M","?","?","M","M","M","T","R","?","?","?","M","R","BOSS","M","?","?","?","M","E","?","R","T","R","M","?","?","M","R","BOSS","M","?","?","?","?","R","M","R","T","R","E","?","M","?","R","BOSS"],"build_version":"2018-07-19v2","purchased_purges":1,"victory":true,"max_hp_per_floor":[70,70,70,70,70,70,70,70,70,70,70,70,70,70,70,70,70,70,70,70,70,70,70,70,70,70,70,72,72,72,72,72,74,79,79,79,81,81,81,81,81,81,81,81,83,73,73,73,73,73],"card_choices":[{"not_picked":["Dagger Spray","Deadly Poison"],"picked":"Cloak And Dagger","floor":1},{"not_picked":["Flying Knee","Predator"],"picked":"Underhanded Strike","floor":3},{"not_picked":["Dagger Spray","Flying Knee"],"picked":"Backflip","floor":4},{"not_picked":["Sucker Punch","Blur"],"picked":"Cloak And Dagger","floor":6},{"not_picked":["Riddle With Holes","Deflect"],"picked":"Sucker Punch","floor":7},{"not_picked":["Setup","Distraction"],"picked":"Dagger Throw","floor":8},{"not_picked":["PiercingWail","Endless Agony"],"picked":"Envenom","floor":12},{"not_picked":["Backflip","Deadly Poison"],"picked":"Slice","floor":13},{"not_picked":["Underhanded Strike","Poisoned Stab"],"picked":"Backstab","floor":14},{"not_picked":["PiercingWail","Choke"],"picked":"Dash","floor":18},{"not_picked":["Heel Hook","Finisher","Distraction"],"picked":"SKIP","floor":21},{"not_picked":["Sucker Punch","Flying Knee","PiercingWail"],"picked":"SKIP","floor":22},{"not_picked":["Backflip","Deflect"],"picked":"Footwork","floor":23},{"not_picked":["Grand Finale","Acrobatics","Riddle With Holes"],"picked":"Singing Bowl","floor":28},{"not_picked":["Flying Knee","Deflect"],"picked":"Backflip+1","floor":31},{"not_picked":["Envenom","Malaise","After Image"],"picked":"Singing Bowl","floor":33},{"not_picked":["Outmaneuver","Poisoned Stab"],"picked":"Deflect+1","floor":35},{"not_picked":["Reflex","Cloak And Dagger","Underhanded Strike+1"],"picked":"Singing Bowl","floor":37},{"not_picked":["Tactician+1","Outmaneuver+1"],"picked":"Blade Dance","floor":41},{"not_picked":["Deadly Poison+1","Poisoned Stab","Malaise"],"picked":"Singing Bowl","floor":45},{"not_picked":["Acrobatics","Catalyst"],"picked":"Choke+1","floor":47},{"not_picked":["Underhanded Strike+1","Prepared+1"],"picked":"Footwork+1","floor":47}],"player_experience":286833,"relics_obtained":[{"floor":9,"key":"Tiny Chest"},{"floor":12,"key":"Bag of Preparation"},{"floor":20,"key":"Enchiridion"},{"floor":23,"key":"Singing Bowl"},{"floor":26,"key":"Snake Skull"},{"floor":37,"key":"Incense Burner"},{"floor":43,"key":"Juzu Bracelet"},{"floor":45,"key":"Prayer Wheel"},{"floor":48,"key":"Molten Egg 2"}],"event_choices":[{"event_name":"Wheel of Change","player_choice":"Card Removal","floor":2,"damage_taken":0},{"event_name":"Match and Keep!","player_choice":"1 cards matched","floor":11,"damage_taken":0},{"event_name":"Dead Adventurer","player_choice":"Searched \u00272\u0027 times","floor":12,"damage_taken":0},{"event_name":"Addict","player_choice":"Obtained Relic","floor":19,"damage_taken":0},{"event_name":"Cursed Tome","player_choice":"Obtained Book","floor":20,"damage_taken":0},{"event_name":"The Library","player_choice":"Heal","floor":24,"damage_taken":0},{"event_name":"Ghosts","player_choice":"Ignored","floor":29,"damage_taken":0},{"event_name":"Tomb of Lord Red Mask","player_choice":"Paid","floor":36,"damage_taken":0},{"event_name":"Mysterious Sphere","player_choice":"Fight","floor":37,"damage_taken":0},{"event_name":"Winding Halls","player_choice":"Writhe","floor":38,"damage_taken":0},{"event_name":"The Moai Head","player_choice":"Heal","floor":46,"damage_taken":0}],"is_beta":false,"boss_relics":[{"not_picked":["Runic Dome","Astrolabe"],"picked":"Empty Cage"},{"not_picked":["Orrery","White Beast Statue"],"picked":"Tiny House"}],"items_purged_floors":[5],"is_endless":false,"potions_floor_spawned":[3,8,12,13,21,22,31,33,35,41,47],"ascension_level":0}