{"gold_per_floor":[115,115,127,142,142,142,153,167,167,183,217,217,65,96,96,191,241,261,171,186,39,39,74,74,74,74,74,89,114,114,17,17,17],"floor_reached":33,"playtime":3207,"items_purged":["Defend_R"],"score":377,"play_id":"e1636504-0491-451b-8ccf-cdf0e51e47ab","local_time":"20181016211526","is_ascension_mode":true,"campfire_choices":[{"floor":6,"key":"REST"},{"floor":12,"key":"REST"},{"floor":15,"key":"REST"},{"floor":25,"key":"REST"},{"floor":27,"key":"REST"},{"floor":32,"key":"REST"}],"neow_cost":"CURSE","seed_source_timestamp":214553030481197,"circlet_count":0,"master_deck":["Strike_R+1","Strike_R","Defend_R","Defend_R","Bash","Shockwave+1","Shrug It Off","Thunderclap","Pummel","Pommel Strike","Blood for Blood","Offering","Demon Form","Cleave","Warcry+1","Immolate","Pommel Strike","Shrug It Off","Twin Strike"],"relics":["Burning Blood","Sundial","Boot","Red Skull","Pear","Tiny House","Vajra","WingedGreaves","Question Card","Du-Vu Doll","PreservedInsect"],"potions_floor_usage":[8,10,11,14,16,16,16,23,23],"damage_taken":[{"damage":15,"enemies":"Small Slimes","floor":1,"turns":4},{"damage":12,"enemies":"Jaw Worm","floor":3,"turns":3},{"damage":0,"enemies":"2 Louse","floor":4,"turns":3},{"damage":9,"enemies":"2 Fungi Beasts","floor":7,"turns":3},{"damage":21,"enemies":"Exordium Thugs","floor":8,"turns":4},{"damage":0,"enemies":"Lots of Slimes","floor":10,"turns":1},{"damage":40,"enemies":"Lagavulin","floor":11,"turns":7},{"damage":26,"enemies":"Gremlin Nob","floor":14,"turns":4},{"damage":21,"enemies":"Slime Boss","floor":16,"turns":9},{"damage":6,"enemies":"3 Byrds","floor":18,"turns":3},{"damage":39,"enemies":"Spheric Guardian","floor":20,"turns":4},{"damage":45,"enemies":"Book of Stabbing","floor":23,"turns":4},{"damage":20,"enemies":"Chosen and Byrds","floor":28,"turns":4},{"damage":43,"enemies":"Slavers","floor":29,"turns":4},{"damage":72,"enemies":"Collector","floor":33,"turns":6}],"seed_played":"-7784180165021072625","potions_obtained":[{"floor":1,"key":"Dexterity Potion"},{"floor":7,"key":"BloodPotion"},{"floor":8,"key":"Explosive Potion"},{"floor":10,"key":"SpeedPotion"},{"floor":14,"key":"EntropicBrew"},{"floor":17,"key":"SmokeBomb"},{"floor":18,"key":"LiquidBronze"},{"floor":20,"key":"SteroidPotion"}],"is_trial":false,"path_per_floor":["M","?","M","M","?","R","M","M","T","M","E","R","$","E","R","B",null,"M","?","M","$","?","E","?","R","T","R","M","E","T","$","R"],"character_chosen":"IRONCLAD","items_purchased":["Red Skull","Vajra","Twin Strike"],"campfire_rested":6,"item_purchase_floors":[13,21,31],"current_hp_per_floor":[71,71,65,71,64,80,77,70,70,76,42,66,66,56,83,68,95,95,95,62,62,62,23,23,51,51,79,65,28,28,28,56,0],"gold":17,"neow_bonus":"TRANSFORM_TWO_CARDS","is_prod":false,"is_daily":false,"chose_seed":false,"campfire_upgraded":0,"win_rate":0,"timestamp":1539749726,"path_taken":["M","?","M","M","?","R","M","M","T","M","E","R","$","E","R","BOSS","M","?","M","$","?","E","?","R","T","R","?","E","?","?","R","BOSS"],"build_version":"2018-10-11","purchased_purges":1,"victory":false,"max_hp_per_floor":[80,80,80,80,80,80,80,80,80,80,80,80,80,90,90,90,95,95,95,95,95,95,95,95,95,95,95,95,95,95,95,95,95],"card_choices":[{"not_picked":["Shockwave","Sword Boomerang"],"picked":"Shrug It Off","floor":1},{"not_picked":["Perfected Strike","Anger"],"picked":"Thunderclap","floor":3},{"not_picked":["Iron Wave","Inflame"],"picked":"Pummel","floor":4},{"not_picked":["Rampage","Fire Breathing"],"picked":"Pommel Strike","floor":7},{"not_picked":["Burning Pact","Havoc"],"picked":"Blood for Blood","floor":8},{"not_picked":["Entrench","Warcry","Heavy Blade"],"picked":"SKIP","floor":10},{"not_picked":["Bludgeon","Perfected Strike"],"picked":"Offering","floor":11},{"not_picked":["True Grit","Clash","Sword Boomerang"],"picked":"SKIP","floor":14},{"not_picked":["Feed","Juggernaut"],"picked":"Demon Form","floor":16},{"not_picked":["Iron Wave","Heavy Blade"],"picked":"Cleave","floor":17},{"not_picked":["Infernal Blade","Headbutt","Carnage"],"picked":"SKIP","floor":18},{"not_picked":["Blood for Blood","Whirlwind"],"picked":"Warcry+1","floor":20},{"not_picked":["Searing Blow","Twin Strike"],"picked":"Immolate","floor":23},{"not_picked":["Evolve","Fire Breathing","Shockwave"],"picked":"Pommel Strike","floor":28},{"not_picked":["Entrench","Demon Form","Fire Breathing"],"picked":"Shrug It Off","floor":29}],"player_experience":434263,"relics_obtained":[{"floor":9,"key":"Sundial"},{"floor":11,"key":"Boot"},{"floor":14,"key":"Pear"},{"floor":23,"key":"WingedGreaves"},{"floor":26,"key":"Question Card"},{"floor":29,"key":"Du-Vu Doll"},{"floor":30,"key":"PreservedInsect"}],"event_choices":[{"event_name":"Living Wall","player_choice":"Forget","floor":2,"damage_taken":0},{"event_name":"Golden Wing","player_choice":"Card Removal","floor":5,"damage_taken":0},{"event_name":"Designer","player_choice":"Full Service","floor":19,"damage_taken":0},{"event_name":"Cursed Tome","player_choice":"Ignored","floor":22,"damage_taken":0},{"event_name":"Purifier","player_choice":"One Purge","floor":24,"damage_taken":0}],"is_beta":false,"boss_relics":[{"not_picked":["Runic Pyramid","Coffee Dripper"],"picked":"Tiny House"}],"items_purged_floors":[31],"is_endless":false,"potions_floor_spawned":[1,7,8,10,14,18,20],"killed_by":"Collector","ascension_level":4}