{"gold_per_floor":[113,113,131,142,153,153,182,182,207,226,244,244,244,284,284,407,407,426,426,445,126,126],"floor_reached":22,"playtime":1783,"items_purged":["Injury"],"score":304,"play_id":"4c394252-73e2-4291-86c5-1a84bffa693d","local_time":"20190406213626","is_ascension_mode":true,"campfire_choices":[{"data":"Heel Hook","floor":6.0,"key":"SMITH"},{"floor":15.0,"key":"REST"}],"neow_cost":"PERCENT_DAMAGE","seed_source_timestamp":0,"circlet_count":0,"master_deck":["AscendersBane","Defend_G","Defend_G","Defend_G","Defend_G","Defend_G","Strike_G","Strike_G","Strike_G","Survivor","Neutralize","Heel Hook+1","Cloak And Dagger","Crippling Poison","Poisoned Stab","Dagger Spray","Noxious Fumes","Dagger Spray","Well Laid Plans","Catalyst","Glass Knife","Heel Hook","Necronomicurse","Cloak And Dagger"],"special_seed":0,"relics":["Ring of the Snake","Torii","Oddly Smooth Stone","Dream Catcher","Strawberry","Golden Idol","Dodecahedron","Cursed Key","Necronomicon","Gremlin Horn"],"potions_floor_usage":[20],"damage_taken":[{"damage":0.0,"enemies":"2 Louse","floor":1.0,"turns":3.0},{"damage":2.0,"enemies":"Cultist","floor":3.0,"turns":5.0},{"damage":1.0,"enemies":"Small Slimes","floor":4.0,"turns":4.0},{"damage":0.0,"enemies":"2 Fungi Beasts","floor":5.0,"turns":4.0},{"damage":13.0,"enemies":"3 Sentries","floor":7.0,"turns":12.0},{"damage":0.0,"enemies":"Blue Slaver","floor":10.0,"turns":4.0},{"damage":1.0,"enemies":"Exordium Thugs","floor":11.0,"turns":5.0},{"damage":17.0,"enemies":"Lagavulin","floor":14.0,"turns":7.0},{"damage":9.0,"enemies":"Hexaghost","floor":16.0,"turns":11.0},{"damage":10.0,"enemies":"Chosen","floor":18.0,"turns":5.0},{"damage":25,"enemies":"Spheric Guardian","floor":20,"turns":6},{"damage":1,"enemies":"Snake Plant","floor":22,"turns":3}],"seed_played":"-4473039958090327482","potions_obtained":[{"floor":4.0,"key":"Poison Potion"},{"floor":5.0,"key":"Ancient Potion"},{"floor":18.0,"key":"SkillPotion"}],"is_trial":false,"path_per_floor":["M","?","M","M","M","R","E","?","T","M","M","?","?","E","R","B",null,"M","?","M","$","M"],"character_chosen":"THE_SILENT","items_purchased":["Gremlin Horn"],"campfire_rested":1,"item_purchase_floors":[21],"current_hp_per_floor":[45,42,40,39,39,39,26,26,33,33,32,25,25,8,31,22,63,53,37,12,12,11],"gold":126,"neow_bonus":"ONE_RARE_RELIC","is_prod":false,"is_daily":false,"chose_seed":false,"campfire_upgraded":1,"win_rate":0,"timestamp":1554604586,"path_taken":["M","?","M","M","M","R","E","?","T","?","?","?","?","E","R","BOSS","M","?","M","$","M"],"build_version":"2019-01-23","purchased_purges":1,"victory":false,"max_hp_per_floor":[70,70,70,70,70,70,70,70,77,77,77,77,77,77,77,77,77,77,77,77,77,77],"card_choices":[{"not_picked":["PiercingWail","Acrobatics"],"picked":"Heel Hook","floor":1.0},{"not_picked":["Deadly Poison","Bane"],"picked":"Cloak And Dagger","floor":3.0},{"not_picked":["Masterful Stab","Bane"],"picked":"Crippling Poison","floor":4.0},{"not_picked":["Prepared","Blade Dance"],"picked":"Poisoned Stab","floor":5.0},{"not_picked":["Blade Dance","Doppelganger"],"picked":"Dagger Spray","floor":7.0},{"not_picked":["Backstab","Expertise"],"picked":"Noxious Fumes","floor":10.0},{"not_picked":["Expertise","Endless Agony"],"picked":"Dagger Spray","floor":11.0},{"not_picked":["Expertise","PiercingWail"],"picked":"Well Laid Plans","floor":14.0},{"not_picked":["Dagger Throw","Skewer"],"picked":"Catalyst","floor":15.0},{"not_picked":["Unload","Doppelganger"],"picked":"Glass Knife","floor":16.0},{"not_picked":["Underhanded Strike","Dagger Throw"],"picked":"Heel Hook","floor":18.0},{"not_picked":["Sucker Punch","Outmaneuver+1"],"picked":"Cloak And Dagger","floor":20}],"player_experience":1324602,"relics_obtained":[{"floor":7.0,"key":"Dream Catcher"},{"floor":9.0,"key":"Strawberry"},{"floor":14.0,"key":"Dodecahedron"},{"floor":19.0,"key":"Necronomicon"}],"event_choices":[{"damage_healed":0.0,"max_hp_gain":0.0,"max_hp_loss":0.0,"gold_gain":0.0,"event_name":"Scrap Ooze","player_choice":"Success","floor":2.0,"gold_loss":0.0,"damage_taken":3.0,"relics_obtained":["Oddly Smooth Stone"]},{"cards_removed":["Strike_G"],"damage_healed":0.0,"max_hp_gain":0.0,"max_hp_loss":0.0,"gold_gain":0.0,"event_name":"Purifier","player_choice":"Purged","floor":8.0,"gold_loss":0.0,"damage_taken":0.0},{"cards_removed":["Strike_G"],"damage_healed":0.0,"max_hp_gain":0.0,"max_hp_loss":0.0,"gold_gain":0.0,"event_name":"Golden Wing","player_choice":"Card Removal","floor":12.0,"gold_loss":0.0,"damage_taken":7.0},{"damage_healed":0.0,"max_hp_gain":0.0,"max_hp_loss":0.0,"gold_gain":0.0,"event_name":"Golden Idol","player_choice":"Take Wound","floor":13.0,"gold_loss":0.0,"damage_taken":0.0,"relics_obtained":["Golden Idol"],"cards_obtained":["Injury"]},{"damage_healed":0.0,"max_hp_gain":0.0,"max_hp_loss":0.0,"gold_gain":0.0,"event_name":"Cursed Tome","player_choice":"Obtained Book","floor":19.0,"gold_loss":0.0,"damage_taken":16.0}],"is_beta":false,"boss_relics":[{"not_picked":["Philosopher\u0027s Stone","Empty Cage"],"picked":"Cursed Key"}],"items_purged_floors":[21],"is_endless":false,"potions_floor_spawned":[4,5,7,18],"killed_by":"Snake Plant","ascension_level":11}