{"gold_per_floor":[367,378,348,30,44,44,69,69,69,79,110,110,136,154,154,225,225,238,238,238,238,255,255,155,155,201,76,76,104,117,117,117,194,194,204,224,224,1223,1223,1223],"floor_reached":40,"playtime":2130,"items_purged":["Strike_G","Pain","Shame"],"score":895,"play_id":"da3eab8e-fe70-41fc-a554-59ce9a25b6ba","local_time":"20190703230453","is_ascension_mode":true,"campfire_choices":[{"data":"Skewer","floor":6,"key":"SMITH"},{"data":"Noxious Fumes","floor":8,"key":"SMITH"},{"floor":12,"key":"REST"},{"data":"Neutralize","floor":15,"key":"SMITH"},{"data":"Catalyst","floor":23,"key":"SMITH"},{"floor":25,"key":"REST"},{"floor":32,"key":"REST"}],"neow_cost":"PERCENT_DAMAGE","seed_source_timestamp":29758613020815,"circlet_count":0,"master_deck":["AscendersBane","Strike_G","Strike_G","Strike_G","Strike_G","Defend_G","Defend_G","Defend_G","Defend_G","Defend_G","Survivor","Neutralize+1","Skewer+1","Blur","Noxious Fumes+1","Well Laid Plans","After Image","Injury","Catalyst+1","Crippling Poison+1","PiercingWail","Normality"],"relics":["Ring of the Snake","Bronze Scales","Mercury Hourglass","Darkstone Periapt","Bag of Marbles","Calling Bell","Omamori","Singing Bowl","Thread and Needle","Dead Branch","Bag of Preparation","Pen Nib","Fusion Hammer","Sundial"],"potions_floor_usage":[7,11,33,33,40],"damage_taken":[{"damage":0,"enemies":"2 Louse","floor":1,"turns":3},{"damage":2,"enemies":"Cultist","floor":2,"turns":4},{"damage":5,"enemies":"Small Slimes","floor":5,"turns":5},{"damage":6,"enemies":"Gremlin Nob","floor":7,"turns":3},{"damage":3,"enemies":"Looter","floor":10,"turns":3},{"damage":14,"enemies":"3 Sentries","floor":11,"turns":5},{"damage":2,"enemies":"Large Slime","floor":14,"turns":4},{"damage":6,"enemies":"Hexaghost","floor":16,"turns":9},{"damage":7,"enemies":"3 Byrds","floor":18,"turns":2},{"damage":21,"enemies":"Spheric Guardian","floor":22,"turns":7},{"damage":38,"enemies":"Slavers","floor":29,"turns":6},{"damage":0,"enemies":"3 Cultists","floor":30,"turns":4},{"damage":64,"enemies":"Champ","floor":33,"turns":13},{"damage":0,"enemies":"Orb Walker","floor":35,"turns":3},{"damage":1,"enemies":"3 Shapes","floor":36,"turns":3},{"damage":83,"enemies":"Reptomancer","floor":40,"turns":5}],"seed_played":"-7470717518561157312","potions_obtained":[{"floor":3,"key":"SpeedPotion"},{"floor":3,"key":"GamblersBrew"},{"floor":5,"key":"SteroidPotion"},{"floor":7,"key":"AttackPotion"},{"floor":16,"key":"Dexterity Potion"},{"floor":33,"key":"LiquidBronze"},{"floor":35,"key":"SkillPotion"}],"is_trial":false,"path_per_floor":["M","M","?","$","M","R","E","R","T","M","E","R","T","M","R","B",null,"M","?","?","?","M","R","$","R","T","$","?","E","M","$","R","B",null,"M","M","T","?","?","E"],"character_chosen":"THE_SILENT","items_purchased":["Bronze Scales","Noxious Fumes"],"campfire_rested":3,"item_purchase_floors":[4,4],"current_hp_per_floor":[44,42,42,42,37,37,31,31,31,28,14,33,33,31,31,25,74,69,69,69,69,48,48,48,73,73,73,73,37,39,39,66,4,70,70,71,71,77,77,0],"gold":1223,"neow_bonus":"TWO_FIFTY_GOLD","is_prod":false,"is_daily":false,"chose_seed":false,"campfire_upgraded":4,"win_rate":0,"timestamp":1562187893,"path_taken":["M","M","?","$","?","R","E","R","T","M","E","R","?","M","R","BOSS","M","?","?","?","M","R","$","R","T","?","?","E","M","$","R","BOSS","M","?","?","?","?","E"],"build_version":"2019-07-01","purchased_purges":3,"victory":false,"max_hp_per_floor":[66,66,66,66,66,66,66,66,66,66,66,66,66,66,66,66,84,86,86,86,86,86,86,86,86,86,86,86,88,90,90,90,92,92,92,94,94,100,100,100],"card_choices":[{"not_picked":["Slice","Bane"],"picked":"Skewer","floor":1},{"not_picked":["Bane","Acrobatics"],"picked":"Blur","floor":2},{"not_picked":["Slice","Dodge and Roll","Setup"],"picked":"SKIP","floor":5},{"not_picked":["Endless Agony","Deflect","Reflex"],"picked":"SKIP","floor":7},{"not_picked":["Dagger Spray","Sucker Punch","Bane"],"picked":"SKIP","floor":10},{"not_picked":["Eviscerate","Storm of Steel","Distraction"],"picked":"SKIP","floor":11},{"not_picked":["Eviscerate","Storm of Steel","Distraction"],"picked":"SKIP","floor":11},{"not_picked":["Terror","Quick Slash"],"picked":"Well Laid Plans","floor":14},{"not_picked":["Unload","Night Terror"],"picked":"After Image","floor":16},{"not_picked":["Infinite Blades+1","Escape Plan","Tactician+1"],"picked":"Singing Bowl","floor":18},{"not_picked":["Endless Agony","Quick Slash"],"picked":"Crippling Poison+1","floor":22},{"not_picked":["Predator+1","Dagger Throw+1","Caltrops"],"picked":"Singing Bowl","floor":29},{"not_picked":["Heel Hook","Escape Plan","Skewer"],"picked":"Singing Bowl","floor":30},{"not_picked":["Grand Finale","Phantasmal Killer","Doppelganger"],"picked":"Singing Bowl","floor":33},{"not_picked":["Bane","Cloak And Dagger"],"picked":"PiercingWail","floor":35},{"not_picked":["Dash+1","Deadly Poison","Outmaneuver"],"picked":"Singing Bowl","floor":36}],"player_experience":1465407,"relics_obtained":[{"floor":7,"key":"Mercury Hourglass"},{"floor":11,"key":"Darkstone Periapt"},{"floor":13,"key":"Bag of Marbles"},{"floor":17,"key":"Omamori"},{"floor":17,"key":"Singing Bowl"},{"floor":17,"key":"Thread and Needle"},{"floor":26,"key":"Bag of Preparation"},{"floor":29,"key":"Pen Nib"},{"floor":37,"key":"Sundial"}],"event_choices":[{"damage_healed":0,"gold_gain":0,"player_choice":"Bought 2 Potions","damage_taken":0,"max_hp_gain":0,"max_hp_loss":0,"event_name":"The Woman in Blue","floor":3,"gold_loss":0},{"damage_healed":0,"gold_gain":0,"player_choice":"Ignored","damage_taken":0,"max_hp_gain":0,"max_hp_loss":0,"event_name":"Ghosts","floor":19,"gold_loss":0},{"damage_healed":0,"gold_gain":0,"player_choice":"Stole Relic","damage_taken":0,"relics_obtained":["Dead Branch"],"max_hp_gain":0,"max_hp_loss":0,"event_name":"Addict","floor":20,"gold_loss":0,"cards_obtained":["Shame"]},{"damage_healed":0,"gold_gain":0,"player_choice":"Read","damage_taken":0,"max_hp_gain":0,"max_hp_loss":0,"event_name":"The Library","floor":21,"gold_loss":0,"cards_obtained":["Catalyst"]},{"damage_healed":0,"gold_gain":0,"player_choice":"0 cards matched","damage_taken":0,"max_hp_gain":0,"max_hp_loss":0,"event_name":"Match and Keep!","floor":28,"gold_loss":0,"cards_obtained":[]},{"damage_healed":0,"gold_gain":0,"player_choice":"0 cards matched","damage_taken":0,"max_hp_gain":0,"max_hp_loss":0,"event_name":"Match and Keep!","floor":28,"gold_loss":0,"cards_obtained":[]},{"damage_healed":0,"gold_gain":0,"player_choice":"0 cards matched","damage_taken":0,"max_hp_gain":0,"max_hp_loss":0,"event_name":"Match and Keep!","floor":28,"gold_loss":0,"cards_obtained":[]},{"damage_healed":0,"gold_gain":999,"player_choice":"Gold","damage_taken":0,"max_hp_gain":0,"max_hp_loss":0,"event_name":"MindBloom","floor":38,"gold_loss":0,"cards_obtained":["Normality","Normality"]},{"damage_healed":0,"gold_gain":0,"player_choice":"Ignored","damage_taken":0,"max_hp_gain":0,"max_hp_loss":0,"event_name":"Mysterious Sphere","floor":39,"gold_loss":0}],"is_beta":false,"boss_relics":[{"not_picked":["WristBlade","Pandora\u0027s Box"],"picked":"Calling Bell"},{"not_picked":["Busted Crown","Runic Dome"],"picked":"Fusion Hammer"}],"items_purged_floors":[4,24,27],"is_endless":false,"potions_floor_spawned":[5,7,16,29,33,35],"killed_by":"Reptomancer","ascension_level":20}