{"gold_per_floor":[99,110,60,14,24,24,24,37,37,53,53,116,132,164,164,164],"floor_reached":16,"playtime":2301,"items_purged":[],"score":102,"play_id":"863895ab-3cb0-41fe-9328-e24c31b69fdc","local_time":"20180710124300","is_ascension_mode":false,"campfire_choices":[{"data":"Shrug It Off","floor":6,"key":"SMITH"},{"data":"Whirlwind","floor":11,"key":"SMITH"},{"floor":15,"key":"REST"}],"neow_cost":"TEN_PERCENT_HP_LOSS","seed_source_timestamp":1196511485293594,"circlet_count":0,"master_deck":["Strike_R","Strike_R","Strike_R","Strike_R","Defend_R","Defend_R","Defend_R","Defend_R","Bash","Shrug It Off+1","Shrug It Off","Spot Weakness","Whirlwind+1","Pommel Strike","Whirlwind","Headbutt"],"relics":["Burning Blood","Calipers","Meat on the Bone","Orichalcum","Shuriken","Toxic Egg 2"],"potions_floor_usage":[16,16],"damage_taken":[{"damage":10,"enemies":"Small Slimes","floor":1,"turns":4},{"damage":1,"enemies":"2 Louse","floor":2,"turns":2},{"damage":2,"enemies":"Cultist","floor":5,"turns":4},{"damage":4,"enemies":"2 Fungi Beasts","floor":8,"turns":4},{"damage":5,"enemies":"3 Louse","floor":10,"turns":5},{"damage":14,"enemies":"3 Sentries","floor":12,"turns":6},{"damage":2,"enemies":"Large Slime","floor":13,"turns":7},{"damage":50,"enemies":"Lagavulin","floor":14,"turns":12},{"damage":52,"enemies":"The Guardian","floor":16,"turns":8}],"seed_played":"-6789399214465424428","potions_obtained":[{"floor":2,"key":"Swift Potion"},{"floor":5,"key":"Block Potion"},{"floor":10,"key":"Energy Potion"},{"floor":12,"key":"SteroidPotion"}],"is_trial":false,"path_per_floor":["M","M","?","$","M","R","?","M","T","M","R","?","M","E","R"],"character_chosen":"IRONCLAD","items_purchased":["Shrug It Off"],"campfire_rested":1,"item_purchase_floors":[4],"current_hp_per_floor":[68,72,72,72,72,72,60,62,62,63,63,55,59,27,48,0],"gold":164,"neow_bonus":"ONE_RARE_RELIC","is_prod":false,"is_daily":false,"chose_seed":false,"campfire_upgraded":2,"win_rate":0,"timestamp":1531244580,"path_taken":["M","M","?","$","?","R","?","M","T","M","R","?","?","E","R","BOSS"],"build_version":"2018-07-05","purchased_purges":0,"victory":false,"max_hp_per_floor":[72,72,72,72,72,72,72,72,72,72,72,72,72,72,72,72],"card_choices":[{"not_picked":["Twin Strike","Burning Pact","Sword Boomerang"],"picked":"SKIP","floor":1},{"not_picked":["Flame Barrier","Second Wind"],"picked":"Shrug It Off","floor":2},{"not_picked":["Heavy Blade","Rupture"],"picked":"Spot Weakness","floor":5},{"not_picked":["Perfected Strike","Limit Break","Shrug It Off"],"picked":"SKIP","floor":8},{"not_picked":["Dual Wield","Dropkick"],"picked":"Whirlwind","floor":10},{"not_picked":["Anger","Sword Boomerang"],"picked":"Pommel Strike","floor":12},{"not_picked":["Feel No Pain","Armaments"],"picked":"Whirlwind","floor":13},{"not_picked":["Sword Boomerang","Clothesline"],"picked":"Headbutt","floor":14}],"player_experience":130629,"relics_obtained":[{"floor":9,"key":"Orichalcum"},{"floor":12,"key":"Shuriken"},{"floor":14,"key":"Toxic Egg 2"}],"event_choices":[{"event_name":"The Cleric","player_choice":"Card Removal","floor":3,"damage_taken":0},{"event_name":"Scrap Ooze","player_choice":"success","floor":7,"damage_taken":12},{"event_name":"Dead Adventurer","player_choice":"Searched \u00271\u0027 times","floor":12,"damage_taken":0}],"boss_relics":[],"items_purged_floors":[],"is_endless":false,"potions_floor_spawned":[2,5,10,12],"killed_by":"The Guardian","ascension_level":0}