{"gold_per_floor":[111,125,125,144,157,157,189,199,225,225,255,270,270,44,44,149,149,165,80,95,95,105,105,130,130,184,199,212,227,1,14,14,119,119,133,58,78,96,109,109],"floor_reached":40,"playtime":3764,"items_purged":["Defend_B"],"score":424,"play_id":"c90ac84f-ecd2-4ccc-8b99-8ca0d7c3c340","local_time":"20190702171227","is_ascension_mode":false,"campfire_choices":[{"data":"Darkness","floor":6,"key":"SMITH"},{"data":"Redo","floor":13,"key":"SMITH"},{"floor":15,"key":"REST"},{"floor":23,"key":"RECALL"},{"data":"Apotheosis","floor":25,"key":"SMITH"},{"floor":32,"key":"REST"}],"neow_cost":"NONE","seed_source_timestamp":2163533117828919,"circlet_count":0,"master_deck":["Strike_B","Strike_B+1","Defend_B","Defend_B","Zap","Dualcast","Darkness+1","Cold Snap+1","Hologram","Defragment","Core Surge","Redo+1","Compile Driver","Sunder","Melter","Double Energy","Apotheosis+1","Redo","Rainbow","FTL","Conserve Battery","Leap","Rebound+1","Conserve Battery","Defragment+1","Chaos","Lockon","Stack","Core Surge","Redo","Chill+1","Darkness+1","Sunder"],"relics":["Cracked Core","Whetstone","Regal Pillow","Bag of Preparation","Eternal Feather","Omamori","Orichalcum","Bronze Scales","DataDisk","Philosopher\u0027s Stone"],"potions_floor_usage":[11,11,16,24,33,33,37,39,40],"damage_taken":[{"damage":1,"enemies":"Jaw Worm","floor":1,"turns":4},{"damage":2,"enemies":"2 Louse","floor":2,"turns":3},{"damage":0,"enemies":"Cultist","floor":4,"turns":3},{"damage":0,"enemies":"3 Louse","floor":5,"turns":4},{"damage":8,"enemies":"Lagavulin","floor":7,"turns":8},{"damage":11,"enemies":"Exordium Wildlife","floor":8,"turns":4},{"damage":17,"enemies":"3 Sentries","floor":11,"turns":5},{"damage":6,"enemies":"Large Slime","floor":12,"turns":5},{"damage":13,"enemies":"The Guardian","floor":16,"turns":7},{"damage":2,"enemies":"Chosen","floor":18,"turns":3},{"damage":12,"enemies":"Shell Parasite","floor":20,"turns":5},{"damage":3,"enemies":"Cultist and Chosen","floor":22,"turns":5},{"damage":37,"enemies":"Slavers","floor":24,"turns":6},{"damage":3,"enemies":"Sentry and Sphere","floor":27,"turns":3},{"damage":6,"enemies":"Centurion and Healer","floor":28,"turns":5},{"damage":14,"enemies":"Snake Plant","floor":29,"turns":3},{"damage":7,"enemies":"3 Cultists","floor":31,"turns":4},{"damage":28,"enemies":"Automaton","floor":33,"turns":8},{"damage":1,"enemies":"3 Shapes","floor":35,"turns":4},{"damage":17,"enemies":"3 Darklings","floor":37,"turns":5},{"damage":7,"enemies":"4 Shapes","floor":38,"turns":4},{"damage":23,"enemies":"Spire Growth","floor":39,"turns":4},{"damage":33,"enemies":"Nemesis","floor":40,"turns":4}],"seed_played":"-8363780336271926759","potions_obtained":[{"floor":1,"key":"Poison Potion"},{"floor":2,"key":"SteroidPotion"},{"floor":5,"key":"Swift Potion"},{"floor":8,"key":"LiquidBronze"},{"floor":16,"key":"Ancient Potion"},{"floor":18,"key":"Energy Potion"},{"floor":28,"key":"Weak Potion"},{"floor":29,"key":"Fire Potion"},{"floor":33,"key":"PowerPotion"},{"floor":35,"key":"Swift Potion"},{"floor":37,"key":"EssenceOfSteel"}],"is_trial":false,"path_per_floor":["M","M","?","M","M","R","E","M","T","?","E","M","R","$","R","B",null,"M","?","M","?","M","R","E","R","T","M","M","M","$","M","R","B",null,"M","$","M","M","M","E"],"character_chosen":"DEFECT","items_purchased":["Apotheosis","Redo","DataDisk","Lockon"],"campfire_rested":2,"item_purchase_floors":[14,14,30,30],"current_hp_per_floor":[74,72,65,65,65,65,57,46,46,46,29,23,23,23,60,47,75,73,73,61,61,58,70,33,45,45,42,36,22,22,15,67,39,75,74,74,57,50,27,0],"gold":109,"neow_bonus":"REMOVE_CARD","is_prod":false,"is_daily":false,"chose_seed":false,"campfire_upgraded":3,"win_rate":0,"timestamp":1562109147,"path_taken":["M","M","?","M","M","R","E","M","T","?","E","M","R","$","R","BOSS","M","?","M","?","M","R","E","R","T","?","M","M","$","M","R","BOSS","M","$","M","M","M","E"],"build_version":"2019-07-01","purchased_purges":1,"victory":false,"max_hp_per_floor":[75,75,75,75,75,75,75,75,75,75,75,75,75,75,75,75,75,75,75,75,75,75,75,75,75,75,75,75,75,75,75,75,75,75,75,75,75,75,75,75],"card_choices":[{"not_picked":["White Noise","Storm"],"picked":"Darkness","floor":1},{"not_picked":["Auto Shields","Steam Power"],"picked":"Cold Snap","floor":2},{"not_picked":["Hello World","Aggregate"],"picked":"Hologram","floor":4},{"not_picked":["Streamline","Conserve Battery"],"picked":"Defragment","floor":5},{"not_picked":["Sweeping Beam","Hologram"],"picked":"Core Surge","floor":7},{"not_picked":["Defragment","Beam Cell"],"picked":"Redo","floor":8},{"not_picked":["Stack","Recycle"],"picked":"Melter","floor":11},{"not_picked":["Rebound","Streamline"],"picked":"Double Energy","floor":12},{"not_picked":["Seek","All For One"],"picked":"Rainbow","floor":16},{"not_picked":["Ball Lightning+1","Rip and Tear"],"picked":"FTL","floor":18},{"not_picked":["Ball Lightning","Heatsinks"],"picked":"Conserve Battery","floor":20},{"not_picked":["Ball Lightning","Reprogram"],"picked":"Leap","floor":22},{"not_picked":["Reinforced Body+1","Hyperbeam"],"picked":"Rebound+1","floor":24},{"not_picked":["Blizzard","Scrape"],"picked":"Conserve Battery","floor":27},{"not_picked":["White Noise","Melter+1"],"picked":"Defragment+1","floor":28},{"not_picked":["Steam","Static Discharge"],"picked":"Chaos","floor":29},{"not_picked":["Beam Cell+1","Hologram"],"picked":"Stack","floor":31},{"not_picked":["Creative AI","Echo Form"],"picked":"Core Surge","floor":33},{"not_picked":["White Noise+1","Ball Lightning"],"picked":"Redo","floor":35},{"not_picked":["Hologram","Rip and Tear"],"picked":"Chill+1","floor":37},{"not_picked":["BootSequence+1","Turbo+1"],"picked":"Darkness+1","floor":38},{"not_picked":["Steam+1","Stack"],"picked":"Sunder","floor":39}],"player_experience":97422,"relics_obtained":[{"floor":7,"key":"Whetstone"},{"floor":9,"key":"Regal Pillow"},{"floor":11,"key":"Bag of Preparation"},{"floor":24,"key":"Orichalcum"},{"floor":26,"key":"Bronze Scales"}],"event_choices":[{"cards_removed":["Strike_B"],"damage_healed":0,"gold_gain":0,"player_choice":"Card Removal","damage_taken":7,"max_hp_gain":0,"max_hp_loss":0,"event_name":"Golden Wing","floor":3,"gold_loss":0},{"damage_healed":0,"gold_gain":0,"player_choice":"2 cards matched","damage_taken":0,"max_hp_gain":0,"max_hp_loss":0,"event_name":"Match and Keep!","floor":10,"gold_loss":0,"cards_obtained":["Compile Driver","Sunder"]},{"damage_healed":0,"gold_gain":0,"player_choice":"Obtained Relic","damage_taken":0,"relics_obtained":["Omamori"],"max_hp_gain":0,"max_hp_loss":0,"event_name":"Addict","floor":19,"gold_loss":85},{"cards_removed":["Defend_B"],"damage_healed":0,"gold_gain":0,"player_choice":"Elegance","damage_taken":0,"max_hp_gain":0,"max_hp_loss":0,"event_name":"Back to Basics","floor":21,"gold_loss":0}],"is_beta":false,"boss_relics":[{"not_picked":["Coffee Dripper","Orrery"],"picked":"Eternal Feather"},{"not_picked":["Lizard Tail","Busted Crown"],"picked":"Philosopher\u0027s Stone"}],"items_purged_floors":[36],"is_endless":false,"potions_floor_spawned":[1,2,5,8,16,18,28,29,31,33,35,37],"killed_by":"Nemesis","ascension_level":0}