{"gold_per_floor":[99,99,99,99,49,49,49,49,49,49,24,24,24,24,24,24,24,24,24,24,24,24],"floor_reached":22,"playtime":1986,"items_purged":[],"score":243,"play_id":"e4c295c6-50a6-4de7-9281-b816482ee36d","local_time":"20190703123444","is_ascension_mode":true,"campfire_choices":[{"floor":8,"key":"RECALL"},{"floor":10,"key":"REST"},{"data":"Distraction","floor":12,"key":"SMITH"},{"floor":15,"key":"REST"}],"neow_cost":"NONE","seed_source_timestamp":1556622581127400,"circlet_count":0,"master_deck":["Strike_G","Strike_G","Strike_G","Strike_G","Defend_G","Defend_G","Defend_G","Defend_G","Defend_G","Survivor","Neutralize","Expertise","Prepared","Quick Slash","Choke","Distraction+1","Prepared","Cloak And Dagger","Storm of Steel","Footwork","Cloak And Dagger+1"],"relics":["Ectoplasm","Mummified Hand","Pear","Singing Bowl","Darkstone Periapt","Lizard Tail"],"potions_floor_usage":[6,16,19,22,22,22],"damage_taken":[{"damage":0,"enemies":"Cultist","floor":1,"turns":4},{"damage":0,"enemies":"Small Slimes","floor":2,"turns":4},{"damage":0,"enemies":"2 Louse","floor":3,"turns":3},{"damage":0,"enemies":"Blue Slaver","floor":4,"turns":3},{"damage":11,"enemies":"Gremlin Nob","floor":6,"turns":4},{"damage":16,"enemies":"Lagavulin","floor":14,"turns":6},{"damage":53,"enemies":"The Guardian","floor":16,"turns":13},{"damage":27,"enemies":"Shell Parasite","floor":18,"turns":5},{"damage":0,"enemies":"3 Byrds","floor":19,"turns":6},{"damage":35,"enemies":"Shelled Parasite and Fungi","floor":20,"turns":9},{"damage":73,"enemies":"3 Cultists","floor":22,"turns":6}],"seed_played":"-1018603413749510583","potions_obtained":[{"floor":2,"key":"SkillPotion"},{"floor":3,"key":"Regen Potion"},{"floor":16,"key":"SpeedPotion"},{"floor":20,"key":"SkillPotion"},{"floor":21,"key":"Poison Potion"},{"floor":21,"key":"Block Potion"}],"is_trial":false,"path_per_floor":["M","M","M","M","?","E","?","R","T","R","$","R","T","E","R","B",null,"M","M","M","?","M"],"character_chosen":"THE_SILENT","items_purchased":["Prepared"],"campfire_rested":2,"item_purchase_floors":[11],"current_hp_per_floor":[70,70,70,70,70,59,59,59,69,80,80,80,80,64,80,42,71,44,44,11,11,0],"gold":24,"neow_bonus":"BOSS_RELIC","is_prod":false,"is_daily":false,"chose_seed":false,"campfire_upgraded":1,"win_rate":0,"timestamp":1562182484,"path_taken":["M","?","M","M","?","E","?","R","T","R","?","R","?","E","R","BOSS","M","M","M","?","?"],"build_version":"2019-07-01","purchased_purges":0,"victory":false,"max_hp_per_floor":[70,70,70,70,70,70,70,70,80,80,80,80,80,80,80,80,80,80,80,82,82,82],"card_choices":[{"not_picked":["Bane","Deflect"],"picked":"Expertise","floor":1},{"not_picked":["Dagger Throw","Deadly Poison"],"picked":"Prepared","floor":2},{"not_picked":["Reflex","Bane"],"picked":"Quick Slash","floor":3},{"not_picked":["Well Laid Plans","Acrobatics"],"picked":"Choke","floor":4},{"not_picked":["Bullet Time","Catalyst"],"picked":"Distraction","floor":6},{"not_picked":["Backflip","Accuracy"],"picked":"Cloak And Dagger","floor":14},{"not_picked":["Phantasmal Killer","Unload"],"picked":"Storm of Steel","floor":16},{"not_picked":["Dash","Sucker Punch"],"picked":"Footwork","floor":18},{"not_picked":["Riddle With Holes","Well Laid Plans"],"picked":"Cloak And Dagger+1","floor":19},{"not_picked":["Sucker Punch","Skewer","Caltrops"],"picked":"Singing Bowl","floor":20}],"player_experience":599666,"relics_obtained":[{"floor":6,"key":"Mummified Hand"},{"floor":9,"key":"Pear"},{"floor":13,"key":"Singing Bowl"},{"floor":14,"key":"Darkstone Periapt"}],"event_choices":[{"cards_removed":["Strike_G"],"damage_healed":0,"gold_gain":0,"player_choice":"Card Removal","damage_taken":0,"max_hp_gain":0,"max_hp_loss":0,"event_name":"The Cleric","floor":5,"gold_loss":50},{"damage_healed":0,"gold_gain":0,"player_choice":"Ignored","damage_taken":0,"max_hp_gain":0,"max_hp_loss":0,"event_name":"Liars Game","floor":7,"gold_loss":0},{"damage_healed":0,"gold_gain":0,"player_choice":"Got Potions","damage_taken":0,"max_hp_gain":0,"max_hp_loss":0,"event_name":"Lab","floor":21,"gold_loss":0}],"is_beta":false,"boss_relics":[{"not_picked":["Black Star","Runic Dome"],"picked":"Lizard Tail"}],"items_purged_floors":[],"is_endless":false,"potions_floor_spawned":[2,3,16,20],"killed_by":"3 Cultists","ascension_level":5}