{"gold_per_floor":[217,46,61,7,7,7,41,54,78,78,90,117,65,75,75,75],"floor_reached":16,"playtime":876,"items_purged":[],"score":198,"play_id":"7821811a-d4b0-4ab6-a6e7-ee87262774c8","local_time":"20181012104240","is_ascension_mode":true,"campfire_choices":[{"data":"Heavy Blade","floor":6,"key":"SMITH"},{"floor":10,"key":"REST"},{"data":"Perfected Strike","floor":15,"key":"SMITH"}],"neow_cost":"NONE","seed_source_timestamp":2590215752496705,"circlet_count":0,"master_deck":["Strike_R","Strike_R","Strike_R","Strike_R","Strike_R","Defend_R","Defend_R","Defend_R","Defend_R","Bash","AscendersBane","Carnage","Inflame","Heavy Blade+1","Shrug It Off","Perfected Strike+1","Flex","Power Through","Inflame","Headbutt","Twin Strike","Shrug It Off","Headbutt"],"relics":["Burning Blood","Regal Pillow","Boot","Dead Branch"],"potions_floor_usage":[7],"damage_taken":[{"damage":6,"enemies":"Cultist","floor":1,"turns":3},{"damage":16,"enemies":"Small Slimes","floor":3,"turns":5},{"damage":27,"enemies":"3 Sentries","floor":7,"turns":7},{"damage":6,"enemies":"2 Louse","floor":8,"turns":2},{"damage":3,"enemies":"Looter","floor":11,"turns":3},{"damage":20,"enemies":"Lagavulin","floor":12,"turns":5},{"damage":23,"enemies":"Exordium Thugs","floor":14,"turns":5},{"damage":45,"enemies":"The Guardian","floor":16,"turns":9}],"seed_played":"-7161344321825315746","potions_obtained":[{"floor":1,"key":"Fire Potion"},{"floor":8,"key":"Poison Potion"},{"floor":11,"key":"SpeedPotion"}],"is_trial":false,"path_per_floor":["M","$","M","$","?","R","E","M","T","R","M","E","$","M","R"],"character_chosen":"IRONCLAD","items_purchased":["Inflame","Heavy Blade","Shrug It Off","Flex","Shrug It Off"],"campfire_rested":1,"item_purchase_floors":[2,2,2,4,13],"current_hp_per_floor":[68,68,58,58,63,63,42,42,42,80,80,66,66,49,49,4],"gold":75,"neow_bonus":"HUNDRED_GOLD","is_prod":false,"is_daily":false,"chose_seed":false,"campfire_upgraded":2,"win_rate":0,"timestamp":1539358960,"path_taken":["M","$","M","?","?","R","E","?","T","R","M","E","$","M","R","BOSS"],"build_version":"2018-10-11","purchased_purges":0,"victory":false,"max_hp_per_floor":[75,75,75,75,80,80,80,80,80,80,80,80,80,80,80,80],"card_choices":[{"not_picked":["Disarm","Anger"],"picked":"Carnage","floor":1},{"not_picked":["Sever Soul","Disarm"],"picked":"Perfected Strike","floor":3},{"not_picked":["Sever Soul","Fiend Fire"],"picked":"Power Through","floor":7},{"not_picked":["Havoc","Armaments"],"picked":"Inflame","floor":8},{"not_picked":["Clothesline","Shockwave"],"picked":"Headbutt","floor":11},{"not_picked":["Bludgeon","Body Slam"],"picked":"Twin Strike","floor":12},{"not_picked":["Pommel Strike","Sentinel"],"picked":"Headbutt","floor":14}],"player_experience":761532,"relics_obtained":[{"floor":7,"key":"Regal Pillow"},{"floor":9,"key":"Boot"},{"floor":12,"key":"Dead Branch"}],"event_choices":[{"event_name":"Big Fish","player_choice":"Donut","floor":5,"damage_taken":0}],"is_beta":false,"boss_relics":[],"items_purged_floors":[],"is_endless":false,"potions_floor_spawned":[1,8,11],"killed_by":"The Guardian","ascension_level":16}