{"gold_per_floor":[109,109,109,109,125,125,154,171,247,17,50,50,61,81,81,186,186,198,210,138,150,150,150,4,30,57,57,72,98,98,129,129,129],"floor_reached":33,"playtime":2179,"items_purged":["Strike_R"],"score":394,"play_id":"94a51577-1299-4ec1-b1f6-0f04e1ff1a02","local_time":"20180729152310","is_ascension_mode":true,"campfire_choices":[{"data":"Pommel Strike","floor":6,"key":"SMITH"},{"data":"Searing Blow","floor":12,"key":"SMITH"},{"data":"Searing Blow+1","floor":15,"key":"SMITH"},{"data":"Rampage","floor":23,"key":"SMITH"},{"floor":32,"key":"REST"}],"neow_cost":"TEN_PERCENT_HP_LOSS","seed_source_timestamp":74823692298254,"circlet_count":0,"master_deck":["Strike_R","Defend_R","Bash","Iron Wave","Bash","Feed","Reaper","Pommel Strike+1","Headbutt","Searing Blow+3","Battle Trance","Ghostly Armor","Shrug It Off","Pommel Strike","Immolate","Headbutt+1","Iron Wave","Headbutt+1","Rampage+1","Flame Barrier","Headbutt+1","Battle Trance+1"],"relics":["Burning Blood","Happy Flower","Prayer Wheel","Self Forming Clay","Juzu Bracelet","Incense Burner","Empty Cage","Pen Nib","Ancient Tea Set","Potion Belt","Boot","Regal Pillow"],"potions_floor_usage":[19,25,25,29,31,33],"damage_taken":[{"damage":7,"enemies":"2 Louse","floor":1,"turns":4},{"damage":1,"enemies":"Cultist","floor":5,"turns":4},{"damage":10,"enemies":"Gremlin Nob","floor":7,"turns":4},{"damage":2,"enemies":"Jaw Worm","floor":8,"turns":2},{"damage":19,"enemies":"3 Sentries","floor":11,"turns":8},{"damage":13,"enemies":"Lots of Slimes","floor":13,"turns":3},{"damage":4,"enemies":"Gremlin Gang","floor":14,"turns":5},{"damage":13,"enemies":"Slime Boss","floor":16,"turns":9},{"damage":7,"enemies":"Chosen","floor":18,"turns":4},{"damage":18,"enemies":"2 Thieves","floor":19,"turns":4},{"damage":24,"enemies":"Snake Plant","floor":21,"turns":4},{"damage":37,"enemies":"Gremlin Leader","floor":25,"turns":4},{"damage":3,"enemies":"Snecko","floor":28,"turns":4},{"damage":25,"enemies":"Slavers","floor":29,"turns":5},{"damage":19,"enemies":"Book of Stabbing","floor":31,"turns":4},{"damage":90,"enemies":"Champ","floor":33,"turns":8}],"seed_played":"-8785646862096822305","potions_obtained":[{"floor":5,"key":"Poison Potion"},{"floor":8,"key":"LiquidBronze"},{"floor":16,"key":"Block Potion"},{"floor":19,"key":"Fruit Juice"},{"floor":29,"key":"Regen Potion"},{"floor":31,"key":"Strength Potion"}],"is_trial":false,"path_per_floor":["M","?","?","?","M","R","E","M","T","$","E","R","M","M","R","B",null,"M","M","$","M","?","R","$","E","T","?","M","E","?","E","R"],"character_chosen":"IRONCLAD","items_purchased":["Juzu Bracelet","Rampage","Pen Nib"],"campfire_rested":1,"item_purchase_floors":[10,20,24],"current_hp_per_floor":[71,71,71,64,72,72,71,78,78,78,76,76,77,87,87,80,87,87,87,87,69,69,69,69,55,55,55,62,46,46,42,86,0],"gold":129,"neow_bonus":"REMOVE_TWO","is_prod":false,"is_daily":false,"chose_seed":false,"campfire_upgraded":4,"win_rate":0,"timestamp":1532895790,"path_taken":["M","?","?","?","M","R","E","M","T","$","E","R","M","M","R","BOSS","M","M","$","M","?","R","?","E","T","?","M","E","?","E","R","BOSS"],"build_version":"2018-07-26","purchased_purges":1,"victory":false,"max_hp_per_floor":[72,72,72,72,72,72,75,78,78,78,81,81,84,87,87,87,87,87,90,90,90,90,90,90,95,95,95,95,98,98,98,98,98],"card_choices":[{"not_picked":["Pommel Strike","True Grit"],"picked":"Iron Wave","floor":1},{"not_picked":["Armaments","Twin Strike"],"picked":"Pommel Strike","floor":5},{"not_picked":["Pummel","Cleave"],"picked":"Headbutt","floor":7},{"not_picked":["Armaments","Havoc"],"picked":"Searing Blow","floor":8},{"not_picked":["Heavy Blade","Rupture"],"picked":"Battle Trance","floor":8},{"not_picked":["Evolve","Dual Wield","Body Slam"],"picked":"SKIP","floor":11},{"not_picked":["Clothesline","Barricade"],"picked":"Ghostly Armor","floor":13},{"not_picked":["Reckless Charge","True Grit"],"picked":"Shrug It Off","floor":13},{"not_picked":["Dual Wield","Evolve"],"picked":"Pommel Strike","floor":14},{"not_picked":["True Grit","Sever Soul","Carnage"],"picked":"SKIP","floor":14},{"not_picked":["Dark Embrace","Barricade"],"picked":"Immolate","floor":16},{"not_picked":["Anger+1","Metallicize"],"picked":"Headbutt+1","floor":18},{"not_picked":["Twin Strike","Entrench+1","Heavy Blade"],"picked":"SKIP","floor":18},{"not_picked":["Sword Boomerang","Body Slam+1"],"picked":"Iron Wave","floor":19},{"not_picked":["Whirlwind","Clothesline+1"],"picked":"Headbutt+1","floor":19},{"not_picked":["Perfected Strike","Shockwave"],"picked":"Flame Barrier","floor":21},{"not_picked":["Rupture+1","Pummel","Dropkick"],"picked":"SKIP","floor":21},{"not_picked":["Iron Wave","Double Tap"],"picked":"Headbutt+1","floor":25},{"not_picked":["Iron Wave+1","Clash"],"picked":"Battle Trance+1","floor":28},{"not_picked":["Clothesline","Evolve+1","Hemokinesis"],"picked":"SKIP","floor":28},{"not_picked":["Reaper","Flex","Corruption"],"picked":"SKIP","floor":29},{"not_picked":["Havoc","Twin Strike","Dark Embrace"],"picked":"SKIP","floor":31}],"player_experience":371421,"relics_obtained":[{"floor":7,"key":"Prayer Wheel"},{"floor":9,"key":"Self Forming Clay"},{"floor":11,"key":"Incense Burner"},{"floor":25,"key":"Ancient Tea Set"},{"floor":26,"key":"Potion Belt"},{"floor":29,"key":"Boot"},{"floor":31,"key":"Regal Pillow"}],"event_choices":[{"event_name":"Match and Keep!","player_choice":"2 cards matched","floor":2,"damage_taken":0},{"event_name":"Transmorgrifier","player_choice":"Transform","floor":3,"damage_taken":0},{"event_name":"Scrap Ooze","player_choice":"success","floor":4,"damage_taken":7},{"event_name":"Vampires","player_choice":"Ignored","floor":22,"damage_taken":0},{"event_name":"Upgrade Shrine","player_choice":"Upgraded","floor":27,"damage_taken":0},{"event_name":"Back to Basics","player_choice":"Elegance","floor":30,"damage_taken":0}],"is_beta":false,"boss_relics":[{"not_picked":["Pandora\u0027s Box","Mark of Pain"],"picked":"Empty Cage"}],"items_purged_floors":[10],"is_endless":false,"potions_floor_spawned":[5,8,16,19,21,29,31],"killed_by":"Champ","ascension_level":2}