{"gold_per_floor":[118,193,207,0,19,19,33,33,59,59,79,143,93,93,93,196,196,209,225,225,244,244],"floor_reached":22,"playtime":1709,"items_purged":["Decay"],"score":211,"play_id":"2b60d4c7-a335-4713-8a56-7b9fad0d1058","local_time":"20181204180326","is_ascension_mode":true,"campfire_choices":[{"floor":6,"key":"REST"},{"floor":8,"key":"REST"},{"data":"Infinite Blades","floor":10,"key":"SMITH"},{"floor":15,"key":"REST"}],"neow_cost":"NONE","seed_source_timestamp":775876753308999,"circlet_count":0,"master_deck":["Defend_G","Defend_G","Defend_G","Defend_G","Defend_G","Strike_G","Strike_G","Strike_G","Strike_G","Strike_G","Survivor","Neutralize","Writhe","Bandage Up","Dagger Throw","Infinite Blades+1","Blade Dance","Bullet Time","Blade Dance","Riddle With Holes","Infinite Blades+1"],"relics":["Calling Bell","Pen Nib","Singing Bowl","The Specimen","Juzu Bracelet","Omamori","Philosopher\u0027s Stone"],"potions_floor_usage":[7,16,19],"damage_taken":[{"damage":12,"enemies":"2 Louse","floor":1,"turns":2},{"damage":0,"enemies":"Small Slimes","floor":3,"turns":5},{"damage":2,"enemies":"Cultist","floor":5,"turns":5},{"damage":30,"enemies":"Large Slime","floor":7,"turns":7},{"damage":21,"enemies":"Exordium Wildlife","floor":11,"turns":5},{"damage":28,"enemies":"Gremlin Nob","floor":12,"turns":5},{"damage":73,"enemies":"The Guardian","floor":16,"turns":15},{"damage":10,"enemies":"3 Byrds","floor":18,"turns":7},{"damage":27,"enemies":"2 Thieves","floor":19,"turns":5},{"damage":46,"enemies":"Centurion and Healer","floor":21,"turns":5},{"damage":19,"enemies":"3 Cultists","floor":22,"turns":3}],"seed_played":"-7769191128627955230","potions_obtained":[{"floor":3,"key":"Ancient Potion"},{"floor":5,"key":"PowerPotion"},{"floor":12,"key":"SteroidPotion"},{"floor":16,"key":"Strength Potion"},{"floor":19,"key":"SpeedPotion"},{"floor":21,"key":"Swift Potion"}],"is_trial":false,"path_per_floor":["M","?","M","$","M","R","M","R","T","R","M","?","?","?","R","B",null,"M","M","?","M","M"],"character_chosen":"THE_SILENT","items_purchased":["Bandage Up","Dagger Throw"],"campfire_rested":3,"item_purchase_floors":[4,4],"current_hp_per_floor":[60,49,51,51,55,76,50,72,72,72,55,33,33,59,78,9,78,72,49,49,9,0],"gold":244,"neow_bonus":"BOSS_RELIC","is_prod":false,"is_daily":false,"chose_seed":false,"campfire_upgraded":1,"win_rate":0,"timestamp":1543975406,"path_taken":["M","?","M","$","M","R","M","R","T","R","M","?","?","?","R","BOSS","M","M","?","M","M"],"build_version":"2018-11-15","purchased_purges":1,"victory":false,"max_hp_per_floor":[72,72,74,74,76,76,76,76,76,76,76,78,78,78,78,78,78,78,78,78,80,80],"card_choices":[{"not_picked":["Dagger Spray","Underhanded Strike","All Out Attack"],"picked":"Singing Bowl","floor":1},{"not_picked":["Expertise","Acrobatics","Well Laid Plans"],"picked":"Singing Bowl","floor":3},{"not_picked":["Flying Knee","Cloak And Dagger","Dagger Throw"],"picked":"Singing Bowl","floor":5},{"not_picked":["Tactician","Deflect"],"picked":"Infinite Blades","floor":7},{"not_picked":["Outmaneuver","Expertise"],"picked":"Blade Dance","floor":11},{"not_picked":["Reflex","Poisoned Stab","Flying Knee"],"picked":"Singing Bowl","floor":12},{"not_picked":["Envenom","Glass Knife"],"picked":"Bullet Time","floor":16},{"not_picked":["Setup","Underhanded Strike"],"picked":"Blade Dance","floor":18},{"not_picked":["Backflip","Outmaneuver+1"],"picked":"Riddle With Holes","floor":19},{"not_picked":["Deadly Poison+1","PiercingWail","Bane"],"picked":"Singing Bowl","floor":21}],"player_experience":520628,"relics_obtained":[{"floor":0,"key":"Pen Nib"},{"floor":0,"key":"Singing Bowl"},{"floor":0,"key":"The Specimen"},{"floor":9,"key":"Juzu Bracelet"},{"floor":12,"key":"Omamori"}],"event_choices":[{"damage_healed":0,"gold_gain":75,"player_choice":"Gather Gold","damage_taken":11,"max_hp_gain":0,"max_hp_loss":0,"event_name":"World of Goop","floor":2,"gold_loss":0},{"damage_healed":0,"gold_gain":0,"player_choice":"Searched \u00271\u0027 times","damage_taken":0,"max_hp_gain":0,"max_hp_loss":0,"event_name":"Dead Adventurer","floor":12,"gold_loss":0},{"cards_removed":["Decay"],"damage_healed":0,"gold_gain":0,"player_choice":"Card Removal","damage_taken":0,"max_hp_gain":0,"max_hp_loss":0,"event_name":"The Cleric","floor":13,"gold_loss":50},{"damage_healed":26,"gold_gain":0,"player_choice":"Banana","damage_taken":0,"max_hp_gain":0,"max_hp_loss":0,"event_name":"Big Fish","floor":14,"gold_loss":0},{"damage_healed":0,"gold_gain":0,"player_choice":"Copied","damage_taken":0,"max_hp_gain":0,"max_hp_loss":0,"event_name":"Duplicator","floor":20,"gold_loss":0,"cards_obtained":["Infinite Blades"]}],"is_beta":false,"boss_relics":[{"not_picked":["Snecko Eye","Runic Dome"],"picked":"Philosopher\u0027s Stone"}],"items_purged_floors":[4],"is_endless":false,"potions_floor_spawned":[3,5,12,16,19,21],"killed_by":"3 Cultists","ascension_level":4}