{"gold_per_floor":[110,110,129,129,146,146,146,146,196,214,214,247,247,271,271,376,376,386,401,421,189,189,189,220,235,235,235,150,150,164,196,196,296,296,307,320,332,346,54,54,54,72,118,118],"floor_reached":44,"playtime":6323,"items_purged":[],"score":735,"play_id":"69c98722-d812-484e-8c7e-9d1e0063aaf0","local_time":"20190325171456","is_ascension_mode":true,"campfire_choices":[{"data":"Sunder","floor":6.0,"key":"SMITH"},{"floor":8.0,"key":"REST"},{"data":"Defragment","floor":11.0,"key":"SMITH"},{"data":"Streamline","floor":13.0,"key":"SMITH"},{"data":"Zap","floor":15.0,"key":"SMITH"},{"floor":23.0,"key":"REST"},{"floor":29.0,"key":"REST"},{"data":"Sunder","floor":32.0,"key":"SMITH"},{"floor":40.0,"key":"REST"}],"neow_cost":"NONE","seed_source_timestamp":0,"circlet_count":0,"master_deck":["AscendersBane","Defend_B","Defend_B+1","Defend_B+1","Defend_B+1","Zap+1","Dualcast+1","Sunder+1","Auto Shields","Defragment+1","Cold Snap","Streamline+1","Electrodynamics","Fusion+1","Conserve Battery","Compile Driver","Sunder+1","Echo Form","Chill","Defragment","Streamline","Bite","Bite","Bite","Bite","Bite","Leap","Ball Lightning","Barrage+1","Fission+1","Hologram","Scrape+1","Barrage","Rip and Tear+1","Redo","Hologram+1","Ball Lightning"],"special_seed":0,"relics":["Cracked Core","WingedGreaves","Dream Catcher","War Paint","Potion Belt","Velvet Choker","Thread and Needle","Mercury Hourglass","Ancient Tea Set","Red Mask","Busted Crown","Symbiotic Virus","Pen Nib"],"potions_floor_usage":[],"damage_taken":[{"damage":2.0,"enemies":"Small Slimes","floor":1.0,"turns":3.0},{"damage":8.0,"enemies":"2 Louse","floor":3.0,"turns":3.0},{"damage":6.0,"enemies":"Cultist","floor":5.0,"turns":3.0},{"damage":1.0,"enemies":"Exordium Wildlife","floor":10.0,"turns":2.0},{"damage":6.0,"enemies":"3 Sentries","floor":12.0,"turns":7.0},{"damage":14.0,"enemies":"Slime Boss","floor":16.0,"turns":7.0},{"damage":14.0,"enemies":"3 Byrds","floor":18.0,"turns":3.0},{"damage":1.0,"enemies":"Chosen","floor":19.0,"turns":4.0},{"damage":17.0,"enemies":"3 Cultists","floor":20.0,"turns":4.0},{"damage":16.0,"enemies":"Book of Stabbing","floor":24.0,"turns":4.0},{"damage":9.0,"enemies":"Centurion and Healer","floor":25.0,"turns":7.0},{"damage":5.0,"enemies":"Shelled Parasite and Fungi","floor":30.0,"turns":7.0},{"damage":1.0,"enemies":"Masked Bandits","floor":31.0,"turns":2.0},{"damage":50.0,"enemies":"Champ","floor":33.0,"turns":13.0},{"damage":0.0,"enemies":"3 Darklings","floor":35.0,"turns":3.0},{"damage":2.0,"enemies":"3 Shapes","floor":36.0,"turns":2.0},{"damage":22.0,"enemies":"Maw","floor":37.0,"turns":6.0},{"damage":14.0,"enemies":"Sphere and 2 Shapes","floor":38.0,"turns":4.0},{"damage":9.0,"enemies":"Jaw Worm Horde","floor":42.0,"turns":3.0},{"damage":0,"enemies":"Giant Head","floor":44,"turns":1}],"seed_played":"-1474772510353250959","potions_obtained":[{"floor":3.0,"key":"GamblersBrew"},{"floor":10.0,"key":"SkillPotion"},{"floor":20.0,"key":"Dexterity Potion"},{"floor":24.0,"key":"Block Potion"},{"floor":33.0,"key":"SteroidPotion"},{"floor":36.0,"key":"Strength Potion"},{"floor":38.0,"key":"Poison Potion"},{"floor":42.0,"key":"LiquidBronze"}],"is_trial":false,"path_per_floor":["M","?","M","?","M","R","?","R","T","M","R","E","R","T","R","B",null,"M","M","M","$","?","R","E","M","T","?","?","R","M","?","R","B",null,"M","M","M","M","$","R","?","M","T","E"],"character_chosen":"DEFECT","items_purchased":["Sunder","Echo Form","Symbiotic Virus","Redo"],"campfire_rested":4,"item_purchase_floors":[21,21,39,39],"current_hp_per_floor":[73,55,47,31,25,25,25,49,49,48,48,42,42,42,42,28,69,55,54,37,37,21,47,31,22,22,22,22,40,51,50,50,26,52,56,60,40,32,32,50,50,45,45,45],"gold":118,"neow_bonus":"TEN_PERCENT_HP_BONUS","is_prod":false,"is_daily":false,"chose_seed":false,"campfire_upgraded":5,"win_rate":0,"timestamp":1553552096,"path_taken":["M","?","M","?","M","R","?","R","T","M","R","E","R","?","R","BOSS","M","M","M","$","?","R","E","M","T","?","?","R","M","?","R","BOSS","M","M","M","M","$","R","?","M","T","E"],"build_version":"2019-01-23","purchased_purges":0,"victory":false,"max_hp_per_floor":[82,82,82,82,82,82,82,82,82,82,82,82,82,82,82,82,82,82,82,82,82,87,87,87,87,87,60,60,60,60,60,60,60,60,60,60,60,60,60,60,60,60,60,60],"card_choices":[{"not_picked":["Coolheaded","Redo"],"picked":"Sunder","floor":1.0},{"not_picked":["Blizzard","Compile Driver"],"picked":"Auto Shields","floor":3.0},{"not_picked":["Blizzard","Sweeping Beam"],"picked":"Defragment","floor":5.0},{"not_picked":["Sweeping Beam","Turbo"],"picked":"Cold Snap","floor":10.0},{"not_picked":["Redo","White Noise"],"picked":"Streamline","floor":12.0},{"not_picked":["Hyperbeam","Meteor Strike"],"picked":"Electrodynamics","floor":16.0},{"not_picked":["Hologram+1","Auto Shields"],"picked":"Fusion+1","floor":18.0},{"not_picked":["Redo","Gash"],"picked":"Conserve Battery","floor":19.0},{"not_picked":["Steam Power","Redo"],"picked":"Compile Driver","floor":20.0},{"not_picked":["Chaos","Leap"],"picked":"Chill","floor":23.0},{"not_picked":["Capacitor","Sweeping Beam"],"picked":"Defragment","floor":24.0},{"not_picked":["Steam","Lockon"],"picked":"Streamline","floor":25.0},{"not_picked":["Coolheaded","Gash"],"picked":"Leap","floor":29.0},{"not_picked":["Amplify","Go for the Eyes+1"],"picked":"Ball Lightning","floor":30.0},{"not_picked":["Skim","Chaos"],"picked":"Barrage+1","floor":31.0},{"not_picked":["Buffer","Machine Learning"],"picked":"Fission","floor":33.0},{"not_picked":[],"picked":"Hologram","floor":35.0},{"not_picked":[],"picked":"Scrape+1","floor":36.0},{"not_picked":[],"picked":"Barrage","floor":37.0},{"not_picked":[],"picked":"Rip and Tear+1","floor":38.0},{"not_picked":[],"picked":"Hologram+1","floor":40.0},{"not_picked":[],"picked":"Ball Lightning","floor":42.0}],"player_experience":1264692,"relics_obtained":[{"floor":9.0,"key":"Dream Catcher"},{"floor":12.0,"key":"War Paint"},{"floor":14.0,"key":"Potion Belt"},{"floor":24.0,"key":"Thread and Needle"},{"floor":26.0,"key":"Mercury Hourglass"},{"floor":31.0,"key":"Red Mask"},{"floor":43.0,"key":"Pen Nib"}],"event_choices":[{"damage_healed":0.0,"max_hp_gain":0.0,"max_hp_loss":0.0,"gold_gain":0.0,"event_name":"Scrap Ooze","player_choice":"Success","floor":2.0,"gold_loss":0.0,"damage_taken":18.0,"relics_obtained":["WingedGreaves"]},{"damage_healed":0.0,"max_hp_gain":0.0,"max_hp_loss":0.0,"gold_gain":0.0,"event_name":"Shining Light","player_choice":"Entered Light","floor":4.0,"gold_loss":0.0,"damage_taken":16.0,"cards_upgraded":["Defend_B","Strike_B"]},{"damage_healed":0.0,"max_hp_gain":0.0,"max_hp_loss":0.0,"gold_gain":0.0,"event_name":"Living Wall","player_choice":"Grow","floor":7.0,"gold_loss":0.0,"damage_taken":0.0,"cards_upgraded":["Dualcast"]},{"damage_healed":0.0,"max_hp_gain":5.0,"max_hp_loss":0.0,"gold_gain":0.0,"event_name":"Forgotten Altar","player_choice":"Shed Blood","floor":22.0,"gold_loss":0.0,"damage_taken":21.0},{"damage_healed":0.0,"max_hp_gain":0.0,"max_hp_loss":27.0,"gold_gain":0.0,"event_name":"Vampires","player_choice":"Became a vampire","floor":27.0,"gold_loss":0.0,"damage_taken":0.0,"cards_obtained":["Bite","Bite","Bite","Bite","Bite"]},{"damage_healed":0.0,"max_hp_gain":0.0,"max_hp_loss":0.0,"gold_gain":0.0,"event_name":"Addict","player_choice":"Obtained Relic","floor":28.0,"gold_loss":85.0,"damage_taken":0.0,"relics_obtained":["Ancient Tea Set"]},{"damage_healed":0.0,"max_hp_gain":0.0,"max_hp_loss":0.0,"gold_gain":0.0,"event_name":"Masked Bandits","player_choice":"Fought Bandits","floor":31.0,"gold_loss":0.0,"damage_taken":0.0},{"damage_healed":0.0,"max_hp_gain":0.0,"max_hp_loss":0.0,"gold_gain":0.0,"event_name":"Accursed Blacksmith","player_choice":"Forge","floor":41.0,"gold_loss":0.0,"damage_taken":0.0,"cards_upgraded":["Fission"]}],"is_beta":false,"boss_relics":[{"not_picked":["Philosopher\u0027s Stone","Tiny House"],"picked":"Velvet Choker"},{"not_picked":["Cursed Key","Calling Bell"],"picked":"Busted Crown"}],"items_purged_floors":[],"is_endless":false,"potions_floor_spawned":[3,10,20,24,33,36,38,42],"killed_by":"Giant Head","ascension_level":12}