{"gold_per_floor":[20,33,44,44,58,58,99,111,123,135,167,190,231,256,268,384,396,422,434,466,497,434,474,499,511,548,55,68,79,104,104,104,104],"floor_reached":33,"playtime":3416,"items_purged":["Defend_R"],"score":306,"play_id":"5a03e150-0a0b-4e36-80d8-54935860578d","local_time":"20180727155231","is_ascension_mode":true,"campfire_choices":[{"floor":6,"key":"DIG"},{"floor":8,"key":"DIG"},{"data":"Clothesline","floor":10,"key":"SMITH"},{"data":"Cleave","floor":15,"key":"SMITH"},{"floor":25,"key":"DIG"},{"floor":32,"key":"DIG"}],"neow_cost":"NO_GOLD","seed_source_timestamp":4457250932547,"circlet_count":0,"master_deck":["Strike_R","Strike_R","Strike_R","Defend_R","Defend_R","Defend_R","Bash+1","Twin Strike","Rampage","Blood for Blood","Clothesline+1","Shockwave","Carnage","Cleave+1","Iron Wave","Immolate","Shrug It Off","Cleave+1","Anger+1","Flame Barrier+1"],"relics":["Burning Blood","Shovel","MawBank","Pantograph","Anchor","Centennial Puzzle","Odd Mushroom","Fusion Hammer","The Courier","Bag of Preparation","Blood Vial","Whetstone","Vajra","Tiny Chest","Happy Flower","Dream Catcher","Gremlin Horn","Mummified Hand"],"potions_floor_usage":[13,13,16,16,21,30,33,33],"damage_taken":[{"damage":10,"enemies":"Small Slimes","floor":1,"turns":3},{"damage":6,"enemies":"Jaw Worm","floor":2,"turns":6},{"damage":1,"enemies":"2 Louse","floor":3,"turns":4},{"damage":6,"enemies":"Red Slaver","floor":5,"turns":3},{"damage":45,"enemies":"Lagavulin","floor":7,"turns":8},{"damage":8,"enemies":"3 Louse","floor":11,"turns":3},{"damage":0,"enemies":"2 Fungi Beasts","floor":12,"turns":4},{"damage":11,"floor":13,"turns":3},{"damage":7,"enemies":"Large Slime","floor":14,"turns":6},{"damage":42,"enemies":"Hexaghost","floor":16,"turns":6},{"damage":10,"enemies":"3 Byrds","floor":18,"turns":4},{"damage":14,"enemies":"Spheric Guardian","floor":20,"turns":4},{"damage":0,"enemies":"Snecko","floor":21,"turns":3},{"damage":12,"enemies":"Gremlin Leader","floor":23,"turns":5},{"damage":2,"enemies":"Cultist and Chosen","floor":24,"turns":5},{"damage":2,"enemies":"3 Cultists","floor":28,"turns":3},{"damage":0,"enemies":"Snake Plant","floor":29,"turns":3},{"damage":17,"enemies":"Book of Stabbing","floor":30,"turns":5},{"damage":82,"enemies":"Champ","floor":33,"turns":10}],"seed_played":"-6466254279724170278","potions_obtained":[{"floor":7,"key":"PowerPotion"},{"floor":11,"key":"Poison Potion"},{"floor":12,"key":"AttackPotion"},{"floor":14,"key":"FearPotion"},{"floor":16,"key":"FearPotion"},{"floor":18,"key":"Regen Potion"},{"floor":29,"key":"Ancient Potion"}],"is_trial":false,"path_per_floor":["M","M","M","?","M","R","E","R","T","R","M","M","?","M","R","B",null,"M","T","M","M","?","E","M","R","T","$","M","M","E","T","R"],"character_chosen":"IRONCLAD","items_purchased":["Vajra","EssenceOfSteel","Tiny Chest","Happy Flower"],"campfire_rested":0,"item_purchase_floors":[27,27,27,27],"current_hp_per_floor":[76,76,80,80,80,80,41,41,41,41,39,45,58,57,57,44,80,76,76,68,79,79,73,77,77,77,77,80,80,69,69,69,0],"gold":104,"neow_bonus":"ONE_RARE_RELIC","is_prod":false,"is_daily":false,"chose_seed":false,"campfire_upgraded":2,"win_rate":0,"timestamp":1532731951,"path_taken":["M","M","M","?","M","R","E","R","T","R","M","M","?","M","R","BOSS","M","?","M","M","?","E","M","R","T","$","M","?","E","?","R","BOSS"],"build_version":"2018-07-26","purchased_purges":1,"victory":false,"max_hp_per_floor":[80,80,80,80,80,80,80,80,80,80,80,80,80,80,80,80,80,80,80,80,80,80,80,80,80,80,80,80,80,80,80,80,80],"card_choices":[{"not_picked":["Perfected Strike","Heavy Blade"],"picked":"Twin Strike","floor":1},{"not_picked":["Sword Boomerang","Seeing Red"],"picked":"Rampage","floor":2},{"not_picked":["Brutality","Spot Weakness"],"picked":"Blood for Blood","floor":3},{"not_picked":["Seeing Red","Corruption","Perfected Strike"],"picked":"SKIP","floor":5},{"not_picked":["Anger","Twin Strike"],"picked":"Clothesline","floor":7},{"not_picked":["Sever Soul","Flex"],"picked":"Shockwave","floor":11},{"not_picked":["Sever Soul","Sword Boomerang"],"picked":"Carnage","floor":12},{"not_picked":["Hemokinesis","Clothesline"],"picked":"Cleave","floor":13},{"not_picked":["Heavy Blade","True Grit"],"picked":"Iron Wave","floor":14},{"not_picked":["Berserk","Dark Embrace"],"picked":"Immolate","floor":16},{"not_picked":["Armaments","Clash","Sword Boomerang+1"],"picked":"SKIP","floor":18},{"not_picked":["Thunderclap","Whirlwind"],"picked":"Shrug It Off","floor":20},{"not_picked":["Havoc","Warcry"],"picked":"Cleave+1","floor":21},{"not_picked":["Uppercut","Offering"],"picked":"Anger","floor":23},{"not_picked":["Armaments","Perfected Strike","True Grit"],"picked":"SKIP","floor":24},{"not_picked":["Corruption","Sever Soul"],"picked":"Flame Barrier+1","floor":28},{"not_picked":["Twin Strike+1","Carnage","Sword Boomerang"],"picked":"SKIP","floor":29},{"not_picked":["Brutality","True Grit","Burning Pact"],"picked":"SKIP","floor":30}],"player_experience":168377,"relics_obtained":[{"floor":6,"key":"MawBank"},{"floor":7,"key":"Pantograph"},{"floor":8,"key":"Anchor"},{"floor":9,"key":"Centennial Puzzle"},{"floor":13,"key":"Odd Mushroom"},{"floor":19,"key":"The Courier"},{"floor":23,"key":"Bag of Preparation"},{"floor":25,"key":"Blood Vial"},{"floor":26,"key":"Whetstone"},{"floor":30,"key":"Dream Catcher"},{"floor":31,"key":"Gremlin Horn"},{"floor":32,"key":"Mummified Hand"}],"event_choices":[{"event_name":"Living Wall","player_choice":"Forget","floor":4,"damage_taken":0},{"event_name":"Mushrooms","player_choice":"Fought Mushrooms","floor":13,"damage_taken":0},{"event_name":"Beggar","player_choice":"Gave Gold","floor":22,"damage_taken":0}],"is_beta":false,"boss_relics":[{"not_picked":["Astrolabe","Orrery"],"picked":"Fusion Hammer"}],"items_purged_floors":[27],"is_endless":false,"potions_floor_spawned":[7,11,12,14,16,18,29],"killed_by":"Champ","ascension_level":1}