{"gold_per_floor":[14,33,33,33,33,59,59,73,73,84,84,103,117,135,135,231,231,245,53,65,65,75,75,89,89],"floor_reached":25,"playtime":2975,"items_purged":[],"score":217,"play_id":"ec7eab70-8416-4810-b34b-e46b17d3c1c2","local_time":"20180718124207","is_ascension_mode":true,"campfire_choices":[{"floor":7,"key":"REST"},{"data":"Infernal Blade","floor":15,"key":"SMITH"},{"floor":23,"key":"REST"}],"neow_cost":"NO_GOLD","seed_source_timestamp":1887046468528788,"circlet_count":0,"master_deck":["Strike_R","Strike_R","Strike_R","Strike_R","Strike_R","Defend_R","Defend_R","Defend_R","Defend_R+1","Bash","Flex+1","Impervious","Flex+1","Pommel Strike","Infernal Blade+1","Feed","Ghostly Armor","Power Through","Iron Wave+1","Anger"],"relics":["Burning Blood","Bird Faced Urn","Magic Flower","Kunai","Bottled Flame","White Beast Statue","Lee\u0027s Waffle"],"potions_floor_usage":[13,13,16,22],"damage_taken":[{"damage":11,"enemies":"Jaw Worm","floor":1,"turns":5},{"damage":7,"enemies":"2 Louse","floor":2,"turns":4},{"damage":12,"enemies":"3 Sentries","floor":6,"turns":12},{"damage":12,"enemies":"Cultist","floor":8,"turns":5},{"damage":2,"enemies":"3 Louse","floor":10,"turns":5},{"damage":4,"enemies":"Exordium Wildlife","floor":12,"turns":3},{"damage":0,"enemies":"Gremlin Gang","floor":13,"turns":1},{"damage":11,"enemies":"Lots of Slimes","floor":14,"turns":5},{"damage":55,"enemies":"The Guardian","floor":16,"turns":10},{"damage":36,"enemies":"3 Byrds","floor":18,"turns":8},{"damage":31,"enemies":"Shell Parasite","floor":20,"turns":7},{"damage":52,"enemies":"Chosen and Byrds","floor":22,"turns":9},{"damage":47,"enemies":"Snake Plant","floor":24,"turns":8},{"damage":0,"enemies":"Gremlin Leader","floor":25,"turns":1}],"seed_played":"2646573491272409551","potions_obtained":[{"floor":6,"key":"Explosive Potion"},{"floor":8,"key":"Fire Potion"},{"floor":10,"key":"Explosive Potion"},{"floor":16,"key":"Dexterity Potion"},{"floor":18,"key":"SpeedPotion"},{"floor":20,"key":"Regen Potion"},{"floor":22,"key":"SpeedPotion"}],"is_trial":false,"path_per_floor":["M","M","$","?","?","E","R","M","T","M","?","M","M","M","R","B",null,"M","$","M","?","M","R","M"],"character_chosen":"IRONCLAD","items_purchased":["Lee\u0027s Waffle"],"campfire_rested":2,"item_purchase_floors":[19],"current_hp_per_floor":[75,74,74,58,55,52,76,73,73,80,80,80,80,78,78,32,80,58,90,68,68,25,52,14,14],"gold":89,"neow_bonus":"ONE_RARE_RELIC","is_prod":false,"is_daily":false,"chose_seed":false,"campfire_upgraded":1,"win_rate":0,"timestamp":1531935727,"path_taken":["M","M","$","?","?","E","R","?","T","?","?","M","M","M","R","BOSS","M","$","M","?","M","R","M","E"],"build_version":"2018-07-12","purchased_purges":0,"victory":false,"max_hp_per_floor":[80,80,80,80,80,80,80,80,80,80,80,80,80,80,80,80,80,83,90,90,90,90,90,90,90],"card_choices":[{"not_picked":["Warcry","Sever Soul"],"picked":"Flex","floor":1},{"not_picked":["Combust","Clash","Rupture"],"picked":"SKIP","floor":2},{"not_picked":["Dropkick","Clothesline"],"picked":"Impervious","floor":6},{"not_picked":["Dual Wield","Second Wind","Clash"],"picked":"SKIP","floor":8},{"not_picked":["Pommel Strike","Reaper"],"picked":"Flex","floor":10},{"not_picked":["Bloodletting","Twin Strike","Shrug It Off"],"picked":"SKIP","floor":12},{"not_picked":["Iron Wave","Shrug It Off"],"picked":"Pommel Strike","floor":13},{"not_picked":["Cleave","Sentinel"],"picked":"Infernal Blade","floor":14},{"not_picked":["Berserk","Demon Form"],"picked":"Feed","floor":16},{"not_picked":["Clash","Disarm+1","Armaments"],"picked":"SKIP","floor":18},{"not_picked":["Flex","Thunderclap"],"picked":"Ghostly Armor","floor":20},{"not_picked":["Metallicize+1","Bloodletting+1"],"picked":"Iron Wave+1","floor":22},{"not_picked":["Wild Strike","Clothesline"],"picked":"Anger","floor":24}],"player_experience":213207,"relics_obtained":[{"floor":6,"key":"Kunai"},{"floor":9,"key":"Bottled Flame"}],"event_choices":[{"event_name":"Shining Light","player_choice":"Entered Light","floor":4,"damage_taken":0},{"event_name":"Scrap Ooze","player_choice":"success","floor":5,"damage_taken":3},{"event_name":"Upgrade Shrine","player_choice":"Upgraded","floor":11,"damage_taken":0},{"event_name":"The Library","player_choice":"Read","floor":21,"damage_taken":0}],"boss_relics":[{"not_picked":["Eternal Feather","Astrolabe"],"picked":"White Beast Statue"}],"items_purged_floors":[],"is_endless":false,"potions_floor_spawned":[6,8,10,16,18,20,22,24],"killed_by":"Gremlin Leader","ascension_level":1}