{"gold_per_floor":[116,66,66,66,81,81,101,101,126,150,185,74,90,110,110,200,200,221,171,191,214,109,109],"floor_reached":23,"playtime":2392,"items_purged":["Strike_R","Strike_R","Strike_R","Strike_R"],"score":347,"play_id":"b34e2deb-2844-4ade-b2d5-7fea09e130d4","local_time":"20181010200221","is_ascension_mode":true,"campfire_choices":[{"floor":6,"key":"REST"},{"data":"Pommel Strike","floor":8,"key":"SMITH"},{"floor":15,"key":"REST"}],"neow_cost":"NONE","seed_source_timestamp":65009034711793,"circlet_count":0,"master_deck":["Strike_R","Defend_R","Defend_R","Defend_R","Defend_R","Bash","AscendersBane","Flex+1","Pommel Strike+1","Power Through","Clothesline","Uppercut","Shrug It Off","Twin Strike","Cleave","Double Tap","Twin Strike","Thunderclap"],"relics":["Burning Blood","Smiling Mask","Golden Idol","Red Skull","Strawberry","Busted Crown"],"potions_floor_usage":[16,20,21],"damage_taken":[{"damage":14,"enemies":"2 Louse","floor":1,"turns":3},{"damage":2,"enemies":"Small Slimes","floor":5,"turns":4},{"damage":4,"enemies":"Jaw Worm","floor":7,"turns":5},{"damage":14,"enemies":"Exordium Thugs","floor":10,"turns":5},{"damage":35,"enemies":"3 Sentries","floor":11,"turns":11},{"damage":1,"enemies":"Blue Slaver","floor":13,"turns":3},{"damage":0,"enemies":"Large Slime","floor":14,"turns":5},{"damage":31,"enemies":"The Guardian","floor":16,"turns":11},{"damage":0,"enemies":"Chosen","floor":18,"turns":4},{"damage":17,"enemies":"Shell Parasite","floor":20,"turns":4},{"damage":17,"enemies":"Chosen and Byrds","floor":21,"turns":8},{"damage":48,"enemies":"Book of Stabbing","floor":23,"turns":7}],"seed_played":"2005113234492115296","potions_obtained":[{"floor":7,"key":"FairyPotion"},{"floor":10,"key":"FearPotion"},{"floor":18,"key":"Regen Potion"},{"floor":20,"key":"GamblersBrew"},{"floor":21,"key":"GamblersBrew"}],"is_trial":false,"path_per_floor":["M","$","?","?","M","R","M","R","T","M","E","$","M","M","R","B",null,"M","$","M","M","$"],"character_chosen":"IRONCLAD","items_purchased":["Shrug It Off","Thunderclap"],"campfire_rested":2,"item_purchase_floors":[12,22],"current_hp_per_floor":[60,60,34,34,38,60,62,62,62,54,32,32,37,43,67,42,72,78,78,78,67,67,19],"gold":109,"neow_bonus":"RANDOM_COMMON_RELIC","is_prod":false,"is_daily":false,"chose_seed":false,"campfire_upgraded":1,"win_rate":0,"timestamp":1539219741,"path_taken":["M","$","?","?","M","R","M","R","T","M","E","$","M","M","R","BOSS","M","$","M","M","$","E"],"build_version":"2018-10-04v2","purchased_purges":4,"victory":false,"max_hp_per_floor":[75,75,75,75,75,75,75,75,75,75,82,82,82,82,82,82,82,82,82,82,82,82,82],"card_choices":[{"not_picked":["True Grit","Seeing Red"],"picked":"Flex","floor":1},{"not_picked":["True Grit","Ghostly Armor"],"picked":"Pommel Strike","floor":5},{"not_picked":["Wild Strike","Shockwave"],"picked":"Power Through","floor":7},{"not_picked":["Shockwave","Infernal Blade"],"picked":"Clothesline","floor":10},{"not_picked":["Sword Boomerang","Bloodletting"],"picked":"Uppercut","floor":11},{"not_picked":["Feel No Pain","Warcry"],"picked":"Twin Strike","floor":13},{"not_picked":["Shrug It Off","Pommel Strike"],"picked":"Cleave","floor":14},{"not_picked":["Feed","Brutality"],"picked":"Double Tap","floor":16},{"not_picked":["Wild Strike"],"picked":"SKIP","floor":18},{"not_picked":["Heavy Blade"],"picked":"SKIP","floor":20},{"not_picked":[],"picked":"Twin Strike","floor":21}],"player_experience":748042,"relics_obtained":[{"floor":9,"key":"Red Skull"},{"floor":11,"key":"Strawberry"}],"event_choices":[{"event_name":"Golden Idol","player_choice":"Take Damage","floor":3,"damage_taken":0},{"event_name":"Accursed Blacksmith","player_choice":"Forge","floor":4,"damage_taken":0}],"is_beta":false,"boss_relics":[{"not_picked":["Fusion Hammer","Mark of Pain"],"picked":"Busted Crown"}],"items_purged_floors":[2,12,19,22],"is_endless":false,"potions_floor_spawned":[7,10,18,20,21],"killed_by":"Book of Stabbing","ascension_level":16}