{"gold_per_floor":[115,115,115,132,150,150,179,179,179,130,149,159,173,198,198,275,275,288,189,205,205,218,243,243,255,334,350,350,350],"floor_reached":29,"playtime":2005,"items_purged":[],"score":437,"play_id":"582b8ce8-7b0a-4444-831c-6ba61e6f5610","local_time":"20181002000558","is_ascension_mode":true,"campfire_choices":[{"data":"Flame Barrier","floor":6.0,"key":"SMITH"},{"floor":8.0,"key":"REST"},{"data":"1","floor":15.0,"key":"LIFT"},{"floor":28,"key":"REST"}],"neow_cost":"","seed_source_timestamp":0,"circlet_count":0,"master_deck":["Strike_R","Strike_R","Strike_R","Strike_R","Strike_R+1","Defend_R","Defend_R","Defend_R","Defend_R+1","Bash","AscendersBane","Twin Strike","Flame Barrier+1","Bash","Pommel Strike","Headbutt","Iron Wave","Pommel Strike","Iron Wave","Double Tap","Infernal Blade","Heavy Blade","Fiend Fire","Mind Blast","Perfected Strike+1","RitualDagger","Flame Barrier","Bludgeon","Normality","Headbutt+1"],"special_seed":0,"relics":["Burning Blood","Gremlin Horn","Shuriken","Girya","Cursed Key","Frozen Egg 2","Molten Egg 2"],"potions_floor_usage":[22,22,22,22,25],"damage_taken":[{"damage":8.0,"enemies":"Jaw Worm","floor":1.0,"turns":4.0},{"damage":2.0,"enemies":"Cultist","floor":4.0,"turns":5.0},{"damage":3.0,"enemies":"2 Louse","floor":5.0,"turns":3.0},{"damage":28.0,"enemies":"Gremlin Nob","floor":7.0,"turns":4.0},{"damage":10.0,"enemies":"Exordium Thugs","floor":11.0,"turns":5.0},{"damage":8.0,"enemies":"Blue Slaver","floor":12.0,"turns":4.0},{"damage":0.0,"enemies":"Exordium Wildlife","floor":13.0,"turns":3.0},{"damage":15.0,"enemies":"3 Sentries","floor":14.0,"turns":6.0},{"damage":43.0,"enemies":"The Guardian","floor":16.0,"turns":12.0},{"damage":7.0,"enemies":"Chosen","floor":18.0,"turns":3.0},{"damage":9.0,"enemies":"2 Thieves","floor":20.0,"turns":3.0},{"damage":18,"enemies":"Snake Plant","floor":22,"turns":2},{"damage":15,"enemies":"Slavers","floor":23,"turns":6},{"damage":16,"enemies":"Shelled Parasite and Fungi","floor":25,"turns":3},{"damage":5,"enemies":"Snecko","floor":27,"turns":4},{"damage":29,"enemies":"Book of Stabbing","floor":29,"turns":4}],"seed_played":"8231918792124600489","potions_obtained":[{"floor":7.0,"key":"Weak Potion"},{"floor":11.0,"key":"BloodPotion"},{"floor":14.0,"key":"Strength Potion"},{"floor":16.0,"key":"Regen Potion"},{"floor":20.0,"key":"EntropicBrew"},{"floor":23,"key":"Regen Potion"}],"is_trial":false,"path_per_floor":["M","?","?","M","M","R","E","R","T","$","M","M","M","E","R","B",null,"M","$","M","?","M","E","?","M","T","M","R"],"character_chosen":"IRONCLAD","items_purchased":["Pommel Strike","Mind Blast"],"campfire_rested":2,"item_purchase_floors":[10,19],"current_hp_per_floor":[66,66,51,55,58,58,36,58,58,58,54,59,65,56,56,19,61,60,60,57,51,48,39,39,38,38,39,61,32],"gold":350,"neow_bonus":"","is_prod":false,"is_daily":false,"chose_seed":false,"campfire_upgraded":1,"win_rate":0,"timestamp":1538456758,"path_taken":["M","?","?","M","M","R","E","R","T","?","M","M","M","E","R","BOSS","M","$","M","?","M","E","?","M","T","M","R","E"],"build_version":"2018-09-27","purchased_purges":0,"victory":false,"max_hp_per_floor":[75,75,75,75,75,75,75,75,75,75,75,75,75,75,75,75,75,75,75,75,75,75,75,75,75,75,75,75,75],"card_choices":[{"not_picked":["Havoc","True Grit"],"picked":"Twin Strike","floor":1.0},{"not_picked":["Perfected Strike","Intimidate"],"picked":"Pommel Strike","floor":4.0},{"not_picked":["Havoc","Anger"],"picked":"Headbutt","floor":5.0},{"not_picked":["Heavy Blade","Havoc"],"picked":"Iron Wave","floor":7.0},{"not_picked":["Wild Strike","Havoc"],"picked":"Iron Wave","floor":11.0},{"not_picked":["Flex","Cleave"],"picked":"Double Tap","floor":12.0},{"not_picked":["Heavy Blade","Rupture"],"picked":"Infernal Blade","floor":13.0},{"not_picked":["Twin Strike","Sword Boomerang"],"picked":"Heavy Blade","floor":14.0},{"not_picked":["Exhume","Berserk"],"picked":"Fiend Fire","floor":16.0},{"not_picked":["Hemokinesis","Armaments","Carnage"],"picked":"SKIP","floor":18.0},{"not_picked":["Clash","Wild Strike"],"picked":"Perfected Strike+1","floor":20.0},{"not_picked":["Pommel Strike","Evolve"],"picked":"Flame Barrier","floor":22},{"not_picked":["Iron Wave","Spot Weakness"],"picked":"Bludgeon","floor":23},{"not_picked":["Anger","Carnage","Flame Barrier"],"picked":"SKIP","floor":25},{"not_picked":["Thunderclap+1","Disarm+1"],"picked":"Headbutt+1","floor":27}],"player_experience":679424,"relics_obtained":[{"floor":7.0,"key":"Gremlin Horn"},{"floor":9.0,"key":"Shuriken"},{"floor":14.0,"key":"Girya"},{"floor":23,"key":"Frozen Egg 2"},{"floor":26,"key":"Molten Egg 2"}],"event_choices":[{"event_name":"Match and Keep!","player_choice":"2 cards matched","floor":2.0,"damage_taken":0.0},{"event_name":"Shining Light","player_choice":"Entered Light","floor":3.0,"damage_taken":0.0},{"event_name":"Nest","player_choice":"Joined the Cult","floor":21.0,"damage_taken":0.0},{"event_name":"Ghosts","player_choice":"Ignored","floor":24,"damage_taken":0}],"is_beta":false,"boss_relics":[{"not_picked":["Sozu","Black Blood"],"picked":"Cursed Key"}],"items_purged_floors":[],"is_endless":false,"potions_floor_spawned":[7,11,14,16,20,23],"killed_by":"Book of Stabbing","ascension_level":14}