{"gold_per_floor":[11,186,206,223,239,239,239,239,239,239,256,256,285,303,303,407,407,425,435,435,350,32,32,62,62,87,87,104,104,135,151,151,256,256,276,276,286,302,19,19,47,47,70,70,89,89,103,128,128,128],"floor_reached":51,"playtime":2751,"items_purged":["Strike_R"],"score":989,"play_id":"db25f648-1fa0-4eb3-9cb7-abed33d7355e","local_time":"20181005192235","is_ascension_mode":true,"campfire_choices":[{"data":"Doubt","floor":6,"key":"PURGE"},{"data":"Strike_R","floor":10,"key":"PURGE"},{"data":"Defend_R","floor":12,"key":"PURGE"},{"data":"Strike_R","floor":15,"key":"PURGE"},{"floor":23,"key":"REST"},{"data":"Strike_R","floor":25,"key":"PURGE"},{"data":"Defend_R","floor":27,"key":"PURGE"},{"floor":32,"key":"REST"},{"floor":40,"key":"REST"},{"data":"Strike_R","floor":44,"key":"PURGE"},{"data":"Defend_R","floor":46,"key":"PURGE"},{"data":"Twin Strike","floor":49,"key":"PURGE"}],"neow_cost":"NO_GOLD","seed_source_timestamp":627029262233500,"circlet_count":0,"master_deck":["Defend_R+1","Bash+1","Cleave","Shrug It Off+1","Pommel Strike","Flex","Thunderclap","Impervious","Pommel Strike+1","Finesse","Rampage+1","Heavy Blade+1","Dramatic Entrance+1","Limit Break","Twin Strike+1"],"relics":["Burning Blood","Peace Pipe","Boot","Shuriken","Busted Crown","Lantern","Vajra","Singing Bowl","Art of War","Whetstone","Molten Egg 2","Fusion Hammer","War Paint","Orichalcum","Ice Cream","Regal Pillow","Pantograph"],"potions_floor_usage":[5,5,13,18,19,30,30,30,37,41,41,48,50,50],"damage_taken":[{"damage":2,"enemies":"2 Louse","floor":1,"turns":4},{"damage":6,"enemies":"Jaw Worm","floor":3,"turns":5},{"damage":1,"enemies":"Cultist","floor":4,"turns":3},{"damage":10,"enemies":"Blue Slaver","floor":5,"turns":3},{"damage":1,"enemies":"3 Louse","floor":11,"turns":2},{"damage":0,"enemies":"Gremlin Nob","floor":13,"turns":2},{"damage":5,"enemies":"Gremlin Gang","floor":14,"turns":3},{"damage":30,"enemies":"Slime Boss","floor":16,"turns":9},{"damage":21,"enemies":"Shell Parasite","floor":18,"turns":3},{"damage":15,"enemies":"2 Thieves","floor":19,"turns":4},{"damage":0,"enemies":"Gremlin Leader","floor":24,"turns":4},{"damage":13,"enemies":"Snecko","floor":28,"turns":4},{"damage":12,"enemies":"Slavers","floor":30,"turns":4},{"damage":14,"enemies":"Snake Plant","floor":31,"turns":3},{"damage":59,"enemies":"Automaton","floor":33,"turns":8},{"damage":13,"enemies":"3 Darklings","floor":35,"turns":4},{"damage":20,"enemies":"3 Shapes","floor":37,"turns":3},{"damage":27,"enemies":"Sphere and 2 Shapes","floor":38,"turns":3},{"damage":0,"enemies":"Giant Head","floor":41,"turns":6},{"damage":0,"enemies":"Mind Bloom Boss Battle","floor":42,"turns":3},{"damage":0,"enemies":"Transient","floor":45,"turns":5},{"damage":5,"enemies":"4 Shapes","floor":47,"turns":1},{"damage":10,"enemies":"2 Orb Walkers","floor":48,"turns":3},{"damage":45,"enemies":"Awakened One","floor":50,"turns":8}],"seed_played":"-5531864062333525518","potions_obtained":[{"floor":3,"key":"Strength Potion"},{"floor":4,"key":"PowerPotion"},{"floor":8,"key":"EntropicBrew"},{"floor":8,"key":"SmokeBomb"},{"floor":8,"key":"SneckoOil"},{"floor":11,"key":"AttackPotion"},{"floor":14,"key":"BloodPotion"},{"floor":18,"key":"Regen Potion"},{"floor":28,"key":"PowerPotion"},{"floor":31,"key":"Ancient Potion"},{"floor":38,"key":"SpeedPotion"},{"floor":41,"key":"Block Potion"},{"floor":45,"key":"BloodPotion"},{"floor":48,"key":"Regen Potion"}],"is_trial":false,"path_per_floor":["M","?","M","M","M","R","?","?","T","R","M","R","E","M","R","B",null,"M","M","?","?","$","R","E","R","T","R","M","T","E","M","R","B",null,"M","?","M","M","$","R","E","?","T","R","M","R","M","E","R","B"],"character_chosen":"IRONCLAD","items_purchased":["Vajra","Finesse","Limit Break","War Paint"],"campfire_rested":3,"item_purchase_floors":[22,22,39,39],"current_hp_per_floor":[80,80,80,80,76,76,81,81,81,81,85,85,85,85,85,61,85,77,80,64,64,64,90,92,92,92,92,85,85,81,75,96,45,98,91,88,76,57,57,88,96,102,102,102,108,108,110,108,108,89],"gold":128,"neow_bonus":"ONE_RARE_RELIC","is_prod":false,"is_daily":false,"chose_seed":false,"campfire_upgraded":0,"win_rate":0,"timestamp":1538792555,"path_taken":["M","?","M","M","M","R","?","?","T","R","M","R","E","?","R","BOSS","M","M","?","?","$","R","E","R","T","R","?","?","E","?","R","BOSS","M","?","M","M","$","R","E","?","T","R","M","R","M","E","R","BOSS"],"build_version":"2018-10-04","purchased_purges":1,"victory":true,"max_hp_per_floor":[80,80,80,80,80,80,85,85,85,85,85,85,85,85,85,85,85,85,85,90,90,90,90,92,92,92,92,92,92,94,96,96,98,98,98,100,102,104,104,104,106,106,106,106,108,108,110,112,112,112],"card_choices":[{"not_picked":["Wild Strike","Havoc"],"picked":"Cleave","floor":1},{"not_picked":["Armaments","Sentinel"],"picked":"Shrug It Off","floor":3},{"not_picked":["Perfected Strike","Body Slam"],"picked":"Twin Strike","floor":4},{"not_picked":["Warcry","Heavy Blade"],"picked":"Pommel Strike","floor":5},{"not_picked":["Heavy Blade","Fire Breathing"],"picked":"Flex","floor":11},{"not_picked":["Dual Wield","Havoc","Evolve"],"picked":"SKIP","floor":13},{"not_picked":["Combust","Bludgeon"],"picked":"Thunderclap","floor":14},{"not_picked":["Exhume","Bludgeon"],"picked":"Impervious","floor":16},{"not_picked":[],"picked":"Pommel Strike+1","floor":18},{"not_picked":["Perfected Strike"],"picked":"SKIP","floor":19},{"not_picked":["Twin Strike"],"picked":"Singing Bowl","floor":24},{"not_picked":[],"picked":"Rampage","floor":28},{"not_picked":["Dropkick"],"picked":"Singing Bowl","floor":30},{"not_picked":["Headbutt+1"],"picked":"Singing Bowl","floor":31},{"not_picked":["Juggernaut"],"picked":"Singing Bowl","floor":33},{"not_picked":[],"picked":"Heavy Blade+1","floor":35},{"not_picked":[],"picked":"Dramatic Entrance+1","floor":36},{"not_picked":["Good Instincts"],"picked":"Singing Bowl","floor":36},{"not_picked":["Metallicize"],"picked":"Singing Bowl","floor":37},{"not_picked":["Clash+1"],"picked":"Singing Bowl","floor":38},{"not_picked":["Pommel Strike+1"],"picked":"Singing Bowl","floor":41},{"not_picked":[],"picked":"Twin Strike+1","floor":42},{"not_picked":["Evolve"],"picked":"Singing Bowl","floor":45},{"not_picked":["Sword Boomerang+1"],"picked":"Singing Bowl","floor":47},{"not_picked":["Bloodletting"],"picked":"Singing Bowl","floor":48}],"player_experience":419116,"relics_obtained":[{"floor":9,"key":"Boot"},{"floor":13,"key":"Shuriken"},{"floor":24,"key":"Singing Bowl"},{"floor":26,"key":"Art of War"},{"floor":29,"key":"Whetstone"},{"floor":30,"key":"Molten Egg 2"},{"floor":41,"key":"Orichalcum"},{"floor":42,"key":"Ice Cream"},{"floor":43,"key":"Regal Pillow"},{"floor":48,"key":"Pantograph"}],"event_choices":[{"event_name":"Liars Game","player_choice":"agreed","floor":2,"damage_taken":0},{"event_name":"Big Fish","player_choice":"Donut","floor":7,"damage_taken":0},{"event_name":"The Lab","player_choice":"Got Potions","floor":8,"damage_taken":0},{"event_name":"Forgotten Altar","player_choice":"Shed Blood","floor":20,"damage_taken":0},{"event_name":"Addict","player_choice":"Obtained Relic","floor":21,"damage_taken":0},{"event_name":"SensoryStone","player_choice":"Memory 2","floor":36,"damage_taken":0},{"event_name":"MindBloom","player_choice":"Fight","floor":42,"damage_taken":0}],"is_beta":false,"boss_relics":[{"not_picked":["Runic Cube","Eternal Feather"],"picked":"Busted Crown"},{"not_picked":["Velvet Choker","Snecko Eye"],"picked":"Fusion Hammer"}],"items_purged_floors":[22],"is_endless":false,"potions_floor_spawned":[3,4,11,14,18,28,31,38,41,45,48],"ascension_level":3}