{"gold_per_floor":[116,116,41,61,72,72,72,72,72,72,91,105,164,184,184,280,280,294,279,28,40,40,57,86,86,110,110,141,159,159,170,170,272,572,585,600,89,107,107,107,126,126,151,0,0,16,16,32,32,32],"floor_reached":51,"playtime":5731,"items_purged":["Strike_G","Strike_G","Decay"],"score":794,"play_id":"fc07424a-509b-49da-85b0-6bd36da1464f","local_time":"20180820092104","is_ascension_mode":true,"campfire_choices":[{"data":"A Thousand Cuts","floor":6,"key":"SMITH"},{"data":"Backflip","floor":10,"key":"SMITH"},{"data":"Slice","floor":15,"key":"SMITH"},{"floor":25,"key":"REST"},{"floor":27,"key":"REST"},{"data":"Malaise","floor":30,"key":"SMITH"},{"data":"Leg Sweep","floor":32,"key":"SMITH"},{"data":"Backflip","floor":40,"key":"SMITH"},{"data":"Leg Sweep","floor":42,"key":"SMITH"},{"data":"Dagger Spray","floor":45,"key":"SMITH"},{"data":"Neutralize","floor":47,"key":"SMITH"},{"floor":49,"key":"REST"}],"neow_cost":"CURSE","seed_source_timestamp":0,"circlet_count":0,"master_deck":["Defend_G","Defend_G","Defend_G","Defend_G","Defend_G+1","Strike_G","Strike_G+1","Strike_G+1","Survivor+1","Neutralize+1","A Thousand Cuts+1","Poisoned Stab","Slice+1","Backflip+1","Deflect","Dagger Spray+1","Leg Sweep+1","Malaise+1","Sucker Punch+1","Deflect","Backflip+1","Dagger Throw","Leg Sweep+1","Cloak And Dagger","Poisoned Stab+1","Envenom+1","Parasite","Shame","Acrobatics+1","Poisoned Stab+1","Slice+1","Sucker Punch+1","Blur+1"],"special_seed":0,"relics":["Ring of the Serpent","Torii","Paper Crane","Tiny Chest","Orichalcum","Whetstone","Bottled Flame","Bronze Scales","Frozen Egg 2","Calling Bell","Regal Pillow","Mercury Hourglass","Old Coin","Shuriken","Oddly Smooth Stone","Thread and Needle","War Paint","Red Mask"],"potions_floor_usage":[12,24,33,35,36,50,50,50],"damage_taken":[{"damage":0.0,"enemies":"Small Slimes","floor":1.0,"turns":3.0},{"damage":2,"enemies":"Cultist","floor":4,"turns":4},{"damage":0,"enemies":"Jaw Worm","floor":5,"turns":3},{"damage":1,"enemies":"2 Fungi Beasts","floor":11,"turns":3},{"damage":1,"enemies":"Large Slime","floor":12,"turns":5},{"damage":24,"enemies":"Gremlin Nob","floor":13,"turns":5},{"damage":0,"enemies":"Looter","floor":14,"turns":4},{"damage":2,"enemies":"Slime Boss","floor":16,"turns":9},{"damage":0,"enemies":"3 Byrds","floor":18,"turns":4},{"damage":3,"enemies":"2 Thieves","floor":19,"turns":4},{"damage":1,"enemies":"Snecko","floor":21,"turns":6},{"damage":16,"enemies":"Centurion and Healer","floor":23,"turns":6},{"damage":27,"enemies":"Slavers","floor":24,"turns":6},{"damage":2,"enemies":"Gremlin Leader","floor":28,"turns":7},{"damage":2,"enemies":"Snake Plant","floor":29,"turns":5},{"damage":1,"enemies":"Cultist and Chosen","floor":31,"turns":6},{"damage":28,"enemies":"Champ","floor":33,"turns":19},{"damage":1,"enemies":"Orb Walker","floor":35,"turns":5},{"damage":4,"enemies":"3 Darklings","floor":36,"turns":6},{"damage":17,"enemies":"4 Shapes","floor":38,"turns":6},{"damage":0,"floor":39,"turns":6},{"damage":0,"enemies":"Sphere and 2 Shapes","floor":41,"turns":6},{"damage":0,"enemies":"Flame Bruiser 2 Orb","floor":46,"turns":6},{"damage":9,"enemies":"Spire Growth","floor":48,"turns":9},{"damage":29,"enemies":"Time Eater","floor":50,"turns":17}],"seed_played":"-7800053896998972405","potions_obtained":[{"floor":1.0,"key":"FearPotion"},{"floor":5,"key":"Weak Potion"},{"floor":12,"key":"SpeedPotion"},{"floor":14,"key":"Block Potion"},{"floor":31,"key":"SkillPotion"},{"floor":33,"key":"SkillPotion"},{"floor":36,"key":"Poison Potion"},{"floor":39,"key":"Explosive Potion"},{"floor":41,"key":"Poison Potion"}],"is_trial":false,"path_per_floor":["M","?","$","M","M","R","?","?","T","R","M","M","E","M","R","B",null,"M","M","$","M","T","M","E","R","T","R","E","M","R","M","R","B",null,"M","M","$","M","?","R","M","R","T","?","R","M","R","M","R","B"],"character_chosen":"THE_SILENT","items_purchased":["Orichalcum","Shuriken","Oddly Smooth Stone"],"campfire_rested":3,"item_purchase_floors":[20,37,37],"current_hp_per_floor":[70,63,63,61,61,61,54,59,59,59,58,57,33,33,33,31,75,75,72,72,71,71,55,28,50,50,72,70,68,68,67,67,39,75,74,70,70,53,53,53,53,53,53,53,53,53,53,44,75,46],"gold":32,"neow_bonus":"THREE_RARE_CARDS","is_prod":false,"is_daily":false,"chose_seed":false,"campfire_upgraded":9,"win_rate":0,"timestamp":1534774864,"path_taken":["M","?","$","?","M","R","?","?","T","R","M","M","E","M","R","BOSS","M","M","$","M","?","M","E","R","T","R","E","M","R","?","R","BOSS","M","M","$","M","?","R","?","R","T","?","R","M","R","M","R","BOSS"],"build_version":"2018-08-16","purchased_purges":3,"victory":true,"max_hp_per_floor":[70,70,70,70,70,70,70,75,75,75,75,75,75,75,75,75,75,75,75,75,75,75,75,75,75,75,75,75,75,75,75,75,75,75,75,75,75,75,75,75,75,75,75,75,75,75,75,75,75,75],"card_choices":[{"not_picked":["Adrenaline","Malaise"],"picked":"A Thousand Cuts","floor":0.0},{"not_picked":["Accuracy","Flechettes"],"picked":"Poisoned Stab","floor":1.0},{"not_picked":["Quick Slash","Masterful Stab"],"picked":"Slice","floor":4},{"not_picked":["Prepared","Bouncing Flask"],"picked":"Backflip","floor":5},{"not_picked":["Dagger Throw","Flying Knee"],"picked":"Deflect","floor":11},{"not_picked":["Skewer","Distraction"],"picked":"Dagger Spray","floor":12},{"not_picked":["Deadly Poison","PiercingWail","Setup"],"picked":"SKIP","floor":13},{"not_picked":["Escape Plan","Dagger Throw"],"picked":"Leg Sweep","floor":14},{"not_picked":["Doppelganger","Venomology"],"picked":"Malaise","floor":16},{"not_picked":["Riddle With Holes","Dagger Spray+1"],"picked":"Sucker Punch+1","floor":18},{"not_picked":["Riddle With Holes","PiercingWail"],"picked":"Deflect","floor":19},{"not_picked":["Finisher","Skewer"],"picked":"Backflip","floor":21},{"not_picked":["Dodge and Roll","Distraction"],"picked":"Dagger Throw","floor":23},{"not_picked":["Underhanded Strike","Footwork+1","Night Terror"],"picked":"SKIP","floor":24},{"not_picked":["Accuracy","Heel Hook"],"picked":"Leg Sweep","floor":28},{"not_picked":["Bane+1","Blade Dance"],"picked":"Cloak And Dagger","floor":29},{"not_picked":["Blade Dance+1","Glass Knife"],"picked":"Poisoned Stab+1","floor":31},{"not_picked":["Phantasmal Killer","Die Die Die"],"picked":"Envenom+1","floor":33},{"not_picked":["Slice","Cloak And Dagger"],"picked":"Acrobatics+1","floor":35},{"not_picked":["Blade Dance","Prepared"],"picked":"Poisoned Stab+1","floor":36},{"not_picked":["Eviscerate+1","Leg Sweep","Underhanded Strike+1"],"picked":"SKIP","floor":38},{"not_picked":["Accuracy+1","Dagger Throw+1"],"picked":"Slice+1","floor":39},{"not_picked":["Underhanded Strike+1","Bane"],"picked":"Sucker Punch+1","floor":41},{"not_picked":["Sucker Punch+1","Outmaneuver+1"],"picked":"Blur+1","floor":46},{"not_picked":["Underhanded Strike+1","PiercingWail","Skewer"],"picked":"SKIP","floor":48}],"player_experience":520834,"relics_obtained":[{"floor":9,"key":"Paper Crane"},{"floor":13,"key":"Tiny Chest"},{"floor":22,"key":"Whetstone"},{"floor":24,"key":"Bottled Flame"},{"floor":26,"key":"Bronze Scales"},{"floor":28,"key":"Frozen Egg 2"},{"floor":34,"key":"Regal Pillow"},{"floor":34,"key":"Mercury Hourglass"},{"floor":34,"key":"Old Coin"},{"floor":39,"key":"Thread and Needle"},{"floor":43,"key":"War Paint"}],"event_choices":[{"event_name":"Golden Wing","player_choice":"Card Removal","floor":2.0,"damage_taken":0.0},{"event_name":"Scrap Ooze","player_choice":"success","floor":7,"damage_taken":7},{"event_name":"Big Fish","player_choice":"Donut","floor":8,"damage_taken":0},{"event_name":"MindBloom","player_choice":"Fight","floor":39,"damage_taken":0},{"event_name":"Tomb of Lord Red Mask","player_choice":"Paid","floor":44,"damage_taken":0}],"is_beta":false,"boss_relics":[{"not_picked":["Astrolabe","Velvet Choker"],"picked":"Ring of the Serpent"},{"not_picked":["Coffee Dripper","Runic Pyramid"],"picked":"Calling Bell"}],"items_purged_floors":[3,20,37],"is_endless":false,"potions_floor_spawned":[1,5,12,14,19,21,31,33,36,39,41],"ascension_level":4}