{"gold_per_floor":[117,117,117,130,150,150,180,180,257,268,298,311,326,358,358,458,458,469,469,4,4,4,20,52,52,52,63,75,88,8,21,21,120,120,132,148,148,159,33,33,48,58,58,58],"floor_reached":44,"playtime":11348,"items_purged":["Strike_R","Strike_R"],"score":522,"play_id":"83e0ae4e-d93b-4437-ab63-3c8dc9de63d5","local_time":"20180910135322","is_ascension_mode":true,"campfire_choices":[{"data":"Iron Wave","floor":6,"key":"SMITH"},{"data":"Twin Strike","floor":8,"key":"SMITH"},{"data":"Pummel","floor":15,"key":"SMITH"},{"floor":25,"key":"REST"},{"floor":32,"key":"REST"},{"floor":40,"key":"REST"}],"neow_cost":"TEN_PERCENT_HP_LOSS","seed_source_timestamp":91369038706823,"circlet_count":0,"master_deck":["Strike_R","Strike_R","Defend_R","Defend_R","Defend_R","Bash+1","Thunderclap","Ghostly Armor","Iron Wave+1","Twin Strike+1","Pummel+1","Anger","Impervious","Flame Barrier+1","J.A.X.","RitualDagger+1","Shockwave","Iron Wave+1","Rampage+1","Heavy Blade+1","Ghostly Armor","Cleave+1"],"relics":["Burning Blood","Boot","Gremlin Horn","Ancient Tea Set","The Courier","Busted Crown","ClockworkSouvenir","Molten Egg 2","Letter Opener","Singing Bowl","Runic Cube","Orichalcum","Bottled Lightning"],"potions_floor_usage":[5,7,7,14,24,33,33,36,42],"damage_taken":[{"damage":7,"enemies":"Jaw Worm","floor":1,"turns":4},{"damage":6,"enemies":"Cultist","floor":4,"turns":3},{"damage":5,"enemies":"Small Slimes","floor":5,"turns":4},{"damage":4,"enemies":"Lagavulin","floor":7,"turns":9},{"damage":8,"enemies":"Blue Slaver","floor":10,"turns":4},{"damage":10,"enemies":"Gremlin Nob","floor":11,"turns":4},{"damage":1,"enemies":"Looter","floor":12,"turns":2},{"damage":3,"enemies":"2 Fungi Beasts","floor":13,"turns":3},{"damage":8,"enemies":"3 Sentries","floor":14,"turns":6},{"damage":65,"enemies":"The Guardian","floor":16,"turns":11},{"damage":9,"enemies":"Chosen","floor":18,"turns":4},{"damage":13,"enemies":"Spheric Guardian","floor":23,"turns":4},{"damage":37,"enemies":"Book of Stabbing","floor":24,"turns":6},{"damage":3,"enemies":"Centurion and Healer","floor":27,"turns":4},{"damage":3,"enemies":"Snecko","floor":28,"turns":4},{"damage":3,"enemies":"3 Cultists","floor":29,"turns":5},{"damage":8,"enemies":"Snake Plant","floor":31,"turns":4},{"damage":61,"enemies":"Automaton","floor":33,"turns":10},{"damage":34,"enemies":"3 Shapes","floor":35,"turns":5},{"damage":6,"enemies":"3 Darklings","floor":36,"turns":3},{"damage":47,"enemies":"Maw","floor":38,"turns":6},{"damage":19,"enemies":"Reptomancer","floor":41,"turns":6},{"damage":46,"enemies":"4 Shapes","floor":42,"turns":4},{"damage":18,"enemies":"Maw","floor":44,"turns":2}],"seed_played":"-7294382508528221114","potions_obtained":[{"floor":1,"key":"Ancient Potion"},{"floor":4,"key":"EssenceOfSteel"},{"floor":5,"key":"PowerPotion"},{"floor":12,"key":"EssenceOfSteel"},{"floor":24,"key":"Explosive Potion"},{"floor":27,"key":"FairyPotion"},{"floor":29,"key":"Dexterity Potion"},{"floor":35,"key":"LiquidBronze"},{"floor":41,"key":"Weak Potion"}],"is_trial":false,"path_per_floor":["M","?","?","M","M","R","E","R","T","M","E","M","M","E","R","B",null,"M","?","$","?","?","M","E","R","T","M","M","M","$","M","R","B",null,"M","M","?","M","$","R","M","M","T"],"character_chosen":"IRONCLAD","items_purchased":["ClockworkSouvenir","Molten Egg 2","Block Potion","Orichalcum"],"campfire_rested":3,"item_purchase_floors":[20,20,20,39],"current_hp_per_floor":[71,71,71,71,72,72,72,72,72,70,66,71,72,70,70,11,72,69,69,69,69,63,56,25,46,46,49,54,59,59,57,76,23,78,52,52,52,13,13,37,24,16,16,0],"gold":58,"neow_bonus":"REMOVE_TWO","is_prod":false,"is_daily":false,"chose_seed":false,"campfire_upgraded":3,"win_rate":0,"timestamp":1536612802,"path_taken":["M","?","?","M","M","R","E","R","T","M","E","M","M","E","R","BOSS","M","?","$","?","?","M","E","R","T","M","M","M","?","?","R","BOSS","M","M","?","?","?","R","M","M","T","M"],"build_version":"2018-09-06","purchased_purges":2,"victory":false,"max_hp_per_floor":[72,72,72,72,72,72,72,72,72,72,72,72,72,72,72,72,72,72,72,72,72,72,72,72,72,72,72,74,76,76,76,76,78,78,80,80,80,82,82,82,82,84,84,84],"card_choices":[{"not_picked":["Battle Trance","Body Slam"],"picked":"Thunderclap","floor":1},{"not_picked":["Perfected Strike","Armaments"],"picked":"Ghostly Armor","floor":4},{"not_picked":["Twin Strike","Carnage"],"picked":"Iron Wave","floor":5},{"not_picked":["Sword Boomerang","Thunderclap"],"picked":"Twin Strike","floor":7},{"not_picked":["Thunderclap","Burning Pact","Havoc"],"picked":"SKIP","floor":10},{"not_picked":["Dark Embrace","Headbutt"],"picked":"Pummel","floor":11},{"not_picked":["Clash","Reckless Charge","Body Slam"],"picked":"SKIP","floor":12},{"not_picked":["Headbutt","Body Slam","True Grit"],"picked":"SKIP","floor":13},{"not_picked":["Havoc","Bludgeon"],"picked":"Anger","floor":14},{"not_picked":["Double Tap","Offering"],"picked":"Impervious","floor":16},{"not_picked":[],"picked":"Flame Barrier+1","floor":18},{"not_picked":[],"picked":"Shockwave","floor":23},{"not_picked":["Limit Break"],"picked":"SKIP","floor":24},{"not_picked":[],"picked":"Iron Wave+1","floor":27},{"not_picked":["Spot Weakness"],"picked":"Singing Bowl","floor":28},{"not_picked":["Rage"],"picked":"Singing Bowl","floor":29},{"not_picked":[],"picked":"Rampage+1","floor":31},{"not_picked":["Barricade"],"picked":"Singing Bowl","floor":33},{"not_picked":["Sentinel"],"picked":"Singing Bowl","floor":35},{"not_picked":[],"picked":"Heavy Blade+1","floor":36},{"not_picked":["Perfected Strike+1"],"picked":"Singing Bowl","floor":38},{"not_picked":[],"picked":"Cleave+1","floor":41},{"not_picked":["Evolve"],"picked":"Singing Bowl","floor":42}],"player_experience":365511,"relics_obtained":[{"floor":7,"key":"Boot"},{"floor":9,"key":"Gremlin Horn"},{"floor":11,"key":"Ancient Tea Set"},{"floor":14,"key":"The Courier"},{"floor":24,"key":"Letter Opener"},{"floor":26,"key":"Singing Bowl"},{"floor":43,"key":"Bottled Lightning"}],"event_choices":[{"event_name":"Liars Game","player_choice":"disagreed","floor":2,"damage_taken":0},{"event_name":"Living Wall","player_choice":"Grow","floor":3,"damage_taken":0},{"event_name":"Ghosts","player_choice":"Ignored","floor":19,"damage_taken":0},{"event_name":"Drug Dealer","player_choice":"Got JAX","floor":21,"damage_taken":0},{"event_name":"Nest","player_choice":"Joined the Cult","floor":22,"damage_taken":0},{"event_name":"Duplicator","player_choice":"One dupe","floor":37,"damage_taken":0}],"is_beta":false,"boss_relics":[{"not_picked":["Ectoplasm","Snecko Eye"],"picked":"Busted Crown"},{"not_picked":["Orrery","Mark of Pain"],"picked":"Runic Cube"}],"items_purged_floors":[20,30],"is_endless":false,"potions_floor_spawned":[1,4,5,12,24,27,29,35,41],"killed_by":"Maw","ascension_level":3}