{"gold_per_floor":[119,134,134,7,7,7,25,25,25,25,52,71,71,105,105,206,206,221,236,236,236],"floor_reached":21,"playtime":1298,"items_purged":["Parasite"],"score":221,"play_id":"891d3163-9904-429e-b23c-bec498834d96","local_time":"20190703202301","is_ascension_mode":true,"campfire_choices":[{"floor":6,"key":"RECALL"},{"data":"Noxious Fumes","floor":8,"key":"SMITH"},{"data":"Dagger Spray","floor":10,"key":"SMITH"},{"data":"Noxious Fumes","floor":13,"key":"SMITH"},{"floor":15,"key":"REST"}],"neow_cost":"CURSE","seed_source_timestamp":1585406680266200,"circlet_count":0,"master_deck":["Strike_G","Strike_G","Strike_G","Strike_G","Strike_G","Defend_G","Defend_G","Defend_G","Defend_G","Defend_G","Survivor","Neutralize","Flying Knee","Dagger Spray+1","Noxious Fumes+1","Prepared","Noxious Fumes+1","Prepared","Envenom","All Out Attack","Backstab","Backstab","Crippling Poison","Catalyst+1","Bane"],"relics":["Ring of the Snake","Ice Cream","Smiling Mask","Question Card","Boot","Juzu Bracelet","Orrery"],"potions_floor_usage":[14,19,21,21],"damage_taken":[{"damage":1,"enemies":"Jaw Worm","floor":1,"turns":6},{"damage":1,"enemies":"2 Louse","floor":2,"turns":3},{"damage":1,"enemies":"Cultist","floor":7,"turns":3},{"damage":1,"enemies":"Exordium Wildlife","floor":12,"turns":4},{"damage":20,"enemies":"Lagavulin","floor":14,"turns":5},{"damage":36,"enemies":"Hexaghost","floor":16,"turns":9},{"damage":30,"enemies":"Shell Parasite","floor":18,"turns":5},{"damage":12,"enemies":"3 Byrds","floor":19,"turns":3},{"damage":15,"enemies":"Shelled Parasite and Fungi","floor":21,"turns":4}],"seed_played":"-8624452579883333874","potions_obtained":[{"floor":7,"key":"Poison Potion"},{"floor":14,"key":"Fire Potion"},{"floor":16,"key":"EssenceOfSteel"},{"floor":18,"key":"Dexterity Potion"},{"floor":19,"key":"SpeedPotion"}],"is_trial":false,"path_per_floor":["M","M","?","$","?","R","M","R","T","R","T","M","R","E","R","B",null,"M","M","?","M"],"character_chosen":"THE_SILENT","items_purchased":["Noxious Fumes"],"campfire_rested":1,"item_purchase_floors":[4],"current_hp_per_floor":[69,68,43,43,65,65,64,64,64,64,64,63,63,43,63,27,57,27,15,15,0],"gold":236,"neow_bonus":"ONE_RARE_RELIC","is_prod":false,"is_daily":false,"chose_seed":false,"campfire_upgraded":3,"win_rate":0,"timestamp":1562210581,"path_taken":["M","M","?","?","?","R","M","R","T","R","?","M","R","E","R","BOSS","M","M","?","M"],"build_version":"2019-07-01","purchased_purges":1,"victory":false,"max_hp_per_floor":[70,70,70,67,67,67,67,67,67,67,67,67,67,67,67,67,67,67,67,67,67],"card_choices":[{"not_picked":["Catalyst","Distraction"],"picked":"Flying Knee","floor":1},{"not_picked":["Flying Knee","Bane"],"picked":"Dagger Spray","floor":2},{"not_picked":["Underhanded Strike","Tactician"],"picked":"Prepared","floor":7},{"not_picked":["Endless Agony","Finisher","Expertise"],"picked":"Noxious Fumes","floor":12},{"not_picked":["Underhanded Strike","Quick Slash","Dagger Throw"],"picked":"Prepared","floor":14},{"not_picked":["Burst","Bullet Time","Venomology"],"picked":"Envenom","floor":16},{"not_picked":["Sucker Punch","Underhanded Strike","Concentrate"],"picked":"All Out Attack","floor":17},{"not_picked":["Quick Slash","Reflex","Skewer"],"picked":"Backstab","floor":17},{"not_picked":["Leg Sweep","Blade Dance","Dodge and Roll"],"picked":"Backstab","floor":17},{"not_picked":["Escape Plan","Deadly Poison","Dagger Spray"],"picked":"Crippling Poison","floor":17},{"not_picked":["PiercingWail+1","Acrobatics","Calculated Gamble"],"picked":"Catalyst+1","floor":18},{"not_picked":["Dodge and Roll","Masterful Stab","Caltrops"],"picked":"Bane","floor":19}],"player_experience":616930,"relics_obtained":[{"floor":9,"key":"Question Card"},{"floor":11,"key":"Boot"},{"floor":14,"key":"Juzu Bracelet"}],"event_choices":[{"damage_healed":0,"gold_gain":0,"player_choice":"Success","damage_taken":25,"relics_obtained":["Smiling Mask"],"max_hp_gain":0,"max_hp_loss":0,"event_name":"Scrap Ooze","floor":3,"gold_loss":0},{"damage_healed":22,"gold_gain":0,"player_choice":"Banana","damage_taken":0,"max_hp_gain":0,"max_hp_loss":0,"event_name":"Big Fish","floor":5,"gold_loss":0},{"damage_healed":0,"gold_gain":0,"player_choice":"Bought 0 Potions","damage_taken":0,"max_hp_gain":0,"max_hp_loss":0,"event_name":"The Woman in Blue","floor":20,"gold_loss":0}],"is_beta":false,"boss_relics":[{"not_picked":["Snecko Eye","Runic Pyramid"],"picked":"Orrery"}],"items_purged_floors":[4],"is_endless":false,"potions_floor_spawned":[7,14,16,18,19],"killed_by":"Shelled Parasite and Fungi","ascension_level":5}