{"gold_per_floor":[112,127,137,137,137,166,166,177,177,177,194,205,238,257,257,334,334,348,365,365,382,145,145,171,14,14,14,27,27,55,55,55,55],"floor_reached":33,"playtime":2354,"items_purged":[],"score":515,"play_id":"a0dbbf2b-6e2b-488d-a56c-081b6cb91b01","local_time":"20190326131931","is_ascension_mode":true,"campfire_choices":[{"data":"Dualcast","floor":7,"key":"SMITH"},{"data":"Blizzard","floor":10,"key":"SMITH"},{"floor":15,"key":"REST"},{"floor":23,"key":"REST"},{"data":"Multi-Cast","floor":27,"key":"SMITH"},{"data":"Doom and Gloom","floor":29,"key":"SMITH"},{"floor":32,"key":"REST"}],"neow_cost":"NONE","seed_source_timestamp":520411720027574,"circlet_count":0,"master_deck":["AscendersBane","Strike_B","Strike_B","Strike_B","Strike_B","Defend_B","Defend_B","Defend_B","Defend_B","Zap+1","Dualcast+1","Glacier","Ball Lightning","Blizzard+1","Steam Power","Chill","Chaos","Doom and Gloom+1","Coolheaded","Redo","Multi-Cast+1","Sunder+1","Glacier","Conserve Battery","Glacier","Cold Snap","Coolheaded","Skim"],"relics":["Cracked Core","Symbiotic Virus","Dead Branch","Torii","Sozu","DataDisk","Anchor","Regal Pillow","Blood Vial","Happy Flower"],"potions_floor_usage":[6,11,13,18],"damage_taken":[{"damage":1,"enemies":"2 Louse","floor":1,"turns":2},{"damage":5,"enemies":"Small Slimes","floor":2,"turns":4},{"damage":2,"enemies":"Jaw Worm","floor":3,"turns":3},{"damage":20,"enemies":"Gremlin Nob","floor":6,"turns":4},{"damage":6,"enemies":"Looter","floor":8,"turns":2},{"damage":0,"enemies":"2 Fungi Beasts","floor":11,"turns":2},{"damage":0,"enemies":"Large Slime","floor":12,"turns":3},{"damage":3,"enemies":"3 Sentries","floor":13,"turns":4},{"damage":4,"enemies":"Gremlin Gang","floor":14,"turns":3},{"damage":28,"enemies":"Hexaghost","floor":16,"turns":11},{"damage":0,"enemies":"3 Byrds","floor":18,"turns":3},{"damage":22,"enemies":"2 Thieves","floor":19,"turns":3},{"damage":11,"enemies":"3 Cultists","floor":21,"turns":4},{"damage":1,"enemies":"Slavers","floor":24,"turns":5},{"damage":1,"enemies":"Snake Plant","floor":28,"turns":3},{"damage":27,"enemies":"Gremlin Leader","floor":30,"turns":6},{"damage":78,"enemies":"Collector","floor":33,"turns":10}],"seed_played":"4250912713998062732","potions_obtained":[{"floor":1,"key":"SteroidPotion"},{"floor":3,"key":"EssenceOfSteel"},{"floor":6,"key":"Explosive Potion"},{"floor":16,"key":"Dexterity Potion"}],"is_trial":false,"path_per_floor":["M","M","M","?","?","E","R","M","T","R","M","M","E","M","R","B",null,"M","M","?","M","$","R","E","$","T","R","M","R","E","?","R","B"],"character_chosen":"DEFECT","items_purchased":["DataDisk","Glacier","Regal Pillow"],"campfire_rested":3,"item_purchase_floors":[22,22,25],"current_hp_per_floor":[74,69,67,67,72,52,52,46,46,46,46,46,43,39,65,37,75,75,53,53,42,42,68,67,67,67,67,68,68,43,26,68,0],"gold":55,"neow_bonus":"TEN_PERCENT_HP_BONUS","is_prod":false,"is_daily":false,"chose_seed":false,"campfire_upgraded":4,"win_rate":0,"timestamp":1553624371,"path_taken":["M","M","M","?","?","E","R","M","T","R","M","M","E","M","R","BOSS","M","M","?","M","$","R","E","$","T","R","M","R","E","?","R","BOSS"],"build_version":"2019-01-23","purchased_purges":0,"victory":false,"max_hp_per_floor":[82,82,82,82,87,87,87,87,87,87,87,87,87,87,87,87,87,87,87,87,87,87,87,87,87,87,87,87,87,87,92,92,92],"card_choices":[{"not_picked":["Turbo","Tempest"],"picked":"Glacier","floor":1},{"not_picked":["Consume","Conserve Battery"],"picked":"Ball Lightning","floor":2},{"not_picked":["Redo","Consume"],"picked":"Blizzard","floor":3},{"not_picked":["White Noise","FTL"],"picked":"Steam Power","floor":6},{"not_picked":["Scrape","Conserve Battery"],"picked":"Chill","floor":8},{"not_picked":["Steam Power","Scrape"],"picked":"Chaos","floor":11},{"not_picked":["Ball Lightning","Streamline"],"picked":"Doom and Gloom","floor":12},{"not_picked":["Meteor Strike","Reinforced Body"],"picked":"Coolheaded","floor":13},{"not_picked":["Conserve Battery","Skim"],"picked":"Redo","floor":14},{"not_picked":["Thunder Strike","Machine Learning"],"picked":"Multi-Cast","floor":16},{"not_picked":["Leap","Streamline"],"picked":"Sunder+1","floor":18},{"not_picked":["Hologram","Ball Lightning"],"picked":"Glacier","floor":19},{"not_picked":["Stack","Rebound"],"picked":"Conserve Battery","floor":21},{"not_picked":["Hello World","Reprogram+1"],"picked":"Cold Snap","floor":24},{"not_picked":["Aggregate","Heatsinks"],"picked":"Coolheaded","floor":28},{"not_picked":["Streamline","Gash"],"picked":"Skim","floor":30}],"player_experience":1279238,"relics_obtained":[{"floor":6,"key":"Symbiotic Virus"},{"floor":9,"key":"Dead Branch"},{"floor":13,"key":"Torii"},{"floor":24,"key":"Anchor"},{"floor":26,"key":"Blood Vial"},{"floor":30,"key":"Happy Flower"}],"event_choices":[{"damage_healed":0,"gold_gain":0,"player_choice":"Grow","damage_taken":0,"max_hp_gain":0,"max_hp_loss":0,"event_name":"Living Wall","floor":4,"gold_loss":0,"cards_upgraded":["Zap"]},{"damage_healed":0,"gold_gain":0,"player_choice":"Donut","damage_taken":0,"max_hp_gain":5,"max_hp_loss":0,"event_name":"Big Fish","floor":5,"gold_loss":0},{"damage_healed":0,"gold_gain":0,"player_choice":"Ignored","damage_taken":0,"max_hp_gain":0,"max_hp_loss":0,"event_name":"Ghosts","floor":20,"gold_loss":0},{"damage_healed":0,"gold_gain":0,"player_choice":"Shed Blood","damage_taken":22,"max_hp_gain":5,"max_hp_loss":0,"event_name":"Forgotten Altar","floor":31,"gold_loss":0}],"is_beta":false,"boss_relics":[{"not_picked":["Snecko Eye","Velvet Choker"],"picked":"Sozu"}],"items_purged_floors":[],"is_endless":false,"potions_floor_spawned":[1,3,6,16,18,21,30],"killed_by":"Collector","ascension_level":13}