{"gold_per_floor":[115,134,14,29,44,44,57,71,120,120,20,33,44,60,60,160,160,179,179,5,5,5,5,22,56,56,56,56],"floor_reached":28,"playtime":2106,"items_purged":["Normality","Normality","Doubt"],"score":290,"play_id":"9b26d155-0d0f-4406-afa8-639386f97c51","local_time":"20190701173338","is_ascension_mode":true,"campfire_choices":[{"floor":6,"key":"REST"},{"floor":15,"key":"REST"},{"floor":23,"key":"REST"},{"floor":27,"key":"REST"}],"neow_cost":"NONE","seed_source_timestamp":1401620688587500,"circlet_count":0,"master_deck":["Strike_G","Strike_G","Strike_G","Strike_G","Defend_G","Defend_G","Defend_G","Defend_G","Survivor","Neutralize","Slice","Noxious Fumes","Slice","Poisoned Stab","Catalyst","Leg Sweep","Swift Strike","Poisoned Stab","Bullet Time","Bane","Crippling Poison","Prepared","Burst","Doppelganger","RitualDagger","Deadly Poison","Catalyst"],"relics":["Calling Bell","Lantern","Paper Crane","FossilizedHelix","Happy Flower","Lizard Tail","Oddly Smooth Stone","Mercury Hourglass"],"potions_floor_usage":[8,14,18,25],"damage_taken":[{"damage":17,"enemies":"Cultist","floor":1,"turns":6},{"damage":11,"enemies":"Jaw Worm","floor":2,"turns":6},{"damage":2,"enemies":"2 Louse","floor":4,"turns":3},{"damage":11,"enemies":"Exordium Thugs","floor":5,"turns":5},{"damage":11,"enemies":"Looter","floor":7,"turns":4},{"damage":3,"enemies":"Large Slime","floor":8,"turns":6},{"damage":0,"enemies":"Blue Slaver","floor":12,"turns":4},{"damage":13,"enemies":"Exordium Thugs","floor":13,"turns":6},{"damage":3,"enemies":"Gremlin Gang","floor":14,"turns":4},{"damage":21,"enemies":"The Guardian","floor":16,"turns":9},{"damage":7,"enemies":"Shell Parasite","floor":18,"turns":6},{"damage":24,"enemies":"Chosen","floor":24,"turns":5},{"damage":50,"enemies":"Gremlin Leader","floor":25,"turns":6},{"damage":49,"enemies":"Book of Stabbing","floor":28,"turns":5}],"seed_played":"5592520479038334009","potions_obtained":[{"floor":1,"key":"GhostInAJar"},{"floor":2,"key":"LiquidBronze"},{"floor":16,"key":"LiquidBronze"},{"floor":24,"key":"FearPotion"}],"is_trial":false,"path_per_floor":["M","M","$","M","M","R","M","M","T","?","$","M","M","M","R","B",null,"M","?","$","?","?","R","M","E","T","R","E"],"character_chosen":"THE_SILENT","items_purchased":["Slice","Prepared"],"campfire_rested":4,"item_purchase_floors":[3,20],"current_hp_per_floor":[53,42,42,40,29,50,39,36,36,36,36,36,23,20,41,20,58,51,51,51,51,45,66,42,27,27,48,0],"gold":56,"neow_bonus":"BOSS_RELIC","is_prod":false,"is_daily":false,"chose_seed":false,"campfire_upgraded":0,"win_rate":0,"timestamp":1562027618,"path_taken":["M","M","$","M","M","R","?","?","T","?","?","M","M","M","R","BOSS","M","?","?","?","?","R","?","E","T","R","E"],"build_version":"2019-07-01","purchased_purges":3,"victory":false,"max_hp_per_floor":[70,70,70,70,70,70,70,70,70,70,70,70,70,70,70,70,70,70,70,70,70,70,70,70,70,70,70,70],"card_choices":[{"not_picked":["Sucker Punch","Deflect"],"picked":"Slice","floor":1},{"not_picked":["PiercingWail","Blade Dance"],"picked":"Noxious Fumes","floor":2},{"not_picked":["PiercingWail","Terror"],"picked":"Poisoned Stab","floor":4},{"not_picked":["Deflect","Venomology"],"picked":"Catalyst","floor":5},{"not_picked":["Eviscerate","Sucker Punch","Underhanded Strike"],"picked":"SKIP","floor":7},{"not_picked":["Caltrops","Finisher"],"picked":"Leg Sweep","floor":8},{"not_picked":["Predator","Blade Dance","Deflect"],"picked":"SKIP","floor":12},{"not_picked":["Tactician","Blade Dance","Predator"],"picked":"SKIP","floor":13},{"not_picked":["Infinite Blades","Blade Dance","Dodge and Roll"],"picked":"SKIP","floor":14},{"not_picked":["Glass Knife","Storm of Steel"],"picked":"Bullet Time","floor":16},{"not_picked":["Tactician+1","Terror"],"picked":"Bane","floor":18},{"not_picked":["Flying Knee","Sucker Punch"],"picked":"Deadly Poison","floor":24},{"not_picked":["Slice","Accuracy"],"picked":"Catalyst","floor":25}],"player_experience":592363,"relics_obtained":[{"floor":0,"key":"Lantern"},{"floor":0,"key":"Paper Crane"},{"floor":0,"key":"FossilizedHelix"},{"floor":9,"key":"Happy Flower"},{"floor":25,"key":"Oddly Smooth Stone"},{"floor":26,"key":"Mercury Hourglass"}],"event_choices":[{"damage_healed":0,"gold_gain":0,"player_choice":"2 cards matched","damage_taken":0,"max_hp_gain":0,"max_hp_loss":0,"event_name":"Match and Keep!","floor":10,"gold_loss":0,"cards_obtained":["Swift Strike","Poisoned Stab"]},{"damage_healed":0,"gold_gain":0,"player_choice":"Read","damage_taken":0,"max_hp_gain":0,"max_hp_loss":0,"event_name":"The Library","floor":19,"gold_loss":0,"cards_obtained":["Crippling Poison"]},{"damage_healed":0,"gold_gain":0,"cards_transformed":["Strike_G","Defend_G"],"player_choice":"Became Test Subject","damage_taken":0,"max_hp_gain":0,"max_hp_loss":0,"event_name":"Drug Dealer","floor":21,"gold_loss":0,"cards_obtained":["Burst","Doppelganger"]},{"damage_healed":0,"gold_gain":0,"player_choice":"Joined the Cult","damage_taken":6,"max_hp_gain":0,"max_hp_loss":0,"event_name":"Nest","floor":22,"gold_loss":0,"cards_obtained":["RitualDagger"]}],"is_beta":false,"boss_relics":[{"not_picked":["Runic Pyramid","Eternal Feather"],"picked":"Lizard Tail"}],"items_purged_floors":[3,11,20],"is_endless":false,"potions_floor_spawned":[1,2,16,24],"killed_by":"Book of Stabbing","ascension_level":5}