{"gold_per_floor":[113,123,123,177,193,193,205,205,205,224,79,79,108,121,121,219,219,230,241,63,63,63],"floor_reached":22,"playtime":1173,"items_purged":["Writhe"],"score":242,"play_id":"36589547-9f8c-4038-85c5-5dff3afa9a1b","local_time":"20181105175916","is_ascension_mode":true,"campfire_choices":[{"data":"Streamline","floor":6.0,"key":"SMITH"},{"data":"Zap","floor":8.0,"key":"SMITH"},{"data":"Dualcast","floor":12,"key":"SMITH"},{"data":"Turbo","floor":15,"key":"SMITH"}],"neow_cost":"NONE","seed_source_timestamp":0,"circlet_count":0,"master_deck":["Strike_B","Strike_B","Strike_B","Strike_B","Defend_B+1","Defend_B","Defend_B","Defend_B","Zap+1","Dualcast+1","Turbo+1","Streamline","Streamline+1","Conserve Battery+1","Ball Lightning","Electrodynamics","Skim","Thunder Strike","Injury","Clumsy","Sweeping Beam","Rebound+1","Gash","FTL"],"special_seed":0,"relics":["Cracked Core","Tiny Chest","Potion Belt","DataDisk","War Paint","Calling Bell","PreservedInsect","Dodecahedron","Ice Cream"],"potions_floor_usage":[13,16],"damage_taken":[{"damage":0.0,"enemies":"Cultist","floor":1.0,"turns":3.0},{"damage":0.0,"enemies":"Jaw Worm","floor":2.0,"turns":3.0},{"damage":0.0,"enemies":"Small Slimes","floor":5.0,"turns":3.0},{"damage":11.0,"enemies":"Exordium Thugs","floor":7.0,"turns":5.0},{"damage":0,"enemies":"3 Louse","floor":10,"turns":2},{"damage":11,"enemies":"Gremlin Nob","floor":13,"turns":4},{"damage":0,"enemies":"Lots of Slimes","floor":14,"turns":1},{"damage":23,"enemies":"The Guardian","floor":16,"turns":7},{"damage":19,"enemies":"Chosen","floor":18,"turns":4},{"damage":17,"enemies":"Shell Parasite","floor":19,"turns":5},{"damage":18,"enemies":"Shelled Parasite and Fungi","floor":22,"turns":3}],"seed_played":"-7122024610629005636","potions_obtained":[{"floor":2.0,"key":"SpeedPotion"},{"floor":7.0,"key":"LiquidBronze"},{"floor":10,"key":"LiquidBronze"},{"floor":19,"key":"SneckoOil"}],"is_trial":false,"path_per_floor":["M","M","$","T","M","R","M","R","T","M","$","R","E","M","R","B",null,"M","M","$","?","M"],"character_chosen":"DEFECT","items_purchased":["DataDisk","Gash","FTL"],"campfire_rested":0,"item_purchase_floors":[11,20,20],"current_hp_per_floor":[75,75,75,75,75,75,64,64,64,64,64,64,53,53,53,30,69,50,33,33,33,15],"gold":63,"neow_bonus":"TEN_PERCENT_HP_BONUS","is_prod":false,"is_daily":false,"chose_seed":false,"campfire_upgraded":4,"win_rate":0,"timestamp":1541462356,"path_taken":["M","M","?","?","M","R","M","R","T","?","$","R","E","M","R","BOSS","M","M","$","?","M"],"build_version":"2018-11-01","purchased_purges":1,"victory":false,"max_hp_per_floor":[82,82,82,82,82,82,82,82,82,82,82,82,82,82,82,82,82,82,82,82,82,82],"card_choices":[{"not_picked":["Hologram","Coolheaded"],"picked":"Turbo","floor":1.0},{"not_picked":["Compile Driver","Thunder Strike"],"picked":"Streamline","floor":2.0},{"not_picked":["Scrape","Double Energy"],"picked":"Streamline","floor":5.0},{"not_picked":["Rebound","Turbo"],"picked":"Conserve Battery","floor":7.0},{"not_picked":["Streamline","Redo"],"picked":"Ball Lightning","floor":10},{"not_picked":["Conserve Battery","Sweeping Beam"],"picked":"Electrodynamics","floor":13},{"not_picked":["Hologram","Beam Cell"],"picked":"Skim","floor":14},{"not_picked":["Seek","Electrodynamics"],"picked":"Thunder Strike","floor":16},{"not_picked":["Redo","Force Field"],"picked":"Sweeping Beam","floor":18},{"not_picked":["Scrape+1","Sunder"],"picked":"Rebound+1","floor":19}],"player_experience":934083,"relics_obtained":[{"floor":4.0,"key":"Tiny Chest"},{"floor":9.0,"key":"Potion Belt"},{"floor":13,"key":"War Paint"},{"floor":17,"key":"PreservedInsect"},{"floor":17,"key":"Dodecahedron"},{"floor":17,"key":"Ice Cream"}],"event_choices":[{"damage_healed":0,"gold_gain":0,"player_choice":"Ignored","damage_taken":0,"max_hp_gain":0,"max_hp_loss":0,"event_name":"Beggar","floor":21,"gold_loss":0}],"is_beta":false,"boss_relics":[{"not_picked":["Runic Dome","Pandora\u0027s Box"],"picked":"Calling Bell"}],"items_purged_floors":[20],"is_endless":false,"potions_floor_spawned":[2,7,10,19],"killed_by":"Shelled Parasite and Fungi","ascension_level":6}