{"gold_per_floor":[212,226,226,0,0,18,18,43,43,53,53,82,82,109,109,212,212,230,55,75,75,125,151,151,26,26,26,40,40,104,121,121,216,216,235,335,390,405,405,405,62,62,62,78,78,98,111,111,111,111],"floor_reached":50,"playtime":4840,"items_purged":["Strike_G","Strike_G","Strike_G+1","Defend_G+1"],"score":521,"play_id":"cc1518d4-7614-4055-a2b0-37e29f88e410","local_time":"20180715185920","is_ascension_mode":false,"campfire_choices":[{"data":"Deadly Poison","floor":7,"key":"SMITH"},{"data":"Neutralize","floor":11,"key":"SMITH"},{"floor":13,"key":"REST"},{"data":"All Out Attack","floor":15,"key":"SMITH"},{"data":"Caltrops","floor":24,"key":"SMITH"},{"floor":27,"key":"REST"},{"data":"After Image","floor":32,"key":"SMITH"},{"floor":40,"key":"REST"},{"floor":42,"key":"REST"},{"floor":49,"key":"REST"}],"neow_cost":"NONE","seed_source_timestamp":29925431979458,"circlet_count":0,"master_deck":["Defend_G+1","Defend_G+1","Defend_G+1","Defend_G+1","Strike_G+1","Strike_G+1","Survivor","Neutralize+1","Infinite Blades+1","Dash","Deadly Poison+1","Flying Knee","Quick Slash","Acrobatics","All Out Attack+1","Doppelganger","Dagger Spray+1","Caltrops+1","Choke","Eviscerate+1","Crippling Poison+1","After Image+1","Backflip","Wraith Form v2","Deadly Poison+1","Dodge and Roll+1","Prepared","Parasite","Quick Slash+1","Dash+1","Dagger Spray+1","Doubt"],"relics":["Ring of the Serpent","Mango","Kunai","Ornamental Fan","Bag of Marbles","Cursed Key","Pantograph","Nloth\u0027s Gift","Tiny Chest","The Specimen","TwistedFunnel","Bottled Tornado","Darkstone Periapt"],"potions_floor_usage":[12,14,16,23,33,33,37,46,50],"damage_taken":[{"damage":0,"enemies":"Jaw Worm","floor":1,"turns":5},{"damage":2,"enemies":"Small Slimes","floor":2,"turns":4},{"damage":0,"enemies":"Cultist","floor":6,"turns":4},{"damage":10,"enemies":"Lagavulin","floor":8,"turns":6},{"damage":4,"enemies":"Blue Slaver","floor":10,"turns":3},{"damage":8,"enemies":"Gremlin Nob","floor":12,"turns":4},{"damage":2,"enemies":"3 Sentries","floor":14,"turns":9},{"damage":16,"enemies":"Hexaghost","floor":16,"turns":9},{"damage":0,"enemies":"Chosen","floor":18,"turns":4},{"damage":5,"enemies":"2 Thieves","floor":20,"turns":4},{"damage":21,"enemies":"Slavers","floor":23,"turns":6},{"damage":0,"enemies":"3 Cultists","floor":28,"turns":4},{"damage":2,"enemies":"Book of Stabbing","floor":30,"turns":5},{"damage":4,"enemies":"Snake Plant","floor":31,"turns":3},{"damage":14,"enemies":"Collector","floor":33,"turns":8},{"damage":21,"enemies":"3 Darklings","floor":35,"turns":4},{"damage":56,"floor":37,"turns":6},{"damage":0,"enemies":"Orb Walker","floor":38,"turns":5},{"damage":37,"enemies":"Spire Growth","floor":44,"turns":5},{"damage":4,"enemies":"Flame Bruiser 2 Orb","floor":46,"turns":4},{"damage":0,"enemies":"Maw","floor":47,"turns":7},{"damage":97,"enemies":"Time Eater","floor":50,"turns":14}],"seed_played":"-8516963884441010481","potions_obtained":[{"floor":6,"key":"Fire Potion"},{"floor":8,"key":"LiquidBronze"},{"floor":12,"key":"EssenceOfSteel"},{"floor":14,"key":"SpeedPotion"},{"floor":23,"key":"Regen Potion"},{"floor":30,"key":"Poison Potion"},{"floor":33,"key":"Strength Potion"},{"floor":37,"key":"GamblersBrew"},{"floor":38,"key":"Ancient Potion"}],"is_trial":false,"path_per_floor":["M","M","?","$","?","M","R","E","T","M","R","E","R","E","R","B",null,"M","$","M","?","?","E","R","$","T","R","M","?","E","M","R","B",null,"M","?","?","M","?","R","$","R","T","M","$","M","M","T","R"],"character_chosen":"THE_SILENT","items_purchased":["Strawberry","Caltrops","TwistedFunnel"],"campfire_rested":5,"item_purchase_floors":[4,19,41],"current_hp_per_floor":[70,68,73,80,80,80,80,84,84,80,80,72,96,94,94,78,96,96,96,91,91,91,70,70,70,70,96,96,96,94,90,90,96,96,75,75,19,19,19,47,47,75,75,38,38,34,34,34,62,0],"gold":111,"neow_bonus":"HUNDRED_GOLD","is_prod":false,"is_daily":false,"chose_seed":false,"campfire_upgraded":5,"win_rate":0.0,"timestamp":1531706360,"path_taken":["M","M","?","$","?","M","R","E","T","M","R","E","R","E","R","BOSS","M","$","M","?","?","E","R","$","T","R","M","?","E","M","R","BOSS","M","?","?","?","?","R","$","R","T","M","$","M","M","?","R","BOSS"],"build_version":"2018-07-12","purchased_purges":4,"victory":false,"max_hp_per_floor":[70,70,75,82,82,82,82,96,96,96,96,96,96,96,96,96,96,96,96,96,96,96,96,96,96,96,96,96,96,96,96,96,96,96,96,96,96,96,96,96,96,96,96,96,96,96,96,96,96,96],"card_choices":[{"not_picked":["Poisoned Stab","Predator"],"picked":"Infinite Blades","floor":1},{"not_picked":["Infinite Blades","Leg Sweep"],"picked":"Dash","floor":2},{"not_picked":["Poisoned Stab","Reflex"],"picked":"Deadly Poison","floor":6},{"not_picked":["Deflect","Tactician"],"picked":"Flying Knee","floor":8},{"not_picked":["Outmaneuver","Flying Knee"],"picked":"Quick Slash","floor":10},{"not_picked":["Blur","Bane"],"picked":"Acrobatics","floor":12},{"not_picked":["Malaise","Noxious Fumes"],"picked":"All Out Attack","floor":14},{"not_picked":["Venomology","Tools of the Trade"],"picked":"Doppelganger","floor":16},{"not_picked":["Outmaneuver+1","Prepared"],"picked":"Dagger Spray+1","floor":18},{"not_picked":["Reflex","Underhanded Strike+1"],"picked":"Choke","floor":20},{"not_picked":["Terror","Venomology"],"picked":"Eviscerate+1","floor":23},{"not_picked":["Quick Slash","Bane"],"picked":"Crippling Poison+1","floor":28},{"not_picked":["Malaise","Die Die Die"],"picked":"After Image","floor":30},{"not_picked":["Dash","PiercingWail"],"picked":"Backflip","floor":31},{"not_picked":["Venomology","Burst"],"picked":"Wraith Form v2","floor":33},{"not_picked":["Dagger Spray","Distraction"],"picked":"Deadly Poison+1","floor":35},{"not_picked":["Deadly Poison","Backflip+1"],"picked":"Dodge and Roll+1","floor":37},{"not_picked":["Choke+1","Dodge and Roll"],"picked":"Prepared","floor":38},{"not_picked":["Eviscerate+1","Distraction"],"picked":"Quick Slash+1","floor":44},{"not_picked":["Catalyst+1","Dodge and Roll+1"],"picked":"Dash+1","floor":46},{"not_picked":["Doppelganger","All Out Attack"],"picked":"Dagger Spray+1","floor":47}],"player_experience":26520,"relics_obtained":[{"floor":8,"key":"Mango"},{"floor":9,"key":"Kunai"},{"floor":12,"key":"Ornamental Fan"},{"floor":14,"key":"Bag of Marbles"},{"floor":23,"key":"Pantograph"},{"floor":30,"key":"Tiny Chest"},{"floor":37,"key":"The Specimen"},{"floor":43,"key":"Bottled Tornado"},{"floor":48,"key":"Darkstone Periapt"}],"event_choices":[{"event_name":"Big Fish","player_choice":"Donut","floor":3,"damage_taken":0},{"event_name":"Living Wall","player_choice":"Grow","floor":5,"damage_taken":0},{"event_name":"Back to Basics","player_choice":"Simplicity","floor":21,"damage_taken":0},{"event_name":"The Joust","player_choice":"Bet on Murderer","floor":22,"damage_taken":0},{"event_name":"N\u0027loth","player_choice":"Traded a Strawberry","floor":29,"damage_taken":0},{"event_name":"Golden Shrine","player_choice":"Pray","floor":36,"damage_taken":0},{"event_name":"Mysterious Sphere","player_choice":"Fight","floor":37,"damage_taken":0},{"event_name":"Tomb of Lord Red Mask","player_choice":"Ignored","floor":39,"damage_taken":0}],"boss_relics":[{"not_picked":["White Beast Statue","Orrery"],"picked":"Cursed Key"},{"not_picked":["Eternal Feather","Snecko Eye"],"picked":"Ring of the Serpent"}],"items_purged_floors":[4,19,25,41],"is_endless":false,"potions_floor_spawned":[6,8,12,14,23,30,33,37,38],"killed_by":"Time Eater","ascension_level":0}