{"gold_per_floor":[13,31,49,61,161,161,196,196,196,196,223,223,223,71,83,95],"floor_reached":16,"playtime":722,"items_purged":[],"score":162,"play_id":"5ddb477c-ff45-4c3d-8d65-f772eefb97c9","local_time":"20180920083638","is_ascension_mode":true,"campfire_choices":[{"data":"Searing Blow","floor":6,"key":"SMITH"},{"data":"Searing Blow+1","floor":8,"key":"SMITH"},{"floor":10,"key":"REST"},{"floor":15,"key":"REST"}],"neow_cost":"NO_GOLD","seed_source_timestamp":681766585222596,"circlet_count":0,"master_deck":["Strike_R","Strike_R","Strike_R","Strike_R","Defend_R","Defend_R","Defend_R","Defend_R","Bash","AscendersBane","Juggernaut","Searing Blow+3","Dual Wield","Pommel Strike","Whirlwind","Feed"],"relics":["Burning Blood","Blue Candle","Ornamental Fan","Sundial","MawBank"],"potions_floor_usage":[4],"damage_taken":[{"damage":4,"enemies":"Small Slimes","floor":1,"turns":4},{"damage":6,"enemies":"Cultist","floor":2,"turns":3},{"damage":0,"enemies":"2 Louse","floor":3,"turns":3},{"damage":15,"enemies":"Gremlin Gang","floor":4,"turns":6},{"damage":40,"enemies":"3 Sentries","floor":7,"turns":6},{"damage":38,"enemies":"Gremlin Nob","floor":11,"turns":5},{"damage":0,"enemies":"Hexaghost","floor":16,"turns":2}],"seed_played":"-7161161065156906479","potions_obtained":[{"floor":2,"key":"Ancient Potion"},{"floor":3,"key":"Energy Potion"},{"floor":7,"key":"LiquidBronze"},{"floor":11,"key":"SteroidPotion"}],"is_trial":false,"path_per_floor":["M","M","M","M","?","R","E","R","T","R","E","?","?","$","R"],"character_chosen":"IRONCLAD","items_purchased":["MawBank"],"campfire_rested":2,"item_purchase_floors":[14],"current_hp_per_floor":[74,74,80,71,71,71,37,37,37,61,29,29,29,29,53,53],"gold":95,"neow_bonus":"THREE_RARE_CARDS","is_prod":false,"is_daily":false,"chose_seed":false,"campfire_upgraded":2,"win_rate":0,"timestamp":1537450598,"path_taken":["M","M","M","M","?","R","E","R","T","R","E","?","?","$","R","BOSS"],"build_version":"2018-09-06","purchased_purges":0,"victory":false,"max_hp_per_floor":[80,80,80,80,80,80,80,80,80,80,80,80,80,80,80,80],"card_choices":[{"not_picked":["Offering","Brutality"],"picked":"Juggernaut","floor":0},{"not_picked":["Anger","Shrug It Off"],"picked":"Searing Blow","floor":1},{"not_picked":["Wild Strike","Seeing Red"],"picked":"Dual Wield","floor":2},{"not_picked":["Hemokinesis","Wild Strike"],"picked":"Pommel Strike","floor":3},{"not_picked":["Reckless Charge","Warcry"],"picked":"Whirlwind","floor":4},{"not_picked":["Pommel Strike","Clothesline"],"picked":"Feed","floor":7},{"not_picked":["Second Wind","Blood for Blood","Bloodletting"],"picked":"SKIP","floor":11}],"player_experience":625085,"relics_obtained":[{"floor":7,"key":"Blue Candle"},{"floor":9,"key":"Ornamental Fan"},{"floor":11,"key":"Sundial"}],"event_choices":[{"event_name":"Golden Shrine","player_choice":"Pray","floor":5,"damage_taken":0},{"event_name":"Bonfire Elementals","player_choice":"BASIC","floor":12,"damage_taken":0},{"event_name":"Accursed Blacksmith","player_choice":"Forge","floor":13,"damage_taken":0}],"is_beta":false,"boss_relics":[],"items_purged_floors":[],"is_endless":false,"potions_floor_spawned":[2,3,7,11],"killed_by":"Hexaghost","ascension_level":10}