{"gold_per_floor":[116,116,116,23,23,40,40,67,94,112,141,151,151,178,178,283,283,296,306,60,60,74,74,74],"floor_reached":24,"playtime":1745,"items_purged":[],"score":473,"play_id":"664c71c5-3337-4921-a3f2-353091be6136","local_time":"20181115142315","is_ascension_mode":true,"campfire_choices":[{"data":"Deep Breath","floor":7.0,"key":"SMITH"},{"data":"Rainbow","floor":13.0,"key":"SMITH"},{"floor":15.0,"key":"REST"},{"data":"Fission","floor":23.0,"key":"SMITH"}],"neow_cost":"NONE","seed_source_timestamp":0,"circlet_count":0,"master_deck":["AscendersBane","Strike_B","Strike_B","Defend_B","Defend_B","Defend_B","Defend_B","Zap","Dualcast","Doom and Gloom","Rainbow+1","Deep Breath+1","Conserve Battery","Echo Form","Darkness","Skim","Steam","Reboot","Fission+1","Go for the Eyes","Compile Driver+1","Turbo","Doom and Gloom","Creative AI","Hologram+1"],"special_seed":0,"relics":["Cracked Core","NeowsBlessing","Smiling Mask","Potion Belt","Pear","Du-Vu Doll","Velvet Choker","Membership Card"],"potions_floor_usage":[],"damage_taken":[{"damage":0.0,"enemies":"Jaw Worm","floor":1.0,"turns":1.0},{"damage":0.0,"enemies":"Cultist","floor":6.0,"turns":1.0},{"damage":0.0,"enemies":"3 Sentries","floor":8.0,"turns":1.0},{"damage":0.0,"enemies":"2 Louse","floor":10.0,"turns":3.0},{"damage":34.0,"enemies":"Gremlin Nob","floor":11.0,"turns":4.0},{"damage":0.0,"enemies":"Lots of Slimes","floor":12.0,"turns":2.0},{"damage":22.0,"enemies":"3 Sentries","floor":14.0,"turns":8.0},{"damage":0.0,"enemies":"The Guardian","floor":16.0,"turns":9.0},{"damage":19.0,"enemies":"Shell Parasite","floor":18.0,"turns":6.0},{"damage":8.0,"enemies":"3 Byrds","floor":19.0,"turns":4.0},{"damage":11.0,"enemies":"3 Cultists","floor":22.0,"turns":4.0},{"damage":52,"enemies":"Book of Stabbing","floor":24,"turns":6}],"seed_played":"5478658554685959295","potions_obtained":[{"floor":6.0,"key":"Ancient Potion"},{"floor":8.0,"key":"FocusPotion"},{"floor":11.0,"key":"Energy Potion"},{"floor":14.0,"key":"Energy Potion"},{"floor":19.0,"key":"FairyPotion"}],"is_trial":false,"path_per_floor":["M","?","$","$","?","M","R","E","T","M","E","M","R","E","R","B",null,"M","M","$","?","M","R","E"],"character_chosen":"DEFECT","items_purchased":["Deep Breath","Membership Card","Turbo","Doom and Gloom"],"campfire_rested":1,"item_purchase_floors":[4,20,20,20],"current_hp_per_floor":[68,68,68,68,73,73,73,73,73,73,49,49,49,27,54,54,81,62,54,54,54,43,43,9],"gold":74,"neow_bonus":"THREE_ENEMY_KILL","is_prod":false,"is_daily":false,"chose_seed":false,"campfire_upgraded":3,"win_rate":0,"timestamp":1542313395,"path_taken":["M","?","?","$","?","M","R","E","T","M","E","M","R","E","R","BOSS","M","M","$","?","?","R","E"],"build_version":"2018-11-08","purchased_purges":0,"victory":false,"max_hp_per_floor":[75,75,75,75,80,80,80,80,80,80,90,90,90,90,90,90,90,90,90,90,90,90,90,90],"card_choices":[{"not_picked":["Stack","Lockon"],"picked":"Doom and Gloom","floor":1.0},{"not_picked":["Recycle","Aggregate"],"picked":"Conserve Battery","floor":6.0},{"not_picked":["Melter","Consume"],"picked":"Echo Form","floor":8.0},{"not_picked":["Lockon","Redo"],"picked":"Darkness","floor":10.0},{"not_picked":["Coolheaded","White Noise"],"picked":"Skim","floor":11.0},{"not_picked":["Static Discharge","Gash"],"picked":"Steam","floor":12.0},{"not_picked":["Double Energy","Auto Shields"],"picked":"Reboot","floor":14.0},{"not_picked":["Creative AI","Reboot"],"picked":"Fission","floor":16.0},{"not_picked":["Skim","Rebound"],"picked":"Go for the Eyes","floor":18.0},{"not_picked":["Barrage","Coolheaded"],"picked":"Compile Driver+1","floor":19.0},{"not_picked":["Consume","Stack"],"picked":"Hologram+1","floor":22.0}],"player_experience":1007906,"relics_obtained":[{"floor":8.0,"key":"Smiling Mask"},{"floor":9.0,"key":"Potion Belt"},{"floor":11.0,"key":"Pear"},{"floor":14.0,"key":"Du-Vu Doll"}],"event_choices":[{"damage_healed":0.0,"max_hp_gain":0.0,"max_hp_loss":0.0,"gold_gain":0.0,"cards_transformed":["Strike_B"],"event_name":"Transmorgrifier","player_choice":"Transformed","floor":2.0,"gold_loss":0.0,"damage_taken":0.0,"cards_obtained":["Rainbow"]},{"damage_healed":0.0,"max_hp_gain":5.0,"max_hp_loss":0.0,"gold_gain":0.0,"event_name":"Big Fish","player_choice":"Donut","floor":5.0,"gold_loss":0.0,"damage_taken":0.0},{"damage_healed":0.0,"max_hp_gain":0.0,"max_hp_loss":0.0,"gold_gain":0.0,"cards_transformed":["Strike_B"],"event_name":"Transmorgrifier","player_choice":"Transformed","floor":21.0,"gold_loss":0.0,"damage_taken":0.0,"cards_obtained":["Creative AI"]}],"is_beta":false,"boss_relics":[{"not_picked":["Snecko Eye","Pandora\u0027s Box"],"picked":"Velvet Choker"}],"items_purged_floors":[],"is_endless":false,"potions_floor_spawned":[6,8,11,14,19],"killed_by":"Book of Stabbing","ascension_level":11}