{"gold_per_floor":[110,60,60,11,27,27,51,51,77,100,123,192,192],"floor_reached":13,"playtime":1114,"items_purged":[],"score":105,"play_id":"85112e9f-ce51-42b8-8c35-7704efe20162","local_time":"20181019171547","is_ascension_mode":true,"campfire_choices":[{"data":"Cloak And Dagger","floor":6,"key":"SMITH"},{"data":"Cloak And Dagger","floor":8,"key":"SMITH"}],"neow_cost":"NONE","seed_source_timestamp":175121914959159,"circlet_count":0,"master_deck":["Defend_G","Defend_G","Defend_G","Defend_G","Strike_G","Strike_G","Strike_G","Strike_G","Survivor","Neutralize","Cloak And Dagger","Dagger Spray","Cloak And Dagger+1","Cloak And Dagger+1","Caltrops","Deflect","Blade Dance"],"special_seed":0,"relics":["Ring of the Snake","Golden Idol","Vajra","Strawberry"],"potions_floor_usage":[12,13,13],"damage_taken":[{"damage":0,"enemies":"2 Louse","floor":1,"turns":3},{"damage":0,"enemies":"Jaw Worm","floor":5,"turns":4},{"damage":0,"enemies":"Cultist","floor":7,"turns":4},{"damage":4,"enemies":"Exordium Wildlife","floor":10,"turns":5},{"damage":0,"enemies":"Looter","floor":11,"turns":3},{"damage":20,"enemies":"Gremlin Nob","floor":12,"turns":4},{"damage":30,"enemies":"Lagavulin","floor":13,"turns":6}],"seed_played":"2190717681424204728","potions_obtained":[{"floor":1,"key":"Explosive Potion"},{"floor":5,"key":"LiquidBronze"},{"floor":11,"key":"GamblersBrew"}],"is_trial":false,"path_per_floor":["M","?","?","$","M","R","M","R","T","M","M","?"],"character_chosen":"THE_SILENT","items_purchased":["Dagger Spray"],"campfire_rested":0,"item_purchase_floors":[4],"current_hp_per_floor":[63,63,46,46,46,46,46,46,46,42,42,29,0],"gold":192,"neow_bonus":"REMOVE_CARD","is_prod":false,"is_daily":false,"chose_seed":false,"campfire_upgraded":2,"win_rate":0,"timestamp":1539987347,"path_taken":["M","?","?","?","?","R","M","R","T","M","M","?","E"],"build_version":"2018-10-18","purchased_purges":0,"victory":false,"max_hp_per_floor":[70,70,70,70,70,70,70,70,70,70,70,77,77],"card_choices":[{"not_picked":["Tactician","Dash"],"picked":"Cloak And Dagger","floor":1},{"not_picked":["Footwork","Outmaneuver"],"picked":"Cloak And Dagger","floor":5},{"not_picked":["Underhanded Strike","Choke"],"picked":"Cloak And Dagger","floor":7},{"not_picked":["Outmaneuver","Quick Slash"],"picked":"Caltrops","floor":10},{"not_picked":["Cloak And Dagger","PiercingWail"],"picked":"Deflect","floor":11},{"not_picked":["Acrobatics","Deadly Poison"],"picked":"Blade Dance","floor":12}],"player_experience":802724,"relics_obtained":[{"floor":9,"key":"Vajra"},{"floor":12,"key":"Strawberry"}],"event_choices":[{"cards_removed":["Defend_G"],"damage_healed":0,"gold_gain":0,"player_choice":"Card Removal","damage_taken":0,"max_hp_gain":0,"max_hp_loss":0,"event_name":"The Cleric","floor":2,"gold_loss":50},{"damage_healed":0,"gold_gain":0,"player_choice":"Take Damage","damage_taken":17,"relics_obtained":["Golden Idol"],"max_hp_gain":0,"max_hp_loss":0,"event_name":"Golden Idol","floor":3,"gold_loss":0},{"damage_healed":0,"gold_gain":0,"player_choice":"Searched \u00271\u0027 times","damage_taken":0,"max_hp_gain":0,"max_hp_loss":0,"event_name":"Dead Adventurer","floor":12,"gold_loss":0}],"is_beta":false,"boss_relics":[],"items_purged_floors":[],"is_endless":false,"potions_floor_spawned":[1,5,11],"killed_by":"Lagavulin","ascension_level":8}