{"gold_per_floor":[112,129,129,59,59,59,93,103,173,185,198,211,211,231,231,335,335,335],"floor_reached":18,"playtime":1012,"items_purged":[],"score":180,"play_id":"38193ece-709e-4a10-aca5-5a0147f41924","local_time":"20180728165858","is_ascension_mode":true,"campfire_choices":[{"data":"Fire Breathing","floor":6,"key":"SMITH"},{"floor":13,"key":"REST"},{"floor":15,"key":"REST"}],"neow_cost":"CURSE","seed_source_timestamp":3533190072606229,"circlet_count":0,"master_deck":["Strike_R","Strike_R","Strike_R","Strike_R","Strike_R","Defend_R","Defend_R","Defend_R","Defend_R","Bash","Doubt","Iron Wave","Iron Wave","Fire Breathing+1","Headbutt","Heavy Blade","Cleave","Shrug It Off","Fiend Fire"],"relics":["Burning Blood","Du-Vu Doll","CultistMask","Bag of Preparation","Frozen Egg 2","Snecko Eye"],"potions_floor_usage":[14,14,16],"damage_taken":[{"damage":4,"enemies":"Jaw Worm","floor":1,"turns":4},{"damage":1,"enemies":"Cultist","floor":2,"turns":3},{"damage":49,"enemies":"Lagavulin","floor":7,"turns":8},{"damage":0,"enemies":"2 Louse","floor":8,"turns":2},{"damage":3,"enemies":"Large Slime","floor":10,"turns":6},{"damage":23,"enemies":"Exordium Thugs","floor":11,"turns":4},{"damage":8,"enemies":"Blue Slaver","floor":12,"turns":3},{"damage":20,"enemies":"Exordium Wildlife","floor":14,"turns":6},{"damage":68,"enemies":"The Guardian","floor":16,"turns":9},{"damage":0,"enemies":"2 Thieves","floor":18,"turns":1}],"seed_played":"4155416725451564448","potions_obtained":[{"floor":7,"key":"Weak Potion"},{"floor":8,"key":"Swift Potion"},{"floor":12,"key":"BloodPotion"},{"floor":16,"key":"SteroidPotion"}],"is_trial":false,"path_per_floor":["M","M","?","$","?","R","E","M","T","M","M","M","R","M","R","B",null],"character_chosen":"IRONCLAD","items_purchased":["Fire Breathing"],"campfire_rested":2,"item_purchase_floors":[4],"current_hp_per_floor":[80,80,80,80,80,80,37,43,43,46,29,27,51,45,69,7,80,80],"gold":335,"neow_bonus":"ONE_RARE_RELIC","is_prod":false,"is_daily":false,"chose_seed":false,"campfire_upgraded":1,"win_rate":0,"timestamp":1532815138,"path_taken":["M","M","?","$","?","R","E","M","T","?","M","M","R","M","R","BOSS","M"],"build_version":"2018-07-26","purchased_purges":0,"victory":false,"max_hp_per_floor":[80,80,80,80,80,80,80,80,80,80,80,80,80,80,80,80,80,80],"card_choices":[{"not_picked":["Body Slam","Fire Breathing"],"picked":"Iron Wave","floor":1},{"not_picked":["Shrug It Off","Heavy Blade"],"picked":"Iron Wave","floor":2},{"not_picked":["Rage","Dropkick","Rupture"],"picked":"SKIP","floor":7},{"not_picked":["Metallicize","Body Slam"],"picked":"Headbutt","floor":8},{"not_picked":["Evolve+1","Rage"],"picked":"Heavy Blade","floor":10},{"not_picked":["Headbutt","Clothesline"],"picked":"Cleave","floor":11},{"not_picked":["Entrench","Thunderclap"],"picked":"Shrug It Off","floor":12},{"not_picked":["Headbutt","Seeing Red"],"picked":"Fiend Fire","floor":14}],"player_experience":362675,"relics_obtained":[{"floor":7,"key":"Bag of Preparation"},{"floor":9,"key":"Frozen Egg 2"}],"event_choices":[{"event_name":"The Woman in Blue","player_choice":"Bought 0 Potions","floor":3,"damage_taken":0},{"event_name":"FaceTrader","player_choice":"Trade","floor":5,"damage_taken":0}],"is_beta":false,"boss_relics":[{"not_picked":["Philosopher\u0027s Stone","Astrolabe"],"picked":"Snecko Eye"}],"items_purged_floors":[],"is_endless":false,"potions_floor_spawned":[7,8,12,16],"killed_by":"2 Thieves","ascension_level":2}