{"gold_per_floor":[117,117,137,147,247,247,267,267,267,280,307,327,360,383,395,512,524,547,559,589,616,201,201,218,218,218,246,246,246,260,260],"floor_reached":31,"playtime":2327,"items_purged":[],"score":269,"play_id":"64e514f5-c891-44a0-bdd0-b2041b3e09e1","local_time":"20181211144836","is_ascension_mode":false,"campfire_choices":[{"data":"Metallicize","floor":6,"key":"SMITH"},{"data":"Pommel Strike","floor":8,"key":"SMITH"},{"floor":15,"key":"REST"},{"data":"Heavy Blade","floor":23,"key":"SMITH"},{"data":"Heavy Blade","floor":25,"key":"SMITH"}],"neow_cost":"NONE","seed_source_timestamp":1835601285775439,"circlet_count":0,"master_deck":["Strike_R","Strike_R","Strike_R","Strike_R","Strike_R","Defend_R","Defend_R","Defend_R","Defend_R","Bash","Pommel Strike+1","Metallicize+1","Spot Weakness","Pommel Strike","Entrench+1","Cleave","Heavy Blade+1","Perfected Strike","Demon Form","Thunderclap+1","Thunderclap","Heavy Blade+1","Metallicize","Flex+1","Armaments+1","Shrug It Off+1","Heavy Blade","Dropkick"],"relics":["Burning Blood","Ornamental Fan","Toxic Egg 2","MawBank","Sozu","Vajra","Orichalcum","Red Skull","Darkstone Periapt"],"potions_floor_usage":[14,27,27],"damage_taken":[{"damage":4,"enemies":"2 Louse","floor":1,"turns":3},{"damage":5,"enemies":"Small Slimes","floor":3,"turns":3},{"damage":3,"enemies":"Cultist","floor":4,"turns":3},{"damage":12,"enemies":"2 Fungi Beasts","floor":7,"turns":4},{"damage":16,"enemies":"Red Slaver","floor":10,"turns":5},{"damage":10,"enemies":"Gremlin Nob","floor":11,"turns":4},{"damage":5,"enemies":"3 Louse","floor":12,"turns":4},{"damage":47,"enemies":"Lagavulin","floor":13,"turns":7},{"damage":2,"enemies":"Large Slime","floor":14,"turns":5},{"damage":48,"enemies":"The Guardian","floor":16,"turns":11},{"damage":6,"enemies":"Chosen","floor":18,"turns":4},{"damage":19,"enemies":"Shell Parasite","floor":20,"turns":5},{"damage":37,"enemies":"Snake Plant","floor":21,"turns":3},{"damage":1,"enemies":"3 Cultists","floor":24,"turns":5},{"damage":19,"enemies":"Gremlin Leader","floor":27,"turns":4},{"damage":12,"enemies":"Centurion and Healer","floor":30,"turns":3},{"damage":10,"enemies":"Shelled Parasite and Fungi","floor":31,"turns":2}],"seed_played":"-2917776285553490825","potions_obtained":[{"floor":1,"key":"Weak Potion"},{"floor":10,"key":"FearPotion"},{"floor":12,"key":"Dexterity Potion"},{"floor":13,"key":"AttackPotion"},{"floor":16,"key":"Explosive Potion"}],"is_trial":false,"path_per_floor":["M","?","M","M","?","R","M","R","T","M","E","M","E","M","R","B",null,"M","?","M","M","$","R","M","R","T","E","?","?","M","M"],"character_chosen":"IRONCLAD","items_purchased":["Vajra","Orichalcum","Metallicize","Flex+1","Armaments+1"],"campfire_rested":1,"item_purchase_floors":[22,22,22,22,22],"current_hp_per_floor":[88,93,93,93,93,93,87,87,87,77,73,74,33,37,64,22,93,93,93,80,49,49,49,54,54,54,41,41,41,35,25],"gold":260,"neow_bonus":"TEN_PERCENT_HP_BONUS","is_prod":false,"is_daily":false,"chose_seed":false,"campfire_upgraded":4,"win_rate":0,"timestamp":1544561316,"path_taken":["M","?","M","M","?","R","M","R","T","M","E","M","E","?","R","BOSS","M","?","?","M","$","R","M","R","T","E","?","?","M","?"],"build_version":"2018-12-06","purchased_purges":0,"victory":false,"max_hp_per_floor":[88,93,93,93,93,93,93,93,93,93,93,93,93,93,93,93,93,93,93,93,93,93,93,93,93,93,93,93,93,93,93],"card_choices":[{"not_picked":["Wild Strike","True Grit"],"picked":"Pommel Strike","floor":1},{"not_picked":["Burning Pact","Rage"],"picked":"Metallicize","floor":3},{"not_picked":["Thunderclap","Body Slam"],"picked":"Spot Weakness","floor":4},{"not_picked":["Bloodletting","Warcry","Havoc"],"picked":"SKIP","floor":7},{"not_picked":["Flex","Burning Pact"],"picked":"Pommel Strike","floor":10},{"not_picked":["Warcry","Wild Strike"],"picked":"Entrench","floor":11},{"not_picked":["Warcry+1","Dark Embrace"],"picked":"Cleave","floor":12},{"not_picked":["Rupture","Offering+1"],"picked":"Heavy Blade","floor":13},{"not_picked":["Headbutt","Intimidate+1"],"picked":"Perfected Strike","floor":14},{"not_picked":["Dark Embrace","Impervious+1"],"picked":"Demon Form","floor":16},{"not_picked":["Cleave+1","Feel No Pain"],"picked":"Thunderclap+1","floor":18},{"not_picked":["Havoc+1","Anger"],"picked":"Thunderclap","floor":20},{"not_picked":["Offering+1","Fire Breathing+1"],"picked":"Heavy Blade","floor":21},{"not_picked":["Searing Blow","Flex+1"],"picked":"Shrug It Off+1","floor":24},{"not_picked":["Infernal Blade+1","Fire Breathing"],"picked":"Heavy Blade","floor":27},{"not_picked":["Reckless Charge+1","Headbutt"],"picked":"Dropkick","floor":30}],"player_experience":1092138,"relics_obtained":[{"floor":9,"key":"Ornamental Fan"},{"floor":11,"key":"Toxic Egg 2"},{"floor":13,"key":"MawBank"},{"floor":26,"key":"Red Skull"},{"floor":27,"key":"Darkstone Periapt"}],"event_choices":[{"damage_healed":0,"gold_gain":0,"player_choice":"Donut","damage_taken":0,"max_hp_gain":5,"max_hp_loss":0,"event_name":"Big Fish","floor":2,"gold_loss":0},{"damage_healed":0,"gold_gain":100,"player_choice":"Pray","damage_taken":0,"max_hp_gain":0,"max_hp_loss":0,"event_name":"Golden Shrine","floor":5,"gold_loss":0},{"damage_healed":0,"gold_gain":0,"player_choice":"Bought 0 Potions","damage_taken":0,"max_hp_gain":0,"max_hp_loss":0,"event_name":"The Woman in Blue","floor":19,"gold_loss":0},{"damage_healed":0,"gold_gain":0,"player_choice":"Ignored","damage_taken":0,"max_hp_gain":0,"max_hp_loss":0,"event_name":"Ghosts","floor":28,"gold_loss":0},{"damage_healed":0,"gold_gain":0,"player_choice":"Ignored","damage_taken":0,"max_hp_gain":0,"max_hp_loss":0,"event_name":"N\u0027loth","floor":29,"gold_loss":0}],"is_beta":false,"boss_relics":[{"not_picked":["Calling Bell","Empty Cage"],"picked":"Sozu"}],"items_purged_floors":[],"is_endless":false,"potions_floor_spawned":[1,10,12,13,16,20,30],"killed_by":"Shelled Parasite and Fungi","ascension_level":0}