{"gold_per_floor":[115,115,40,115,15,15,27,27,99,99,99,124,140,160,160,288,288,313,313,188,188,188,188,223,223,223,243,243,261,261,299,299,430,430,455,10,10,10,10,49,49,88,166,166,166,191,205,225,225,225],"floor_reached":50,"playtime":4260,"items_purged":["Defend_G","Strike_G","Strike_G","Strike_G"],"score":550,"play_id":"bcc01d51-4b19-4282-8dbe-dfe7a64a00b1","local_time":"20180718140056","is_ascension_mode":true,"campfire_choices":[{"data":"Dagger Spray","floor":6.0,"key":"SMITH"},{"data":"All Out Attack","floor":8.0,"key":"SMITH"},{"data":"Survivor","floor":10,"key":"SMITH"},{"floor":15,"key":"REST"},{"data":"A Thousand Cuts","floor":23,"key":"SMITH"},{"floor":25,"key":"REST"},{"floor":30,"key":"REST"},{"floor":32,"key":"REST"},{"floor":41,"key":"REST"},{"floor":44,"key":"REST"},{"floor":49,"key":"REST"}],"neow_cost":"NONE","seed_source_timestamp":0,"circlet_count":0,"master_deck":["Defend_G","Defend_G","Defend_G","Defend_G","Strike_G","Survivor+1","Neutralize","Dagger Spray+1","All Out Attack+1","Sucker Punch","A Thousand Cuts+1","Predator","Envenom+1","Blur","Sucker Punch","Backstab","Sucker Punch","Prepared","Burst","Noxious Fumes+1","Escape Plan","Underhanded Strike+1","Quick Slash+1","Endless Agony+1"],"special_seed":0,"relics":["Ring of the Snake","Vajra","Dodecahedron","Blue Candle","Golden Idol","Busted Crown","Calipers","Anchor","Meat on the Bone","Black Star","Thread and Needle","Pantograph","Frozen Egg 2","Molten Egg 2","Toxic Egg 2","Singing Bowl","Question Card"],"potions_floor_usage":[16,16,16,31,31,33,42,48,48,50],"damage_taken":[{"damage":0.0,"enemies":"Small Slimes","floor":1.0,"turns":2.0},{"damage":0.0,"enemies":"Jaw Worm","floor":7.0,"turns":3.0},{"damage":0,"enemies":"Cultist","floor":12,"turns":2},{"damage":0,"enemies":"Looter","floor":13,"turns":2},{"damage":15,"enemies":"Red Slaver","floor":14,"turns":4},{"damage":10,"enemies":"Slime Boss","floor":16,"turns":7},{"damage":10,"enemies":"3 Byrds","floor":18,"turns":4},{"damage":50,"enemies":"Book of Stabbing","floor":24,"turns":8},{"damage":0,"enemies":"2 Thieves","floor":27,"turns":3},{"damage":2,"enemies":"Cultist and Chosen","floor":29,"turns":5},{"damage":8,"enemies":"Gremlin Leader","floor":31,"turns":5},{"damage":50,"enemies":"Automaton","floor":33,"turns":9},{"damage":0,"enemies":"Orb Walker","floor":35,"turns":3},{"damage":31,"enemies":"2 Orb Walkers","floor":40,"turns":5},{"damage":49,"enemies":"Giant Head","floor":42,"turns":10},{"damage":6,"enemies":"3 Darklings","floor":46,"turns":4},{"damage":22,"enemies":"Spire Growth","floor":47,"turns":6},{"damage":23,"enemies":"Sphere and 2 Shapes","floor":48,"turns":4},{"damage":75,"enemies":"Donu and Deca","floor":50,"turns":6}],"seed_played":"-5033022197890372641","potions_obtained":[{"floor":1.0,"key":"LiquidBronze"},{"floor":13,"key":"LiquidBronze"},{"floor":14,"key":"Block Potion"},{"floor":27,"key":"Weak Potion"},{"floor":29,"key":"PowerPotion"},{"floor":31,"key":"SkillPotion"},{"floor":33,"key":"LiquidBronze"},{"floor":40,"key":"Weak Potion"},{"floor":46,"key":"Strength Potion"},{"floor":47,"key":"Swift Potion"}],"is_trial":false,"path_per_floor":["M","?","$","?","$","R","M","R","T","R","?","M","M","M","R","B",null,"M","?","$","?","?","R","E","R","T","M","?","M","R","E","R","B",null,"M","$","?","$","T","E","R","E","T","R","?","M","M","M","R"],"character_chosen":"THE_SILENT","items_purchased":["Thread and Needle"],"campfire_rested":7,"item_purchase_floors":[36],"current_hp_per_floor":[70,67,67,56,56,56,56,56,56,56,39,39,39,24,45,35,70,60,70,70,63,63,63,13,34,34,34,34,32,53,45,66,28,70,70,70,70,70,70,39,60,25,25,46,46,40,30,19,40,0],"gold":225,"neow_bonus":"RANDOM_COMMON_RELIC","is_prod":false,"is_daily":false,"chose_seed":false,"campfire_upgraded":4,"win_rate":0.0,"timestamp":1531940456,"path_taken":["M","?","$","?","?","R","M","R","T","R","?","?","?","M","R","BOSS","M","?","$","?","?","R","E","R","T","M","?","M","R","E","R","BOSS","M","$","?","$","?","E","R","E","T","R","?","?","M","M","R","BOSS"],"build_version":"2018-07-12","purchased_purges":4,"victory":false,"max_hp_per_floor":[70,70,70,70,70,70,70,70,70,70,70,70,70,70,70,70,70,70,70,70,70,70,70,70,70,70,70,70,70,70,70,70,70,70,70,70,70,70,70,70,70,72,72,72,72,72,72,72,72,72],"card_choices":[{"not_picked":["Leg Sweep","Dagger Throw"],"picked":"Dagger Spray","floor":1.0},{"not_picked":["Flying Knee","Riddle With Holes"],"picked":"All Out Attack","floor":7.0},{"not_picked":["Prepared","Dodge and Roll"],"picked":"Sucker Punch","floor":12},{"not_picked":["Outmaneuver","Acrobatics"],"picked":"A Thousand Cuts","floor":13},{"not_picked":["Acrobatics","Deflect"],"picked":"Predator","floor":14},{"not_picked":["Bullet Time","Tools of the Trade"],"picked":"Envenom","floor":16},{"not_picked":[],"picked":"Blur","floor":18},{"not_picked":[],"picked":"Backstab","floor":24},{"not_picked":[],"picked":"Sucker Punch","floor":27},{"not_picked":["Deflect"],"picked":"SKIP","floor":29},{"not_picked":[],"picked":"Prepared","floor":31},{"not_picked":[],"picked":"Burst","floor":33},{"not_picked":[],"picked":"Noxious Fumes+1","floor":35},{"not_picked":[],"picked":"Escape Plan","floor":40},{"not_picked":["Leg Sweep"],"picked":"Singing Bowl","floor":42},{"not_picked":["PiercingWail+1"],"picked":"Underhanded Strike+1","floor":46},{"not_picked":["Finisher+1"],"picked":"Quick Slash+1","floor":47},{"not_picked":["Choke+1"],"picked":"Endless Agony+1","floor":48}],"player_experience":216182,"relics_obtained":[{"floor":9,"key":"Blue Candle"},{"floor":24,"key":"Calipers"},{"floor":26,"key":"Anchor"},{"floor":31,"key":"Meat on the Bone"},{"floor":39,"key":"Pantograph"},{"floor":40,"key":"Frozen Egg 2"},{"floor":40,"key":"Molten Egg 2"},{"floor":42,"key":"Toxic Egg 2"},{"floor":42,"key":"Singing Bowl"},{"floor":43,"key":"Question Card"}],"event_choices":[{"event_name":"Scrap Ooze","player_choice":"success","floor":2.0,"damage_taken":3.0},{"event_name":"World of Goop","player_choice":"Gather Gold","floor":4.0,"damage_taken":0.0},{"event_name":"Golden Idol","player_choice":"Take Damage","floor":11,"damage_taken":0},{"event_name":"The Library","player_choice":"Heal","floor":19,"damage_taken":0},{"event_name":"Knowing Skull","player_choice":"","floor":21,"damage_taken":0},{"event_name":"Transmorgrifier","player_choice":"Transform","floor":22,"damage_taken":0},{"event_name":"Vampires","player_choice":"Ignored","floor":28,"damage_taken":0},{"event_name":"SensoryStone","player_choice":"Memory 1","floor":37,"damage_taken":0},{"event_name":"Upgrade Shrine","player_choice":"Upgraded","floor":45,"damage_taken":0}],"boss_relics":[{"not_picked":["Eternal Feather","Snecko Eye"],"picked":"Busted Crown"},{"not_picked":["Coffee Dripper","Ring of the Serpent"],"picked":"Black Star"}],"items_purged_floors":[3,5,20,36],"is_endless":false,"potions_floor_spawned":[1,13,14,27,29,31,33,40,46,47],"killed_by":"Donu and Deca","ascension_level":1}