{"gold_per_floor":[114,127,144,144,158,158,184,213,213,229,262,262,275,295,295,367,367,379,393,308,308,15,15,32,52,52,52,72,72,86,98,98,177,177,192,192,209,224,59,90,108,108,108,121,156,167,167,167,167,167],"floor_reached":51,"playtime":5246,"items_purged":[],"score":1230,"play_id":"a2542442-dfaf-40c2-9d53-ec30d077dda8","local_time":"20190510132339","is_ascension_mode":true,"campfire_choices":[{"data":"Deadly Poison","floor":6.0,"key":"SMITH"},{"data":"Skewer","floor":12.0,"key":"SMITH"},{"floor":15.0,"key":"REST"},{"data":"Blade Dance","floor":23.0,"key":"SMITH"},{"floor":29.0,"key":"REST"},{"data":"Well Laid Plans","floor":32.0,"key":"SMITH"},{"floor":42.0,"key":"REST"},{"data":"A Thousand Cuts","floor":49.0,"key":"SMITH"}],"neow_cost":"NONE","seed_source_timestamp":0,"circlet_count":0,"master_deck":["AscendersBane","Defend_G","Defend_G","Defend_G","Defend_G","Defend_G","Strike_G","Strike_G","Strike_G","Survivor","Neutralize","Well Laid Plans","Sucker Punch","Cloak And Dagger+1","Deadly Poison+1","Outmaneuver","Backflip","Blade Dance+1","Skewer+1","Cloak And Dagger","Cloak And Dagger","Storm of Steel","Crippling Poison","Well Laid Plans+1","Underhanded Strike","Sucker Punch","Blade Dance","Infinite Blades","Backflip+1","A Thousand Cuts+1","Unload","Cloak And Dagger","Terror","Footwork","Swift Strike","Cloak And Dagger","Predator","Parasite","Blade Dance+1","Choke","Blade Dance","Doubt"],"special_seed":0,"relics":["Ring of the Snake","Nunchaku","Odd Mushroom","Dead Branch","Ninja Scroll","Sozu","Dodecahedron","Tingsha","Potion Belt","Cursed Key","Smiling Mask","Orichalcum","Ice Cream"],"potions_floor_usage":[],"damage_taken":[{"damage":0.0,"enemies":"Jaw Worm","floor":1.0,"turns":7.0},{"damage":0.0,"enemies":"Small Slimes","floor":2.0,"turns":3.0},{"damage":4.0,"enemies":"Cultist","floor":3.0,"turns":4.0},{"damage":0.0,"enemies":"Large Slime","floor":5.0,"turns":6.0},{"damage":17.0,"enemies":"Lagavulin","floor":7.0,"turns":7.0},{"damage":8.0,"enemies":"The Mushroom Lair","floor":8.0,"turns":5.0},{"damage":0.0,"enemies":"Red Slaver","floor":10.0,"turns":5.0},{"damage":19.0,"enemies":"Gremlin Nob","floor":11.0,"turns":4.0},{"damage":0.0,"enemies":"3 Louse","floor":13.0,"turns":2.0},{"damage":0.0,"enemies":"Exordium Thugs","floor":14.0,"turns":1.0},{"damage":25.0,"enemies":"Hexaghost","floor":16.0,"turns":8.0},{"damage":0.0,"enemies":"3 Byrds","floor":18.0,"turns":1.0},{"damage":0.0,"enemies":"Chosen","floor":19.0,"turns":3.0},{"damage":0.0,"enemies":"Centurion and Healer","floor":24.0,"turns":1.0},{"damage":0.0,"enemies":"Chosen and Byrds","floor":25.0,"turns":4.0},{"damage":0.0,"enemies":"Shelled Parasite and Fungi","floor":28.0,"turns":2.0},{"damage":4.0,"enemies":"Cultist and Chosen","floor":30.0,"turns":4.0},{"damage":0.0,"enemies":"3 Cultists","floor":31.0,"turns":1.0},{"damage":51.0,"enemies":"Collector","floor":33.0,"turns":7.0},{"damage":0.0,"enemies":"Orb Walker","floor":35.0,"turns":1.0},{"damage":0.0,"enemies":"3 Shapes","floor":37.0,"turns":1.0},{"damage":0.0,"enemies":"Jaw Worm Horde","floor":38.0,"turns":3.0},{"damage":5.0,"enemies":"Giant Head","floor":40.0,"turns":6.0},{"damage":27.0,"enemies":"Maw","floor":41.0,"turns":4.0},{"damage":4.0,"enemies":"Writhing Mass","floor":44.0,"turns":4.0},{"damage":17.0,"enemies":"Reptomancer","floor":45.0,"turns":4.0},{"damage":15.0,"enemies":"3 Darklings","floor":46.0,"turns":5.0},{"damage":58,"enemies":"Donu and Deca","floor":50,"turns":8}],"seed_played":"-4900661343035023593","potions_obtained":[{"floor":1.0,"key":"Weak Potion"},{"floor":8.0,"key":"EssenceOfSteel"},{"floor":10.0,"key":"GamblersBrew"},{"floor":13.0,"key":"Energy Potion"}],"is_trial":false,"path_per_floor":["M","M","M","?","M","R","E","?","T","M","E","R","M","M","R","B",null,"M","M","?","?","$","R","M","M","T","$","M","R","M","M","R","B",null,"M","?","M","M","$","E","M","R","T","M","E","M","?","?","R","B",null],"character_chosen":"THE_SILENT","items_purchased":["Tingsha","Footwork","Swift Strike"],"campfire_rested":3,"item_purchase_floors":[22,39,39],"current_hp_per_floor":[63,63,59,59,59,59,42,34,34,34,15,15,15,15,36,11,55,55,55,55,42,42,42,42,42,42,42,42,64,60,60,60,9,59,59,59,59,59,59,54,27,49,49,45,28,13,75,75,75,17],"gold":167,"neow_bonus":"REMOVE_CARD","is_prod":false,"is_daily":false,"chose_seed":false,"campfire_upgraded":5,"win_rate":0,"timestamp":1557512619,"path_taken":["M","M","M","?","M","R","E","?","T","M","E","R","M","M","R","BOSS","M","M","?","?","$","R","M","M","T","?","?","R","M","M","R","BOSS","M","?","M","M","$","E","?","R","T","M","E","M","?","?","R","BOSS"],"build_version":"2019-01-23","purchased_purges":0,"victory":true,"max_hp_per_floor":[70,70,70,70,70,70,70,70,70,70,70,70,70,70,70,70,70,70,70,70,75,75,75,75,75,75,75,75,75,75,75,75,75,75,75,75,75,75,75,75,75,75,75,75,75,75,75,75,75,75],"card_choices":[{"not_picked":["Finisher","Acrobatics"],"picked":"Well Laid Plans","floor":1.0},{"not_picked":["Prepared","Expertise"],"picked":"Sucker Punch","floor":2.0},{"not_picked":["Bane","Flying Knee"],"picked":"Cloak And Dagger","floor":3.0},{"not_picked":["Dodge and Roll","PiercingWail"],"picked":"Deadly Poison","floor":5.0},{"not_picked":["Deflect","Dagger Throw"],"picked":"Outmaneuver","floor":7.0},{"not_picked":["Distraction","Bouncing Flask"],"picked":"Backflip","floor":8.0},{"not_picked":["Outmaneuver","Flying Knee"],"picked":"Blade Dance","floor":10.0},{"not_picked":["PiercingWail","Prepared"],"picked":"Skewer","floor":11.0},{"not_picked":["Blade Dance","Grand Finale"],"picked":"Cloak And Dagger","floor":13.0},{"not_picked":["Terror","Prepared"],"picked":"Cloak And Dagger","floor":14.0},{"not_picked":["Wraith Form v2","Corpse Explosion"],"picked":"Storm of Steel","floor":16.0},{"not_picked":["Deadly Poison","Calculated Gamble"],"picked":"Crippling Poison","floor":18.0},{"not_picked":["Underhanded Strike","Dagger Throw"],"picked":"Well Laid Plans","floor":19.0},{"not_picked":["Backflip","Dagger Spray"],"picked":"Underhanded Strike","floor":24.0},{"not_picked":["Slice","Riddle With Holes+1"],"picked":"Sucker Punch","floor":25.0},{"not_picked":["Dodge and Roll","Poisoned Stab"],"picked":"Blade Dance","floor":28.0},{"not_picked":["Quick Slash","Flechettes"],"picked":"Infinite Blades","floor":30.0},{"not_picked":["Acrobatics","Poisoned Stab"],"picked":"Backflip+1","floor":31.0},{"not_picked":["Night Terror","Malaise"],"picked":"A Thousand Cuts","floor":33.0},{"not_picked":["PiercingWail+1","Prepared","Deadly Poison"],"picked":"SKIP","floor":35.0},{"not_picked":["Flying Knee+1","Acrobatics"],"picked":"Cloak And Dagger","floor":37.0},{"not_picked":["Heel Hook+1","Cloak And Dagger"],"picked":"Terror","floor":38.0},{"not_picked":["Riddle With Holes","Flechettes"],"picked":"Cloak And Dagger","floor":40.0},{"not_picked":["Dagger Spray","Wraith Form v2"],"picked":"Predator","floor":41.0},{"not_picked":["Bane+1","Setup"],"picked":"Blade Dance+1","floor":44.0},{"not_picked":["Bouncing Flask","Dagger Throw"],"picked":"Choke","floor":45.0},{"not_picked":["Acrobatics","Prepared+1"],"picked":"Blade Dance","floor":46.0}],"player_experience":1377799,"relics_obtained":[{"floor":7.0,"key":"Nunchaku"},{"floor":8.0,"key":"Odd Mushroom"},{"floor":9.0,"key":"Dead Branch"},{"floor":11.0,"key":"Ninja Scroll"},{"floor":26.0,"key":"Potion Belt"},{"floor":40.0,"key":"Smiling Mask"},{"floor":43.0,"key":"Orichalcum"},{"floor":45.0,"key":"Ice Cream"}],"event_choices":[{"damage_healed":0.0,"max_hp_gain":0.0,"max_hp_loss":0.0,"gold_gain":0.0,"event_name":"Living Wall","player_choice":"Grow","floor":4.0,"gold_loss":0.0,"damage_taken":0.0,"cards_upgraded":["Cloak And Dagger"]},{"damage_healed":0.0,"max_hp_gain":0.0,"max_hp_loss":0.0,"gold_gain":0.0,"event_name":"Mushrooms","player_choice":"Fought Mushrooms","floor":8.0,"gold_loss":0.0,"damage_taken":0.0},{"damage_healed":0.0,"max_hp_gain":0.0,"max_hp_loss":0.0,"gold_gain":0.0,"event_name":"Addict","player_choice":"Obtained Relic","floor":20.0,"gold_loss":85.0,"damage_taken":0.0,"relics_obtained":["Dodecahedron"]},{"damage_healed":0.0,"max_hp_gain":5.0,"max_hp_loss":0.0,"gold_gain":0.0,"event_name":"Forgotten Altar","player_choice":"Shed Blood","floor":21.0,"gold_loss":0.0,"damage_taken":18.0},{"damage_healed":0.0,"max_hp_gain":0.0,"max_hp_loss":0.0,"gold_gain":0.0,"cards_transformed":["Strike_G"],"event_name":"Transmorgrifier","player_choice":"Transformed","floor":36.0,"gold_loss":0.0,"damage_taken":0.0,"cards_obtained":["Unload"]},{"damage_healed":62.0,"max_hp_gain":0.0,"max_hp_loss":0.0,"gold_gain":0.0,"event_name":"MindBloom","player_choice":"Heal","floor":47.0,"gold_loss":0.0,"damage_taken":0.0,"cards_obtained":["Doubt"]},{"damage_healed":0.0,"max_hp_gain":0.0,"max_hp_loss":0.0,"gold_gain":0.0,"event_name":"Mysterious Sphere","player_choice":"Ignored","floor":48.0,"gold_loss":0.0,"damage_taken":0.0}],"is_beta":false,"boss_relics":[{"not_picked":["Empty Cage","Orrery"],"picked":"Sozu"},{"not_picked":["Runic Pyramid","Coffee Dripper"],"picked":"Cursed Key"}],"items_purged_floors":[],"is_endless":false,"potions_floor_spawned":[1,8,10,13,25,30,31,35,38,41,44],"ascension_level":13}