{"gold_per_floor":[112,128,146,43,43,43,43,58,85,85,85,112,131,1,1,105,105,116,116,0,14,14,14,41,41,109,129,129,149,168,443,443,443],"floor_reached":33,"playtime":3522,"items_purged":[],"score":318,"play_id":"0a8bd47c-faaf-46ae-aed7-08a619649958","local_time":"20181105144034","is_ascension_mode":true,"campfire_choices":[{"floor":6,"key":"REST"},{"floor":15,"key":"REST"},{"floor":23,"key":"REST"},{"floor":25,"key":"REST"},{"floor":28,"key":"REST"},{"floor":32,"key":"REST"}],"neow_cost":"NONE","seed_source_timestamp":102561637212821,"circlet_count":0,"master_deck":["Defend_G","Defend_G","Defend_G","Defend_G","Strike_G","Strike_G","Survivor","Neutralize","Catalyst","Acrobatics","Deadly Poison","Noxious Fumes","Prepared","Slice","A Thousand Cuts","Dodge and Roll","Deadly Poison","Backstab","PiercingWail","Corpse Explosion","After Image+1","Corpse Explosion+1","Footwork+1","Dash","Caltrops+1","Deflect","Backstab","Poisoned Stab","Prepared+1","Regret","Finisher"],"relics":["Lizard Tail","Vajra","Dream Catcher","Ninja Scroll","Astrolabe","MutagenicStrength","Kunai","Bottled Tornado"],"potions_floor_usage":[8,16,33,33,33],"damage_taken":[{"damage":8,"enemies":"Small Slimes","floor":1,"turns":6},{"damage":2,"enemies":"Cultist","floor":2,"turns":5},{"damage":7,"enemies":"Jaw Worm","floor":3,"turns":6},{"damage":1,"enemies":"2 Fungi Beasts","floor":8,"turns":3},{"damage":24,"enemies":"3 Sentries","floor":12,"turns":8},{"damage":0,"enemies":"Exordium Wildlife","floor":13,"turns":2},{"damage":36,"enemies":"Slime Boss","floor":16,"turns":11},{"damage":3,"enemies":"Spheric Guardian","floor":18,"turns":5},{"damage":22,"enemies":"Colosseum Slavers","floor":19,"turns":5},{"damage":7,"enemies":"3 Byrds","floor":21,"turns":3},{"damage":63,"enemies":"Book of Stabbing","floor":24,"turns":8},{"damage":9,"enemies":"Snake Plant","floor":27,"turns":4},{"damage":5,"enemies":"3 Cultists","floor":29,"turns":4},{"damage":12,"enemies":"Centurion and Healer","floor":30,"turns":4},{"damage":79,"enemies":"Champ","floor":33,"turns":11}],"seed_played":"1264060921125627350","potions_obtained":[{"floor":3,"key":"Fire Potion"},{"floor":8,"key":"Weak Potion"},{"floor":27,"key":"AttackPotion"},{"floor":29,"key":"Strength Potion"},{"floor":30,"key":"GhostInAJar"}],"is_trial":false,"path_per_floor":["M","M","M","$","?","R","?","M","T","?","?","E","M","$","R","B",null,"M","?","?","M","?","R","E","R","T","M","R","M","M","?","R","B"],"character_chosen":"THE_SILENT","items_purchased":["Noxious Fumes","Prepared","Deadly Poison","Backstab"],"campfire_rested":6,"item_purchase_floors":[4,4,14,14],"current_hp_per_floor":[62,60,53,53,46,67,60,59,59,59,59,35,35,35,56,20,70,67,45,45,38,38,59,35,56,56,47,68,63,51,51,70,0],"gold":443,"neow_bonus":"BOSS_RELIC","is_prod":false,"is_daily":false,"chose_seed":false,"campfire_upgraded":0,"win_rate":0,"timestamp":1541457634,"path_taken":["M","M","M","$","?","R","?","?","T","?","?","E","M","?","R","BOSS","M","?","?","M","?","R","E","R","T","M","R","M","M","?","R","BOSS"],"build_version":"2018-11-01","purchased_purges":0,"victory":false,"max_hp_per_floor":[70,70,70,70,70,70,70,70,70,70,70,70,70,70,70,70,70,70,70,70,70,70,70,70,70,70,70,70,70,70,70,70,70],"card_choices":[{"not_picked":["Acrobatics","Sucker Punch"],"picked":"Catalyst","floor":1},{"not_picked":["Flechettes","Choke"],"picked":"Acrobatics","floor":2},{"not_picked":["Burst","Terror"],"picked":"Deadly Poison","floor":3},{"not_picked":["Deflect","Riddle With Holes"],"picked":"Slice","floor":8},{"not_picked":["Eviscerate","Slice"],"picked":"A Thousand Cuts","floor":12},{"not_picked":["Prepared","Accuracy"],"picked":"Dodge and Roll","floor":13},{"not_picked":["Endless Agony","Prepared"],"picked":"PiercingWail","floor":15},{"not_picked":["After Image","Glass Knife"],"picked":"Corpse Explosion","floor":16},{"not_picked":["Setup","Quick Slash","Expertise"],"picked":"SKIP","floor":18},{"not_picked":["Flechettes","Poisoned Stab+1"],"picked":"Dash","floor":21},{"not_picked":["Terror","Infinite Blades"],"picked":"Caltrops+1","floor":24},{"not_picked":["Acrobatics+1","Slice+1"],"picked":"Deflect","floor":25},{"not_picked":["Flechettes","Sucker Punch"],"picked":"Backstab","floor":27},{"not_picked":["Blade Dance","Dagger Spray"],"picked":"Poisoned Stab","floor":29},{"not_picked":["Unload","Dagger Throw"],"picked":"Prepared+1","floor":30},{"not_picked":["Accuracy","Dodge and Roll"],"picked":"Finisher","floor":32}],"player_experience":478825,"relics_obtained":[{"floor":9,"key":"Dream Catcher"},{"floor":12,"key":"Ninja Scroll"},{"floor":24,"key":"Kunai"},{"floor":26,"key":"Bottled Tornado"}],"event_choices":[{"damage_healed":0,"gold_gain":0,"player_choice":"Success","damage_taken":7,"relics_obtained":["Vajra"],"max_hp_gain":0,"max_hp_loss":0,"event_name":"Scrap Ooze","floor":5,"gold_loss":0},{"damage_healed":0,"gold_gain":0,"player_choice":"Damaged","damage_taken":7,"max_hp_gain":0,"max_hp_loss":0,"event_name":"Wheel of Change","floor":7,"gold_loss":0},{"cards_removed":["Strike_G"],"damage_healed":0,"gold_gain":0,"player_choice":"Forget","damage_taken":0,"max_hp_gain":0,"max_hp_loss":0,"event_name":"Living Wall","floor":10,"gold_loss":0},{"damage_healed":0,"gold_gain":0,"player_choice":"Ignored","damage_taken":0,"max_hp_gain":0,"max_hp_loss":0,"event_name":"Shining Light","floor":11,"gold_loss":0},{"damage_healed":0,"gold_gain":0,"player_choice":"Fight","damage_taken":0,"max_hp_gain":0,"max_hp_loss":0,"event_name":"Colosseum","floor":19,"gold_loss":0},{"damage_healed":0,"gold_gain":0,"player_choice":"Fled From Nobs","damage_taken":0,"max_hp_gain":0,"max_hp_loss":0,"event_name":"Colosseum","floor":19,"gold_loss":0},{"damage_healed":0,"gold_gain":0,"player_choice":"Paid Fearfully","damage_taken":0,"max_hp_gain":0,"max_hp_loss":0,"event_name":"Masked Bandits","floor":20,"gold_loss":116},{"damage_healed":0,"gold_gain":0,"player_choice":"Inject Mutagens","damage_taken":0,"relics_obtained":["MutagenicStrength"],"max_hp_gain":0,"max_hp_loss":0,"event_name":"Drug Dealer","floor":22,"gold_loss":0},{"damage_healed":0,"gold_gain":275,"player_choice":"Desecrate","damage_taken":0,"max_hp_gain":0,"max_hp_loss":0,"event_name":"Golden Shrine","floor":31,"gold_loss":0,"cards_obtained":["Regret"]}],"is_beta":false,"boss_relics":[{"not_picked":["HoveringKite","Philosopher\u0027s Stone"],"picked":"Astrolabe"}],"items_purged_floors":[],"is_endless":false,"potions_floor_spawned":[3,8,27,29,30],"killed_by":"Champ","ascension_level":4}