{"gold_per_floor":[118,118,133,133,208,208,236,236,236,236,236,9,20,54,54,153,153,171,184,184,184,197,197,225,239,290,290],"floor_reached":27,"playtime":1203,"items_purged":[],"score":287,"play_id":"016e912e-12e0-4b97-8e56-31096519d607","local_time":"20181019172825","is_ascension_mode":true,"campfire_choices":[{"floor":6,"key":"REST"},{"floor":8,"key":"REST"},{"floor":10,"key":"REST"},{"floor":15,"key":"REST"},{"floor":23,"key":"REST"}],"neow_cost":"NONE","seed_source_timestamp":203029344803706,"circlet_count":0,"master_deck":["Strike_R","Strike_R","Strike_R","Defend_R","Defend_R","Defend_R","Defend_R","Bash","Cleave","Heavy Blade","Thunderclap","Battle Trance","Immolate","Thunderclap","Sword Boomerang+1","RitualDagger","Anger","Flex"],"relics":["Burning Blood","Bronze Scales","Omamori","Pen Nib","Shuriken","Lizard Tail","MutagenicStrength","Centennial Puzzle","Ancient Tea Set"],"potions_floor_usage":[14,19],"damage_taken":[{"damage":9,"enemies":"2 Louse","floor":1,"turns":2},{"damage":7,"enemies":"Jaw Worm","floor":3,"turns":3},{"damage":50,"enemies":"3 Sentries","floor":7,"turns":8},{"damage":1,"enemies":"Cultist","floor":13,"turns":3},{"damage":36,"enemies":"Lagavulin","floor":14,"turns":6},{"damage":87,"enemies":"The Guardian","floor":16,"turns":11},{"damage":34,"enemies":"2 Thieves","floor":18,"turns":3},{"damage":33,"enemies":"Shell Parasite","floor":19,"turns":4},{"damage":24,"enemies":"Centurion and Healer","floor":22,"turns":4},{"damage":33,"enemies":"Book of Stabbing","floor":24,"turns":3},{"damage":38,"enemies":"Snake Plant","floor":25,"turns":3},{"damage":38,"enemies":"Shelled Parasite and Fungi","floor":27,"turns":2}],"seed_played":"-9134072780411933113","potions_obtained":[{"floor":13,"key":"EssenceOfSteel"},{"floor":18,"key":"AttackPotion"},{"floor":24,"key":"GamblersBrew"}],"is_trial":false,"path_per_floor":["M","?","M","?","?","R","E","R","T","R","?","$","M","E","R","B",null,"M","M","?","?","M","R","E","M","T"],"character_chosen":"IRONCLAD","items_purchased":["Pen Nib","Battle Trance"],"campfire_rested":5,"item_purchase_floors":[12,12],"current_hp_per_floor":[85,90,89,89,78,93,49,76,76,93,93,93,93,63,90,9,93,65,38,38,32,14,41,14,28,28,0],"gold":290,"neow_bonus":"TEN_PERCENT_HP_BONUS","is_prod":false,"is_daily":false,"chose_seed":false,"campfire_upgraded":0,"win_rate":0,"timestamp":1539995305,"path_taken":["M","?","M","?","?","R","E","R","T","R","?","$","?","E","R","BOSS","M","M","?","?","M","R","E","M","T","M"],"build_version":"2018-10-18","purchased_purges":0,"victory":false,"max_hp_per_floor":[88,93,93,93,93,93,93,93,93,93,93,93,93,93,93,93,93,93,93,93,93,93,93,93,93,93,93],"card_choices":[{"not_picked":["Headbutt","Sword Boomerang"],"picked":"Cleave","floor":1},{"not_picked":["Iron Wave","Sever Soul"],"picked":"Heavy Blade","floor":3},{"not_picked":["Fiend Fire","Clothesline"],"picked":"Thunderclap","floor":7},{"not_picked":["Heavy Blade","Seeing Red","Clash"],"picked":"SKIP","floor":13},{"not_picked":["Intimidate","Metallicize","Clothesline"],"picked":"SKIP","floor":14},{"not_picked":["Dark Embrace","Juggernaut"],"picked":"Immolate","floor":16},{"not_picked":["Iron Wave+1","Bloodletting"],"picked":"Thunderclap","floor":18},{"not_picked":["Carnage","Hemokinesis"],"picked":"Sword Boomerang+1","floor":19},{"not_picked":["Cleave","Sword Boomerang"],"picked":"Anger","floor":22},{"not_picked":["Clothesline","Clash"],"picked":"Flex","floor":24},{"not_picked":["True Grit","Havoc","Seeing Red"],"picked":"SKIP","floor":25}],"player_experience":440070,"relics_obtained":[{"floor":7,"key":"Bronze Scales"},{"floor":9,"key":"Omamori"},{"floor":14,"key":"Shuriken"},{"floor":24,"key":"Centennial Puzzle"},{"floor":26,"key":"Ancient Tea Set"}],"event_choices":[{"damage_healed":0,"gold_gain":0,"player_choice":"Donut","damage_taken":0,"max_hp_gain":5,"max_hp_loss":0,"event_name":"Big Fish","floor":2,"gold_loss":0},{"cards_removed":["Strike_R"],"damage_healed":0,"gold_gain":0,"player_choice":"Forget","damage_taken":0,"max_hp_gain":0,"max_hp_loss":0,"event_name":"Living Wall","floor":4,"gold_loss":0},{"damage_healed":0,"gold_gain":75,"player_choice":"Gather Gold","damage_taken":11,"max_hp_gain":0,"max_hp_loss":0,"event_name":"World of Goop","floor":5,"gold_loss":0},{"cards_removed":["Strike_R"],"damage_healed":0,"gold_gain":0,"player_choice":"Offered Basic","damage_taken":0,"max_hp_gain":0,"max_hp_loss":0,"event_name":"Bonfire Elementals","floor":11,"gold_loss":0},{"damage_healed":0,"gold_gain":0,"player_choice":"Inject Mutagens","damage_taken":0,"relics_obtained":["MutagenicStrength"],"max_hp_gain":0,"max_hp_loss":0,"event_name":"Drug Dealer","floor":20,"gold_loss":0},{"damage_healed":0,"gold_gain":0,"player_choice":"Joined the Cult","damage_taken":6,"max_hp_gain":0,"max_hp_loss":0,"event_name":"Nest","floor":21,"gold_loss":0,"cards_obtained":["RitualDagger"]}],"is_beta":false,"boss_relics":[{"not_picked":["Empty Cage","Pandora\u0027s Box"],"picked":"Lizard Tail"}],"items_purged_floors":[],"is_endless":false,"potions_floor_spawned":[13,18,24],"killed_by":"Shelled Parasite and Fungi","ascension_level":4}