{"gold_per_floor":[118,131,131,131,181,181,134,134,160,160,191,211,240,251,251,327,327,339,339,339,358,12,46,46,79,79,79,6,22,57,70,70,70],"floor_reached":33,"playtime":1531,"items_purged":[],"score":588,"play_id":"4557f9d7-c4f7-4bce-9756-7c86f19aba1f","local_time":"20181006223347","is_ascension_mode":true,"campfire_choices":[{"data":"Perfected Strike","floor":6.0,"key":"SMITH"},{"data":"Twin Strike","floor":8.0,"key":"SMITH"},{"floor":10.0,"key":"REST"},{"data":"Perfected Strike","floor":15.0,"key":"SMITH"},{"data":"Rampage","floor":24.0,"key":"SMITH"},{"floor":32.0,"key":"REST"}],"neow_cost":"","seed_source_timestamp":0,"circlet_count":0,"master_deck":["Strike_R+1","Strike_R","Strike_R","Strike_R","Strike_R","Defend_R","Defend_R","Defend_R","Defend_R","Bash+1","AscendersBane","Perfected Strike+1","Twin Strike","Twin Strike+1","Shrug It Off","Perfected Strike+1","Armaments","Pommel Strike","Feed","Rampage+1","Headbutt","Cleave","Headbutt","Headbutt","Shrug It Off","Feed","Pommel Strike","Flame Barrier"],"special_seed":0,"relics":["Burning Blood","Whetstone","PreservedInsect","Blood Vial","Snecko Eye","Thread and Needle","Orichalcum","Nunchaku","Mummified Hand","Nloth\u0027s Gift","Smiling Mask"],"potions_floor_usage":[33,33],"damage_taken":[{"damage":15.0,"enemies":"Small Slimes","floor":1.0,"turns":5.0},{"damage":6.0,"enemies":"Cultist","floor":2.0,"turns":3.0},{"damage":40.0,"enemies":"Lagavulin","floor":11.0,"turns":4.0},{"damage":0.0,"enemies":"2 Louse","floor":12.0,"turns":2.0},{"damage":0.0,"enemies":"Gremlin Nob","floor":13.0,"turns":2.0},{"damage":0.0,"enemies":"2 Fungi Beasts","floor":14.0,"turns":3.0},{"damage":46.0,"enemies":"Hexaghost","floor":16.0,"turns":9.0},{"damage":0.0,"enemies":"Spheric Guardian","floor":18.0,"turns":2.0},{"damage":21.0,"enemies":"3 Byrds","floor":21.0,"turns":5.0},{"damage":5.0,"enemies":"Book of Stabbing","floor":23.0,"turns":2.0},{"damage":10.0,"enemies":"Slavers","floor":25.0,"turns":3.0},{"damage":17.0,"enemies":"Shelled Parasite and Fungi","floor":29.0,"turns":3.0},{"damage":4.0,"enemies":"Book of Stabbing","floor":30.0,"turns":3.0},{"damage":20.0,"enemies":"Snake Plant","floor":31.0,"turns":3.0},{"damage":27,"enemies":"Champ","floor":33,"turns":6}],"seed_played":"4690813089053944402","potions_obtained":[{"floor":2.0,"key":"Fire Potion"},{"floor":13.0,"key":"Explosive Potion"},{"floor":16.0,"key":"EssenceOfSteel"},{"floor":25.0,"key":"GamblersBrew"},{"floor":30.0,"key":"Poison Potion"},{"floor":31.0,"key":"AttackPotion"}],"is_trial":false,"path_per_floor":["M","M","?","?","?","R","$","R","T","R","E","M","E","M","R","B",null,"M","?","?","M","$","E","R","E","T","?","$","M","E","M","R"],"character_chosen":"IRONCLAD","items_purchased":["Twin Strike","Thread and Needle","Headbutt","Feed"],"campfire_rested":2,"item_purchase_floors":[7,22,22,28],"current_hp_per_floor":[59,59,48,48,48,48,48,48,48,70,36,42,48,56,56,18,61,69,69,48,38,38,41,41,39,39,39,39,30,34,22,45,20],"gold":70,"neow_bonus":"","is_prod":false,"is_daily":false,"chose_seed":false,"campfire_upgraded":4,"win_rate":0,"timestamp":1538883227,"path_taken":["M","M","?","?","?","R","?","R","T","R","E","M","E","?","R","BOSS","M","?","?","M","$","E","R","E","T","?","?","M","E","M","R","BOSS"],"build_version":"2018-10-04v2","purchased_purges":0,"victory":false,"max_hp_per_floor":[75,75,75,75,75,75,75,75,75,75,75,75,75,75,75,75,75,75,75,75,78,78,78,78,78,78,78,78,78,78,78,78,78],"card_choices":[{"not_picked":["Body Slam","Havoc"],"picked":"Perfected Strike","floor":1.0},{"not_picked":["Flex","Clash"],"picked":"Twin Strike","floor":2.0},{"not_picked":["Burning Pact","Cleave"],"picked":"Shrug It Off","floor":11.0},{"not_picked":["Clothesline","Twin Strike"],"picked":"Perfected Strike","floor":12.0},{"not_picked":["Entrench","Heavy Blade"],"picked":"Armaments","floor":13.0},{"not_picked":["Intimidate","Havoc"],"picked":"Pommel Strike","floor":14.0},{"not_picked":["Bludgeon","Brutality"],"picked":"Feed","floor":16.0},{"not_picked":["Anger+1","Iron Wave"],"picked":"Rampage","floor":18.0},{"not_picked":["Thunderclap","Searing Blow"],"picked":"Cleave","floor":21.0},{"not_picked":["Whirlwind","Corruption"],"picked":"Headbutt","floor":23.0},{"not_picked":["Rupture","Seeing Red"],"picked":"Shrug It Off","floor":25.0},{"not_picked":["Burning Pact","Limit Break"],"picked":"Pommel Strike","floor":29.0},{"not_picked":["Sword Boomerang","Brutality","Second Wind"],"picked":"SKIP","floor":30.0},{"not_picked":["Iron Wave","Sever Soul"],"picked":"Flame Barrier","floor":31.0}],"player_experience":710200,"relics_obtained":[{"floor":9.0,"key":"Whetstone"},{"floor":11.0,"key":"PreservedInsect"},{"floor":13.0,"key":"Blood Vial"},{"floor":20.0,"key":"Nilry\u0027s Codex"},{"floor":23.0,"key":"Orichalcum"},{"floor":25.0,"key":"Nunchaku"},{"floor":26.0,"key":"Mummified Hand"},{"floor":30.0,"key":"Smiling Mask"}],"event_choices":[{"event_name":"Wheel of Change","player_choice":"Damage","floor":3.0,"damage_taken":0.0},{"event_name":"Shining Light","player_choice":"Ignored","floor":4.0,"damage_taken":0.0},{"event_name":"Golden Shrine","player_choice":"Pray","floor":5.0,"damage_taken":0.0},{"event_name":"The Library","player_choice":"Read","floor":19.0,"damage_taken":0.0},{"event_name":"Cursed Tome","player_choice":"Obtained Book","floor":20.0,"damage_taken":0.0},{"event_name":"N\u0027loth","player_choice":"Traded a Nilry\u0027s Codex","floor":27.0,"damage_taken":0.0}],"is_beta":false,"boss_relics":[{"not_picked":["Runic Dome","Astrolabe"],"picked":"Snecko Eye"}],"items_purged_floors":[],"is_endless":false,"potions_floor_spawned":[2,13,16,25,30,31],"killed_by":"Champ","ascension_level":15}