{"gold_per_floor":[118,136,152,166,181,209,227,227,227,227,257,257,257,290,290,394,394,406,331,331,29,0,0,20,51,77,77,111,111,111,122,122,220,220,232,232,30,45,45,45,71,71,71,87,87,87,187,11,11,11],"floor_reached":50,"playtime":2585,"items_purged":["Shame","Regret"],"score":628,"play_id":"5046f25f-a5a5-45ce-b637-9dbadd98f250","local_time":"20180929123521","is_ascension_mode":true,"campfire_choices":[{"floor":8,"key":"REST"},{"floor":12,"key":"REST"},{"floor":13,"key":"REST"},{"floor":15,"key":"REST"},{"data":"Limit Break","floor":23,"key":"SMITH"},{"floor":27,"key":"REST"},{"floor":32,"key":"REST"},{"floor":40,"key":"REST"},{"data":"Iron Wave","floor":42,"key":"SMITH"},{"floor":46,"key":"REST"},{"floor":49,"key":"REST"}],"neow_cost":"TEN_PERCENT_HP_LOSS","seed_source_timestamp":84371126637791,"circlet_count":0,"master_deck":["Strike_R","Strike_R","Defend_R","Defend_R","Defend_R","Defend_R","Bash","Flex","Iron Wave+1","Twin Strike","Flex","Limit Break+1","Warcry+1","Offering+1","Flex+1","Pommel Strike","Flash of Steel","Inflame","Infernal Blade+1","Anger","Anger","J.A.X.+1","Limit Break+1","True Grit+1","Thunderclap","Iron Wave+1","Doubt","PanicButton+1","Shrug It Off+1"],"relics":["Burning Blood","WingedGreaves","Bronze Scales","Toxic Egg 2","Bottled Flame","Darkstone Periapt","Cursed Key","Red Skull","Meat on the Bone","Omamori","Torii","Lizard Tail","Brimstone","Mango","Orichalcum"],"potions_floor_usage":[6,7,28,31,44,50],"damage_taken":[{"damage":6,"enemies":"Cultist","floor":1,"turns":4},{"damage":3,"enemies":"Jaw Worm","floor":2,"turns":5},{"damage":0,"enemies":"Small Slimes","floor":3,"turns":3},{"damage":0,"enemies":"Exordium Wildlife","floor":4,"turns":3},{"damage":6,"enemies":"Blue Slaver","floor":5,"turns":3},{"damage":20,"enemies":"Gremlin Nob","floor":6,"turns":4},{"damage":15,"enemies":"Large Slime","floor":7,"turns":3},{"damage":41,"enemies":"Lagavulin","floor":11,"turns":6},{"damage":22,"enemies":"Gremlin Nob","floor":14,"turns":4},{"damage":63,"enemies":"The Guardian","floor":16,"turns":9},{"damage":2,"enemies":"Chosen","floor":18,"turns":4},{"damage":8,"enemies":"3 Byrds","floor":24,"turns":2},{"damage":22,"enemies":"Book of Stabbing","floor":25,"turns":2},{"damage":45,"enemies":"Slavers","floor":28,"turns":3},{"damage":37,"enemies":"Shelled Parasite and Fungi","floor":31,"turns":4},{"damage":54,"enemies":"Collector","floor":33,"turns":6},{"damage":71,"enemies":"3 Shapes","floor":35,"turns":4},{"damage":10,"enemies":"Orb Walker","floor":38,"turns":2},{"damage":11,"enemies":"Giant Head","floor":41,"turns":4},{"damage":45,"enemies":"Maw","floor":44,"turns":5},{"damage":171,"enemies":"Time Eater","floor":50,"turns":9}],"seed_played":"6565724697871252463","potions_obtained":[{"floor":4,"key":"Weak Potion"},{"floor":6,"key":"Fire Potion"},{"floor":16,"key":"Energy Potion"},{"floor":18,"key":"Dexterity Potion"},{"floor":38,"key":"GamblersBrew"}],"is_trial":false,"path_per_floor":["M","M","M","M","M","E","M","R","T","?","E","R","R","E","R","B",null,"M","?","?","$","?","R","M","E","T","R","E","?","?","M","R","B",null,"M","?","$","M","?","R","E","R","T","M","?","R","?","$","R"],"character_chosen":"IRONCLAD","items_purchased":["Pommel Strike","Flash of Steel","Inflame","Strength Potion","Brimstone","Shrug It Off+1","Fire Potion"],"campfire_rested":9,"item_purchase_floors":[21,21,21,21,37,48,48],"current_hp_per_floor":[72,72,72,72,72,58,49,70,70,63,28,49,70,54,72,15,72,72,72,78,78,78,78,76,60,66,84,57,57,57,38,63,27,84,31,52,52,60,60,84,93,93,99,60,60,91,91,91,104,0],"gold":11,"neow_bonus":"ONE_RARE_RELIC","is_prod":false,"is_daily":false,"chose_seed":false,"campfire_upgraded":2,"win_rate":0,"timestamp":1538249721,"path_taken":["M","M","M","?","M","E","M","R","T","?","E","R","R","E","R","BOSS","M","?","?","$","?","R","?","E","T","R","E","?","?","M","R","BOSS","M","?","$","M","?","R","E","R","T","M","?","R","?","$","R","BOSS"],"build_version":"2018-09-27","purchased_purges":2,"victory":false,"max_hp_per_floor":[72,72,72,72,72,72,72,72,72,72,72,72,72,72,72,72,72,72,72,78,78,78,78,78,78,84,84,84,84,84,84,84,84,84,84,84,84,84,84,84,98,98,104,104,104,104,104,104,104,104],"card_choices":[{"not_picked":["Headbutt","Twin Strike"],"picked":"Flex","floor":1},{"not_picked":["Twin Strike","Clothesline"],"picked":"Iron Wave","floor":2},{"not_picked":["Bloodletting","Havoc"],"picked":"Twin Strike","floor":3},{"not_picked":["Armaments","True Grit"],"picked":"Flex","floor":4},{"not_picked":["Metallicize","Burning Pact","Bloodletting"],"picked":"SKIP","floor":5},{"not_picked":["Fire Breathing","Havoc","Corruption"],"picked":"SKIP","floor":6},{"not_picked":["Headbutt","Wild Strike"],"picked":"Limit Break","floor":7},{"not_picked":["Metallicize","Combust","Thunderclap"],"picked":"SKIP","floor":11},{"not_picked":["Havoc+1","Juggernaut"],"picked":"Warcry+1","floor":14},{"not_picked":["Brutality","Double Tap+1"],"picked":"Offering+1","floor":16},{"not_picked":["Entrench+1","Anger+1"],"picked":"Flex+1","floor":18},{"not_picked":["Rage+1","Disarm+1"],"picked":"Infernal Blade+1","floor":24},{"not_picked":["Sever Soul","Clothesline+1"],"picked":"Anger","floor":25},{"not_picked":["Offering+1","Clothesline"],"picked":"Anger","floor":28},{"not_picked":["Corruption","Body Slam","Combust"],"picked":"SKIP","floor":31},{"not_picked":["Bludgeon","Barricade"],"picked":"Limit Break+1","floor":33},{"not_picked":["Wild Strike+1","Bloodletting+1"],"picked":"True Grit+1","floor":35},{"not_picked":["Body Slam","Flex+1"],"picked":"Thunderclap","floor":38},{"not_picked":["Body Slam","Burning Pact+1"],"picked":"Iron Wave+1","floor":41},{"not_picked":["Warcry+1","Sever Soul","Wild Strike+1"],"picked":"SKIP","floor":44},{"not_picked":["Thinking Ahead+1","Secret Technique+1"],"picked":"PanicButton+1","floor":45}],"player_experience":404366,"relics_obtained":[{"floor":6,"key":"Bronze Scales"},{"floor":9,"key":"Toxic Egg 2"},{"floor":11,"key":"Bottled Flame"},{"floor":14,"key":"Darkstone Periapt"},{"floor":25,"key":"Meat on the Bone"},{"floor":26,"key":"Omamori"},{"floor":28,"key":"Torii"},{"floor":41,"key":"Mango"},{"floor":43,"key":"Orichalcum"}],"event_choices":[{"event_name":"Golden Wing","player_choice":"Card Removal","floor":10,"damage_taken":0},{"event_name":"Beggar","player_choice":"Gave Gold","floor":19,"damage_taken":0},{"event_name":"Addict","player_choice":"Stole Relic","floor":20,"damage_taken":0},{"event_name":"Masked Bandits","player_choice":"Paid Fearfully","floor":22,"damage_taken":0},{"event_name":"Drug Dealer","player_choice":"Got JAX","floor":29,"damage_taken":0},{"event_name":"Forgotten Altar","player_choice":"Smashed Altar","floor":30,"damage_taken":0},{"event_name":"Winding Halls","player_choice":"Writhe","floor":36,"damage_taken":0},{"event_name":"Falling","player_choice":"Removed Attack","floor":39,"damage_taken":0},{"event_name":"SensoryStone","player_choice":"Memory 1","floor":45,"damage_taken":0},{"event_name":"Golden Shrine","player_choice":"Pray","floor":47,"damage_taken":0}],"is_beta":false,"boss_relics":[{"not_picked":["Fusion Hammer","Runic Pyramid"],"picked":"Cursed Key"},{"not_picked":["Velvet Choker","White Beast Statue"],"picked":"Lizard Tail"}],"items_purged_floors":[21,48],"is_endless":false,"potions_floor_spawned":[4,6,16,18,38],"killed_by":"Time Eater","ascension_level":3}