{"gold_per_floor":[113,126,126,136,47,76,76,94,94,94,124,153,163,198,198,277,277,287,287,287,287,45,74,74,74,74,74,48,48,79,60,60,137,187,198,210,8,18,18,18,18,18,18,37,22,22,22,3,3,3],"floor_reached":50,"playtime":3963,"items_purged":[],"score":929,"play_id":"c4742295-0046-4bc7-80f2-f9ef25dccc5f","local_time":"20190603154056","is_ascension_mode":true,"campfire_choices":[{"data":"Envenom","floor":7.0,"key":"SMITH"},{"floor":10.0,"key":"REST"},{"floor":15.0,"key":"REST"},{"floor":24.0,"key":"REST"},{"data":"Blade Dance","floor":27.0,"key":"SMITH"},{"data":"Endless Agony","floor":29.0,"key":"SMITH"},{"floor":32.0,"key":"REST"},{"data":"Glass Knife","floor":40.0,"key":"SMITH"},{"data":"Flash of Steel","floor":41.0,"key":"SMITH"},{"data":"Dash","floor":42.0,"key":"SMITH"},{"floor":47.0,"key":"REST"},{"floor":49.0,"key":"REST"}],"neow_cost":"NONE","seed_source_timestamp":0,"circlet_count":0,"master_deck":["AscendersBane","Defend_G","Defend_G","Defend_G+1","Defend_G","Defend_G","Strike_G","Strike_G","Strike_G","Strike_G","Survivor","Neutralize","Sucker Punch","Deflect","Sucker Punch","Flash of Steel+1","Envenom+1","Blade Dance+1","Quick Slash","Dash+1","Backstab","Endless Agony+1","Storm of Steel","Dagger Spray","Ghostly","Ghostly","Ghostly","Ghostly","Ghostly","Slice","Poisoned Stab","Infinite Blades","Slice+1","Quick Slash","Glass Knife+1","Poisoned Stab","Blade Dance","Backflip","Noxious Fumes","Cloak And Dagger","Terror+1","Corpse Explosion","Caltrops","Envenom+1","Dagger Spray"],"special_seed":0,"relics":["Ring of the Serpent","Letter Opener","Ice Cream","Incense Burner","Odd Mushroom","Bag of Marbles","The Courier","Pear","Lantern","WingedGreaves","Dodecahedron","Tiny House","Membership Card","Bottled Lightning"],"potions_floor_usage":[],"damage_taken":[{"damage":1.0,"enemies":"2 Louse","floor":1.0,"turns":3.0},{"damage":0.0,"enemies":"Cultist","floor":2.0,"turns":5.0},{"damage":4.0,"enemies":"Small Slimes","floor":4.0,"turns":5.0},{"damage":35.0,"enemies":"Lagavulin","floor":6.0,"turns":11.0},{"damage":0.0,"enemies":"Looter","floor":8.0,"turns":4.0},{"damage":20.0,"enemies":"Gremlin Nob","floor":11.0,"turns":5.0},{"damage":5.0,"enemies":"The Mushroom Lair","floor":12.0,"turns":5.0},{"damage":4.0,"enemies":"Blue Slaver","floor":13.0,"turns":4.0},{"damage":7.0,"enemies":"3 Sentries","floor":14.0,"turns":9.0},{"damage":23.0,"enemies":"Slime Boss","floor":16.0,"turns":12.0},{"damage":21.0,"enemies":"Shell Parasite","floor":18.0,"turns":6.0},{"damage":13.0,"enemies":"Slavers","floor":23.0,"turns":12.0},{"damage":0.0,"enemies":"Gremlin Leader","floor":30.0,"turns":6.0},{"damage":2.0,"enemies":"2 Thieves","floor":31.0,"turns":4.0},{"damage":22.0,"enemies":"Collector","floor":33.0,"turns":10.0},{"damage":0.0,"enemies":"Orb Walker","floor":35.0,"turns":3.0},{"damage":0.0,"enemies":"3 Shapes","floor":36.0,"turns":7.0},{"damage":13.0,"enemies":"Spire Growth","floor":38.0,"turns":7.0},{"damage":9.0,"enemies":"Writhing Mass","floor":44.0,"turns":10.0},{"damage":59,"enemies":"Donu and Deca","floor":50,"turns":6}],"seed_played":"-982684914188813","potions_obtained":[{"floor":4.0,"key":"Poison Potion"},{"floor":8.0,"key":"EssenceOfSteel"},{"floor":13.0,"key":"GhostInAJar"},{"floor":16.0,"key":"Strength Potion"},{"floor":31.0,"key":"Weak Potion"},{"floor":34.0,"key":"Swift Potion"},{"floor":35.0,"key":"PowerPotion"},{"floor":38.0,"key":"Swift Potion"}],"is_trial":false,"path_per_floor":["M","M","?","M","$","E","R","M","T","R","E","?","M","E","R","B",null,"M","?","?","T","$","E","R","?","T","R","$","R","E","M","R","B",null,"M","M","$","M","$","R","R","R","T","M","$","?","R","$","R","B"],"character_chosen":"THE_SILENT","items_purchased":["Flash of Steel","Pear","Slice","Infinite Blades","Membership Card","Noxious Fumes","Cloak And Dagger","Caltrops","Dagger Spray"],"campfire_rested":6,"item_purchase_floors":[5,22,22,28,37,37,37,45,48],"current_hp_per_floor":[64,64,64,60,60,25,25,25,25,46,26,21,17,10,31,8,56,35,22,22,22,32,19,33,33,33,33,33,33,33,31,45,23,47,47,47,47,34,34,34,34,34,34,25,25,25,40,40,53,0],"gold":3,"neow_bonus":"TEN_PERCENT_HP_BONUS","is_prod":false,"is_daily":false,"chose_seed":false,"campfire_upgraded":6,"win_rate":0,"timestamp":1559594456,"path_taken":["M","M","?","M","?","E","R","M","T","R","E","?","M","E","R","BOSS","M","?","?","?","$","E","R","?","T","R","?","R","E","M","R","BOSS","M","?","$","M","$","R","R","R","T","M","$","?","R","?","R","BOSS"],"build_version":"2019-01-23","purchased_purges":0,"victory":false,"max_hp_per_floor":[72,72,72,72,72,72,72,72,72,72,72,72,72,72,72,72,72,72,77,38,38,48,48,48,48,48,48,48,48,48,48,48,48,53,53,53,53,53,53,53,53,53,53,53,53,53,53,53,53,53],"card_choices":[{"not_picked":["Well Laid Plans","Tactician"],"picked":"Sucker Punch","floor":1.0},{"not_picked":["Catalyst","Crippling Poison"],"picked":"Deflect","floor":2.0},{"not_picked":["Escape Plan","Skewer"],"picked":"Sucker Punch","floor":4.0},{"not_picked":["Flechettes","Deadly Poison"],"picked":"Envenom","floor":6.0},{"not_picked":["PiercingWail","Masterful Stab"],"picked":"Blade Dance","floor":8.0},{"not_picked":["PiercingWail","Poisoned Stab"],"picked":"Quick Slash","floor":11.0},{"not_picked":["Blur","Poisoned Stab"],"picked":"Dash","floor":12.0},{"not_picked":["Blur","Quick Slash"],"picked":"Backstab","floor":13.0},{"not_picked":["Doppelganger","Bouncing Flask"],"picked":"Endless Agony","floor":14.0},{"not_picked":["Glass Knife","Doppelganger"],"picked":"Storm of Steel","floor":16.0},{"not_picked":["Concentrate","All Out Attack+1"],"picked":"Dagger Spray","floor":18.0},{"not_picked":["Outmaneuver","Acrobatics"],"picked":"Poisoned Stab","floor":23.0},{"not_picked":["PiercingWail","Dash"],"picked":"Slice+1","floor":30.0},{"not_picked":["Deflect","All Out Attack"],"picked":"Quick Slash","floor":31.0},{"not_picked":["Wraith Form v2","Phantasmal Killer"],"picked":"Glass Knife","floor":33.0},{"not_picked":["Deflect","Backflip"],"picked":"Poisoned Stab","floor":34.0},{"not_picked":["Endless Agony","PiercingWail"],"picked":"Blade Dance","floor":35.0},{"not_picked":["Flying Knee","Finisher"],"picked":"Backflip","floor":36.0},{"not_picked":["Outmaneuver+1","Catalyst"],"picked":"Terror+1","floor":38.0},{"not_picked":["Quick Slash","Dodge and Roll+1"],"picked":"Corpse Explosion","floor":44.0}],"player_experience":1403290,"relics_obtained":[{"floor":6.0,"key":"Letter Opener"},{"floor":9.0,"key":"Ice Cream"},{"floor":11.0,"key":"Incense Burner"},{"floor":12.0,"key":"Odd Mushroom"},{"floor":14.0,"key":"Bag of Marbles"},{"floor":21.0,"key":"The Courier"},{"floor":23.0,"key":"Lantern"},{"floor":26.0,"key":"WingedGreaves"},{"floor":30.0,"key":"Dodecahedron"},{"floor":43.0,"key":"Bottled Lightning"}],"event_choices":[{"cards_removed":["Strike_G"],"damage_healed":0.0,"max_hp_gain":0.0,"max_hp_loss":0.0,"gold_gain":0.0,"event_name":"Bonfire Elementals","player_choice":"Offered Basic","floor":3.0,"gold_loss":0.0,"damage_taken":0.0},{"damage_healed":0.0,"max_hp_gain":0.0,"max_hp_loss":0.0,"gold_gain":0.0,"event_name":"Mushrooms","player_choice":"Fought Mushrooms","floor":12.0,"gold_loss":0.0,"damage_taken":0.0},{"damage_healed":0.0,"max_hp_gain":5.0,"max_hp_loss":0.0,"gold_gain":0.0,"event_name":"Forgotten Altar","player_choice":"Shed Blood","floor":19.0,"gold_loss":0.0,"damage_taken":18.0},{"damage_healed":0.0,"max_hp_gain":0.0,"max_hp_loss":39.0,"gold_gain":0.0,"event_name":"Ghosts","player_choice":"Became a Ghost","floor":20.0,"gold_loss":0.0,"damage_taken":0.0,"cards_obtained":["Ghostly","Ghostly","Ghostly","Ghostly","Ghostly"]},{"damage_healed":0.0,"max_hp_gain":0.0,"max_hp_loss":0.0,"gold_gain":0.0,"event_name":"Duplicator","player_choice":"Copied","floor":46.0,"gold_loss":0.0,"damage_taken":0.0,"cards_obtained":["Envenom"]}],"is_beta":false,"boss_relics":[{"not_picked":["Empty Cage","Ectoplasm"],"picked":"Ring of the Serpent"},{"not_picked":["Pandora\u0027s Box","Calling Bell"],"picked":"Tiny House"}],"items_purged_floors":[],"is_endless":false,"potions_floor_spawned":[4,8,13,16,31,35,38],"killed_by":"Donu and Deca","ascension_level":14}