{"gold_per_floor":[113,127,137,137,287,287,301,301,324,324,344,344,357,370,370,370],"floor_reached":16,"playtime":521,"items_purged":[],"score":165,"play_id":"3f31386c-5bab-44a0-b9b8-3a99ae9c0089","local_time":"20181005105427","is_ascension_mode":true,"campfire_choices":[{"data":"Entrench","floor":6,"key":"SMITH"},{"data":"Uppercut","floor":8,"key":"SMITH"},{"data":"Immolate","floor":10,"key":"SMITH"},{"data":"Pommel Strike","floor":15,"key":"SMITH"}],"neow_cost":"TEN_PERCENT_HP_LOSS","seed_source_timestamp":1986397268561231,"circlet_count":0,"master_deck":["Strike_R","Strike_R","Strike_R","Strike_R","Strike_R","Defend_R","Defend_R","Defend_R","Defend_R","Bash","AscendersBane","Immolate+1","Entrench+1","Flex","Uppercut+1","Doubt","Shrug It Off","Pommel Strike+1","Battle Trance","Metallicize"],"relics":["Burning Blood","CultistMask","Red Skull","PreservedInsect"],"potions_floor_usage":[16],"damage_taken":[{"damage":0,"enemies":"2 Louse","floor":1,"turns":3},{"damage":1,"enemies":"Cultist","floor":2,"turns":3},{"damage":14,"enemies":"Jaw Worm","floor":3,"turns":4},{"damage":0,"enemies":"2 Fungi Beasts","floor":7,"turns":2},{"damage":5,"enemies":"Red Slaver","floor":11,"turns":4},{"damage":3,"enemies":"Looter","floor":13,"turns":3},{"damage":4,"enemies":"Blue Slaver","floor":14,"turns":2},{"damage":16,"enemies":"Slime Boss","floor":16,"turns":5}],"seed_played":"-407149475447076788","potions_obtained":[{"floor":1,"key":"EssenceOfSteel"},{"floor":3,"key":"Strength Potion"}],"is_trial":false,"path_per_floor":["M","M","M","?","?","R","M","R","T","R","M","T","M","M","R"],"character_chosen":"IRONCLAD","items_purchased":[],"campfire_rested":0,"item_purchase_floors":[],"current_hp_per_floor":[68,68,60,60,60,60,66,66,66,66,67,67,68,68,68,52],"gold":370,"neow_bonus":"THREE_RARE_CARDS","is_prod":false,"is_daily":false,"chose_seed":false,"campfire_upgraded":4,"win_rate":0,"timestamp":1538754867,"path_taken":["M","M","M","?","?","R","M","R","T","R","?","?","M","?","R","BOSS"],"build_version":"2018-10-04","purchased_purges":0,"victory":false,"max_hp_per_floor":[68,68,68,68,68,68,68,68,68,68,68,68,68,68,68,68],"card_choices":[{"not_picked":["Demon Form","Bludgeon"],"picked":"Immolate","floor":0},{"not_picked":["Corruption","Sentinel"],"picked":"Entrench","floor":1},{"not_picked":["Clash","Clothesline"],"picked":"Flex","floor":2},{"not_picked":["Havoc","Clothesline"],"picked":"Uppercut","floor":3},{"not_picked":["Sentinel","Clash"],"picked":"Shrug It Off","floor":7},{"not_picked":["Metallicize","Rupture"],"picked":"Pommel Strike","floor":11},{"not_picked":["Exhume","Pommel Strike"],"picked":"Battle Trance","floor":13},{"not_picked":["Perfected Strike","Searing Blow"],"picked":"Metallicize","floor":14}],"player_experience":699077,"relics_obtained":[{"floor":9,"key":"Red Skull"},{"floor":12,"key":"PreservedInsect"}],"event_choices":[{"event_name":"FaceTrader","player_choice":"Trade","floor":4,"damage_taken":0},{"event_name":"Liars Game","player_choice":"agreed","floor":5,"damage_taken":0}],"is_beta":false,"boss_relics":[],"items_purged_floors":[],"is_endless":false,"potions_floor_spawned":[1,3],"killed_by":"Slime Boss","ascension_level":15}