{"gold_per_floor":[119,119,194,194,194,223,240,240,318,338,369,381,381,407,407,503,503,518,518,85,103,103,103,137,137,137,170,170,182,195,224,224,327,327,342,342,395,35,135,135,166,166,216,216,265,279,279,326,326,326],"floor_reached":51,"playtime":1467,"items_purged":["Grand Finale+1"],"score":1164,"play_id":"814860bf-45da-4031-b349-72427dbe688f","local_time":"20190703105423","is_ascension_mode":true,"campfire_choices":[{"data":"Neutralize","floor":8,"key":"SMITH"},{"floor":15,"key":"REST"},{"data":"Deflect","floor":23,"key":"SMITH"},{"data":"Corpse Explosion","floor":25,"key":"SMITH"},{"floor":32,"key":"REST"},{"data":"1","floor":40,"key":"LIFT"},{"floor":42,"key":"DIG"},{"floor":44,"key":"DIG"},{"floor":49,"key":"REST"}],"neow_cost":"NONE","seed_source_timestamp":460948206324300,"circlet_count":0,"master_deck":["Survivor","Neutralize+1","Quick Slash","Malaise","Dagger Spray+1","Normality","Backstab+1","PiercingWail+1","Poisoned Stab+1","Shame","Corpse Explosion+1","Deflect+1","Finisher+1","Dagger Throw+1","Backflip","PiercingWail","Cloak And Dagger","Blade Dance","Setup","Flying Knee+1","Writhe","Skewer+1","Writhe","Malaise+1","Decay","Regret","Writhe","Adrenaline","Writhe","Writhe","Normality","Pain"],"relics":["Cursed Key","Molten Egg 2","Du-Vu Doll","Bottled Lightning","Potion Belt","The Courier","Pandora\u0027s Box","Shuriken","Chemical X","Mummified Hand","Ancient Tea Set","Centennial Puzzle","Gambling Chip","Ninja Scroll","Calling Bell","Anchor","Pear","Shovel","Girya","Pen Nib","Membership Card","Tiny Chest","War Paint","Bird Faced Urn","Boot","Dodecahedron","Bag of Preparation","Juzu Bracelet","Strawberry","Bronze Scales"],"potions_floor_usage":[14,16,16,21,27,27,50,50,50,50],"damage_taken":[{"damage":0,"enemies":"Small Slimes","floor":1,"turns":4},{"damage":16,"enemies":"Lagavulin","floor":6,"turns":9},{"damage":1,"enemies":"2 Louse","floor":7,"turns":3},{"damage":1,"enemies":"Jaw Worm","floor":10,"turns":2},{"damage":3,"enemies":"Gremlin Nob","floor":11,"turns":4},{"damage":2,"enemies":"Large Slime","floor":12,"turns":4},{"damage":9,"enemies":"Lagavulin","floor":14,"turns":5},{"damage":15,"enemies":"Slime Boss","floor":16,"turns":9},{"damage":10,"enemies":"Spheric Guardian","floor":18,"turns":4},{"damage":0,"enemies":"Shell Parasite","floor":21,"turns":1},{"damage":0,"enemies":"Gremlin Leader","floor":24,"turns":5},{"damage":27,"enemies":"Book of Stabbing","floor":27,"turns":5},{"damage":0,"enemies":"3 Cultists","floor":29,"turns":2},{"damage":0,"enemies":"Centurion and Healer","floor":30,"turns":3},{"damage":1,"enemies":"Slavers","floor":31,"turns":2},{"damage":7,"enemies":"Collector","floor":33,"turns":6},{"damage":0,"enemies":"Orb Walker","floor":35,"turns":1},{"damage":32,"enemies":"2 Orb Walkers","floor":37,"turns":4},{"damage":1,"enemies":"Mind Bloom Boss Battle","floor":39,"turns":3},{"damage":14,"enemies":"Reptomancer","floor":41,"turns":3},{"damage":0,"enemies":"3 Shapes","floor":46,"turns":1},{"damage":44,"enemies":"Awakened One","floor":50,"turns":6}],"seed_played":"8872148862219735254","potions_obtained":[{"floor":11,"key":"GamblersBrew"},{"floor":12,"key":"Swift Potion"},{"floor":14,"key":"Dexterity Potion"},{"floor":16,"key":"FearPotion"},{"floor":18,"key":"Fire Potion"},{"floor":21,"key":"GamblersBrew"},{"floor":24,"key":"SpeedPotion"},{"floor":33,"key":"SteroidPotion"},{"floor":37,"key":"GhostInAJar"},{"floor":46,"key":"Fire Potion"}],"is_trial":false,"path_per_floor":["M","?","?","?","?","E","M","R","T","M","E","M","?","E","R","B",null,"M","?","$","M","?","R","E","R","T","E","?","M","M","E","R","B",null,"M","?","?","$","?","R","E","R","T","R","T","M","?","T","R","B",null],"character_chosen":"THE_SILENT","items_purchased":["Shuriken","Chemical X","Pen Nib","Membership Card","Tiny Chest","War Paint"],"campfire_rested":3,"item_purchase_floors":[20,20,38,38,38,38],"current_hp_per_floor":[70,70,59,59,45,29,28,28,28,27,24,22,22,13,34,19,70,60,60,60,60,60,60,60,60,60,33,20,20,20,19,41,34,85,85,85,53,53,52,52,40,40,40,40,47,47,47,47,74,30],"gold":326,"neow_bonus":"BOSS_RELIC","is_prod":false,"is_daily":false,"chose_seed":false,"campfire_upgraded":3,"win_rate":0,"timestamp":1562165663,"path_taken":["M","?","?","?","?","E","M","R","T","?","E","M","?","E","R","BOSS","M","?","$","M","?","R","E","R","T","E","?","M","M","E","R","BOSS","M","?","?","?","?","R","E","R","T","R","?","M","?","?","R","BOSS"],"build_version":"2019-01-23","purchased_purges":1,"victory":true,"max_hp_per_floor":[70,70,70,70,70,70,70,70,70,70,70,70,70,70,70,70,70,70,70,70,70,70,70,70,70,70,70,75,75,75,75,75,75,85,85,85,85,85,85,85,85,85,85,85,92,92,92,92,92,92],"card_choices":[{"not_picked":["Bane","Reflex"],"picked":"Quick Slash","floor":1},{"not_picked":["Sucker Punch+1","Cloak And Dagger"],"picked":"Malaise","floor":6},{"not_picked":["Prepared","Cloak And Dagger"],"picked":"Dagger Spray+1","floor":7},{"not_picked":["Cloak And Dagger","Escape Plan"],"picked":"Backstab+1","floor":10},{"not_picked":["Masterful Stab+1","A Thousand Cuts"],"picked":"PiercingWail","floor":11},{"not_picked":["PiercingWail","Calculated Gamble"],"picked":"Poisoned Stab+1","floor":12},{"not_picked":["A Thousand Cuts","Backflip","Deadly Poison"],"picked":"SKIP","floor":14},{"not_picked":["Die Die Die+1","Unload+1"],"picked":"Corpse Explosion","floor":16},{"not_picked":["Poisoned Stab+1","Flying Knee+1","Acrobatics"],"picked":"SKIP","floor":18},{"not_picked":["Quick Slash+1","Dagger Spray+1","Underhanded Strike+1"],"picked":"SKIP","floor":21},{"not_picked":["All Out Attack+1","Bane+1"],"picked":"Skewer+1","floor":24},{"not_picked":["Outmaneuver","Skewer+1"],"picked":"Footwork","floor":27},{"not_picked":["Backflip+1","Masterful Stab+1","Acrobatics"],"picked":"SKIP","floor":29},{"not_picked":["Endless Agony+1","Dagger Throw+1","Distraction+1"],"picked":"SKIP","floor":30},{"not_picked":["Footwork","Dagger Spray+1","Slice+1"],"picked":"SKIP","floor":31},{"not_picked":["Storm of Steel","Envenom"],"picked":"Malaise","floor":33},{"not_picked":["Blur+1","Infinite Blades"],"picked":"Adrenaline","floor":35},{"not_picked":["Backflip","Expertise","Slice+1"],"picked":"SKIP","floor":41},{"not_picked":["Blade Dance","Calculated Gamble","Dodge and Roll+1"],"picked":"SKIP","floor":46}],"player_experience":94100,"relics_obtained":[{"floor":6,"key":"Du-Vu Doll"},{"floor":9,"key":"Bottled Lightning"},{"floor":11,"key":"Potion Belt"},{"floor":14,"key":"The Courier"},{"floor":24,"key":"Ancient Tea Set"},{"floor":26,"key":"Centennial Puzzle"},{"floor":27,"key":"Gambling Chip"},{"floor":31,"key":"Ninja Scroll"},{"floor":34,"key":"Anchor"},{"floor":34,"key":"Pear"},{"floor":34,"key":"Shovel"},{"floor":37,"key":"Girya"},{"floor":39,"key":"Bird Faced Urn"},{"floor":41,"key":"Boot"},{"floor":42,"key":"Dodecahedron"},{"floor":43,"key":"Bag of Preparation"},{"floor":44,"key":"Juzu Bracelet"},{"floor":45,"key":"Strawberry"},{"floor":48,"key":"Bronze Scales"}],"event_choices":[{"damage_healed":0,"gold_gain":0,"player_choice":"Box","damage_taken":0,"relics_obtained":["Molten Egg 2"],"max_hp_gain":0,"max_hp_loss":0,"event_name":"Big Fish","floor":2,"gold_loss":0,"cards_obtained":["Regret"]},{"damage_healed":0,"gold_gain":75,"player_choice":"Gather Gold","damage_taken":11,"max_hp_gain":0,"max_hp_loss":0,"event_name":"World of Goop","floor":3,"gold_loss":0},{"damage_healed":0,"gold_gain":0,"player_choice":"Ignored","damage_taken":0,"max_hp_gain":0,"max_hp_loss":0,"event_name":"Liars Game","floor":4,"gold_loss":0},{"damage_healed":0,"gold_gain":0,"player_choice":"Entered Light","damage_taken":14,"max_hp_gain":0,"max_hp_loss":0,"event_name":"Shining Light","floor":5,"gold_loss":0,"cards_upgraded":["Defend_G","Strike_G"]},{"damage_healed":0,"gold_gain":0,"cards_transformed":["Regret"],"player_choice":"Change","damage_taken":0,"max_hp_gain":0,"max_hp_loss":0,"event_name":"Living Wall","floor":13,"gold_loss":0,"cards_obtained":["Shame"]},{"damage_healed":0,"gold_gain":0,"player_choice":"Simplicity","damage_taken":0,"max_hp_gain":0,"max_hp_loss":0,"event_name":"Back to Basics","floor":19,"gold_loss":0,"cards_upgraded":[]},{"damage_healed":0,"gold_gain":0,"player_choice":"Opened","damage_taken":0,"relics_obtained":["Mummified Hand"],"max_hp_gain":0,"max_hp_loss":0,"event_name":"The Mausoleum","floor":22,"gold_loss":0,"cards_obtained":["Writhe"]},{"damage_healed":0,"gold_gain":0,"player_choice":"Shed Blood","damage_taken":18,"max_hp_gain":5,"max_hp_loss":0,"event_name":"Forgotten Altar","floor":28,"gold_loss":0},{"damage_healed":21,"gold_gain":0,"player_choice":"Writhe","damage_taken":0,"max_hp_gain":0,"max_hp_loss":0,"event_name":"Winding Halls","floor":36,"gold_loss":0,"cards_obtained":["Writhe"]},{"damage_healed":0,"gold_gain":0,"player_choice":"Fight","damage_taken":0,"max_hp_gain":0,"max_hp_loss":0,"event_name":"Mysterious Sphere","floor":37,"gold_loss":0},{"damage_healed":0,"gold_gain":0,"player_choice":"Fight","damage_taken":0,"max_hp_gain":0,"max_hp_loss":0,"event_name":"MindBloom","floor":39,"gold_loss":0},{"cards_removed":["Footwork"],"damage_healed":0,"gold_gain":0,"player_choice":"Removed Power","damage_taken":0,"max_hp_gain":0,"max_hp_loss":0,"event_name":"Falling","floor":47,"gold_loss":0}],"is_beta":false,"boss_relics":[{"not_picked":["Empty Cage","Busted Crown"],"picked":"Pandora\u0027s Box"},{"not_picked":["White Beast Statue","Coffee Dripper"],"picked":"Calling Bell"}],"items_purged_floors":[20],"is_endless":false,"potions_floor_spawned":[11,12,14,16,18,21,24,33,37,46],"ascension_level":4}