{"gold_per_floor":[110,110,130,145,162,162,197,197,197,197,216,248,264,264,264,362,362,378,396,5,15,29,29,63,263,342,369,19,19,19,29,29,132,182,198,1197,1209,1222,300,300,319,319,319,330,0,0,15,29,29,29],"floor_reached":51,"playtime":7869,"items_purged":["Normality"],"score":766,"play_id":"86242fcb-916c-4b7a-98e0-a6603936b7da","local_time":"20180903223415","is_ascension_mode":true,"campfire_choices":[{"floor":6,"key":"REST"},{"data":"Noxious Fumes","floor":8,"key":"SMITH"},{"data":"Neutralize","floor":10,"key":"SMITH"},{"floor":15,"key":"REST"},{"floor":23,"key":"REST"},{"floor":32,"key":"REST"},{"floor":40,"key":"REST"},{"floor":42,"key":"REST"},{"floor":49,"key":"REST"}],"neow_cost":"TEN_PERCENT_HP_LOSS","seed_source_timestamp":384313968244172,"circlet_count":0,"master_deck":["Defend_G","Defend_G","Defend_G","Strike_G","Strike_G","Strike_G","Strike_G+1","Survivor","Neutralize+1","After Image+1","Footwork","Noxious Fumes+1","PiercingWail","Quick Slash","Prepared","Doppelganger","Backflip","PiercingWail","Deadly Poison","Adrenaline","Noxious Fumes","Deadly Poison","Flying Knee","Deadly Poison","Crippling Poison","Backstab","Footwork","Bane","Venomology","Normality","Bane+1","Dramatic Entrance","Calculated Gamble","Violence","PiercingWail+1","Dash"],"relics":["Ring of the Serpent","Regal Pillow","Centennial Puzzle","Darkstone Periapt","Mercury Hourglass","Bronze Scales","Bag of Preparation","Bottled Tornado","Bag of Marbles","The Specimen","MutagenicStrength","Tiny House","TheAbacus","Lantern","Boot","The Courier","Red Mask"],"potions_floor_usage":[5,11,19,24,24,37,41,41,44,50],"damage_taken":[{"damage":0,"enemies":"Jaw Worm","floor":1,"turns":7},{"damage":0,"enemies":"Cultist","floor":3,"turns":6},{"damage":6,"enemies":"Small Slimes","floor":4,"turns":6},{"damage":12,"enemies":"Exordium Thugs","floor":5,"turns":5},{"damage":10,"enemies":"3 Sentries","floor":7,"turns":10},{"damage":2,"enemies":"Exordium Wildlife","floor":11,"turns":5},{"damage":22,"enemies":"Gremlin Nob","floor":12,"turns":6},{"damage":0,"enemies":"2 Fungi Beasts","floor":13,"turns":5},{"damage":15,"enemies":"The Guardian","floor":16,"turns":9},{"damage":4,"enemies":"Spheric Guardian","floor":18,"turns":5},{"damage":0,"enemies":"Shell Parasite","floor":19,"turns":6},{"damage":11,"enemies":"Centurion and Healer","floor":21,"turns":6},{"damage":2,"enemies":"Sentry and Sphere","floor":22,"turns":5},{"damage":17,"enemies":"Gremlin Leader","floor":24,"turns":6},{"damage":29,"enemies":"Slavers","floor":27,"turns":5},{"damage":3,"enemies":"Cultist and Chosen","floor":31,"turns":4},{"damage":41,"enemies":"Champ","floor":33,"turns":12},{"damage":23,"enemies":"3 Darklings","floor":35,"turns":4},{"damage":6,"enemies":"Orb Walker","floor":37,"turns":4},{"damage":7,"enemies":"Sphere and 2 Shapes","floor":38,"turns":5},{"damage":16,"enemies":"Maw","floor":41,"turns":7},{"damage":19,"enemies":"Reptomancer","floor":44,"turns":6},{"damage":9,"enemies":"Sphere and 2 Shapes","floor":47,"turns":4},{"damage":9,"enemies":"Spire Growth","floor":48,"turns":4},{"damage":75,"enemies":"Donu and Deca","floor":50,"turns":10}],"seed_played":"-2509806759961629655","potions_obtained":[{"floor":4,"key":"LiquidBronze"},{"floor":7,"key":"SkillPotion"},{"floor":16,"key":"Fire Potion"},{"floor":18,"key":"SkillPotion"},{"floor":19,"key":"SteroidPotion"},{"floor":34,"key":"FearPotion"},{"floor":37,"key":"Swift Potion"},{"floor":38,"key":"Strength Potion"}],"is_trial":false,"path_per_floor":["M","?","M","M","M","R","E","R","T","R","M","E","M","?","R","B",null,"M","M","$","M","M","R","E","?","T","E","$","?","?","M","R","B",null,"M","?","M","M","$","R","M","R","T","M","?","?","M","M","R","B"],"character_chosen":"THE_SILENT","items_purchased":["Mercury Hourglass","Bronze Scales","The Specimen","Backstab","TheAbacus","Lantern","Boot","Dramatic Entrance","Calculated Gamble","Violence"],"campfire_rested":7,"item_purchase_floors":[20,20,28,28,39,39,39,39,39,39],"current_hp_per_floor":[63,63,63,57,45,63,53,53,53,53,51,29,29,29,62,47,63,59,59,59,48,46,63,46,46,46,17,17,17,17,14,47,6,68,45,57,51,44,44,80,64,80,80,61,61,61,52,43,80,5],"gold":29,"neow_bonus":"TRANSFORM_TWO_CARDS","is_prod":false,"is_daily":false,"chose_seed":false,"campfire_upgraded":2,"win_rate":0,"timestamp":1536039255,"path_taken":["M","?","M","M","M","R","E","R","T","R","M","E","?","?","R","BOSS","M","M","$","M","M","R","E","?","T","E","$","?","?","M","R","BOSS","M","?","M","M","$","R","M","R","T","?","?","?","M","M","R","BOSS"],"build_version":"2018-08-30","purchased_purges":1,"victory":true,"max_hp_per_floor":[63,63,63,63,63,63,63,63,63,63,63,63,63,63,63,63,63,63,63,63,63,63,63,63,63,63,63,63,63,63,63,63,63,68,68,80,80,80,80,80,80,80,80,80,80,80,80,80,80,80],"card_choices":[{"not_picked":["Acrobatics","Deadly Poison"],"picked":"Noxious Fumes","floor":1},{"not_picked":["Underhanded Strike","Prepared"],"picked":"PiercingWail","floor":3},{"not_picked":["Catalyst","Underhanded Strike"],"picked":"Quick Slash","floor":4},{"not_picked":["Underhanded Strike","Escape Plan"],"picked":"Prepared","floor":5},{"not_picked":["Deflect","Quick Slash"],"picked":"Doppelganger","floor":7},{"not_picked":["Flechettes","PiercingWail"],"picked":"Backflip","floor":11},{"not_picked":["Escape Plan","Eviscerate"],"picked":"PiercingWail","floor":12},{"not_picked":["Finisher","PiercingWail"],"picked":"Deadly Poison","floor":13},{"not_picked":["Night Terror","Storm of Steel"],"picked":"Adrenaline","floor":16},{"not_picked":["Flying Knee","Distraction+1"],"picked":"Noxious Fumes","floor":18},{"not_picked":["Dagger Throw+1","Slice"],"picked":"Deadly Poison","floor":19},{"not_picked":["PiercingWail","Setup"],"picked":"Flying Knee","floor":21},{"not_picked":["Tactician","Dagger Throw"],"picked":"Deadly Poison","floor":22},{"not_picked":["Reflex","Concentrate","Accuracy"],"picked":"SKIP","floor":24},{"not_picked":["Poisoned Stab","Wraith Form v2"],"picked":"Crippling Poison","floor":27},{"not_picked":["Sucker Punch","Masterful Stab","Quick Slash"],"picked":"SKIP","floor":31},{"not_picked":["Unload","A Thousand Cuts"],"picked":"Venomology","floor":33},{"not_picked":["Outmaneuver+1","Skewer","Footwork+1"],"picked":"SKIP","floor":35},{"not_picked":["Dodge and Roll+1","Quick Slash"],"picked":"Bane+1","floor":37},{"not_picked":["Deflect","Masterful Stab","Predator+1"],"picked":"SKIP","floor":38},{"not_picked":["Dagger Spray","Blade Dance","Eviscerate+1"],"picked":"SKIP","floor":41},{"not_picked":["Bane+1","Prepared+1"],"picked":"PiercingWail+1","floor":44},{"not_picked":["Grand Finale","Poisoned Stab+1"],"picked":"Dash","floor":47},{"not_picked":["PiercingWail","Caltrops","Tactician"],"picked":"SKIP","floor":48}],"player_experience":311376,"relics_obtained":[{"floor":7,"key":"Regal Pillow"},{"floor":9,"key":"Centennial Puzzle"},{"floor":12,"key":"Darkstone Periapt"},{"floor":24,"key":"Bag of Preparation"},{"floor":26,"key":"Bottled Tornado"},{"floor":27,"key":"Bag of Marbles"},{"floor":43,"key":"The Courier"}],"event_choices":[{"event_name":"Upgrade Shrine","player_choice":"Upgraded","floor":2,"damage_taken":0},{"event_name":"Bonfire Elementals","player_choice":"BASIC","floor":14,"damage_taken":0},{"event_name":"Wheel of Change","player_choice":"Gold","floor":25,"damage_taken":0},{"event_name":"Match and Keep!","player_choice":"2 cards matched","floor":29,"damage_taken":0},{"event_name":"Drug Dealer","player_choice":"Inject Mutagens","floor":30,"damage_taken":0},{"event_name":"MindBloom","player_choice":"Gold","floor":36,"damage_taken":0},{"event_name":"Tomb of Lord Red Mask","player_choice":"Paid","floor":45,"damage_taken":0},{"event_name":"Mysterious Sphere","player_choice":"Ignore","floor":46,"damage_taken":0}],"is_beta":false,"boss_relics":[{"not_picked":["Eternal Feather","Velvet Choker"],"picked":"Ring of the Serpent"},{"not_picked":["Runic Dome","Calling Bell"],"picked":"Tiny House"}],"items_purged_floors":[39],"is_endless":false,"potions_floor_spawned":[4,7,16,18,19,37,38],"ascension_level":2}