{"gold_per_floor":[114,114,289,304,304,304,41,41,116,116,131,161,176,176,176,276,276,291,306,221,121,121,121,84,84,84,84,114,213,228,258,258,358,358,373,73,73,73,88,88,118,133,133,233,233,248,248,263,263,263],"floor_reached":51,"playtime":4567,"items_purged":["Infernal Blade","Warcry"],"score":809,"play_id":"882c1b80-c86e-45b2-891c-f97152101c0e","local_time":"20190702201014","daily_mods":["Draft","Red Cards","Binary"],"is_ascension_mode":false,"campfire_choices":[{"data":"Noxious Fumes","floor":6.0,"key":"SMITH"},{"data":"Well Laid Plans","floor":8.0,"key":"SMITH"},{"data":"Bouncing Flask","floor":10.0,"key":"SMITH"},{"data":"Noxious Fumes","floor":15.0,"key":"SMITH"},{"data":"Armaments","floor":23.0,"key":"SMITH"},{"data":"Evolve","floor":25.0,"key":"SMITH"},{"data":"Backflip","floor":27.0,"key":"SMITH"},{"data":"Acrobatics","floor":32.0,"key":"SMITH"},{"data":"Madness","floor":40.0,"key":"SMITH"},{"data":"Madness","floor":45.0,"key":"SMITH"},{"data":"Juggernaut","floor":47,"key":"SMITH"},{"data":"Barricade","floor":49,"key":"SMITH"}],"neow_cost":"","seed_source_timestamp":0,"circlet_count":0,"master_deck":["Dodge and Roll","Dodge and Roll","Noxious Fumes+1","Ghostly Armor","Backflip+1","Poisoned Stab","Bouncing Flask+1","Poisoned Stab","Acrobatics+1","Shrug It Off","Backflip+1","Noxious Fumes+1","Iron Wave","Well Laid Plans+1","Ghostly Armor+1","Armaments+1","Evolve+1","Juggernaut+1","Prepared+1","Madness+1","Madness+1","Well Laid Plans+1","Barricade+1"],"special_seed":18079,"relics":["Ring of the Snake","Calipers","Oddly Smooth Stone","Mercury Hourglass","Ancient Tea Set","Coffee Dripper","Paper Crane","Incense Burner","Omamori","Matryoshka","Cursed Key","Snake Skull","Art of War","Strawberry","Singing Bowl","Sundial","Bird Faced Urn"],"potions_floor_usage":[46,50,50,50],"damage_taken":[{"damage":2.0,"enemies":"Small Slimes","floor":1.0,"turns":3.0},{"damage":0.0,"enemies":"Jaw Worm","floor":4.0,"turns":5.0},{"damage":0.0,"enemies":"2 Louse","floor":11.0,"turns":2.0},{"damage":0.0,"enemies":"3 Sentries","floor":12.0,"turns":5.0},{"damage":0.0,"enemies":"Large Slime","floor":13.0,"turns":4.0},{"damage":7.0,"enemies":"Slime Boss","floor":16.0,"turns":6.0},{"damage":0.0,"enemies":"Shell Parasite","floor":18.0,"turns":4.0},{"damage":0.0,"enemies":"Chosen","floor":19.0,"turns":4.0},{"damage":0.0,"enemies":"Gremlin Leader","floor":28.0,"turns":5.0},{"damage":0.0,"enemies":"Centurion and Healer","floor":30.0,"turns":5.0},{"damage":0.0,"enemies":"Slavers","floor":31.0,"turns":6.0},{"damage":9.0,"enemies":"Automaton","floor":33.0,"turns":8.0},{"damage":0.0,"enemies":"Orb Walker","floor":35.0,"turns":4.0},{"damage":0.0,"enemies":"3 Shapes","floor":39.0,"turns":3.0},{"damage":0.0,"enemies":"Reptomancer","floor":41.0,"turns":5.0},{"damage":0.0,"enemies":"3 Darklings","floor":42.0,"turns":3.0},{"damage":0.0,"enemies":"Mind Bloom Boss Battle","floor":44.0,"turns":5.0},{"damage":0,"enemies":"Writhing Mass","floor":46,"turns":4},{"damage":3,"enemies":"Spire Growth","floor":48,"turns":3},{"damage":0,"enemies":"Donu and Deca","floor":50,"turns":7}],"seed_played":"-3418930284357478111","potions_obtained":[{"floor":4.0,"key":"GhostInAJar"},{"floor":12.0,"key":"Poison Potion"},{"floor":30.0,"key":"AttackPotion"},{"floor":41.0,"key":"Block Potion"},{"floor":46,"key":"Swift Potion"}],"is_trial":false,"path_per_floor":["M","?","?","M","?","R","$","R","T","R","M","E","M","?","R","B",null,"M","M","?","$","?","R","$","R","T","R","E","?","M","E","R","B",null,"M","$","?","?","M","R","E","M","T","?","R","M","R","M","R","B",null],"character_chosen":"THE_SILENT","items_purchased":["Well Laid Plans","Oddly Smooth Stone","Evolve","Snake Skull","Art of War"],"campfire_rested":0,"item_purchase_floors":[7,7,24,36,36],"current_hp_per_floor":[68,61,61,61,54,54,54,54,54,54,54,54,54,40,40,33,70,70,70,70,70,70,70,70,70,70,70,70,70,70,70,70,61,70,70,70,61,61,61,61,68,68,68,70,70,81,81,81,81,81],"gold":263,"neow_bonus":"","is_prod":false,"is_daily":true,"chose_seed":false,"campfire_upgraded":12,"win_rate":0,"timestamp":1562112614,"path_taken":["M","?","?","M","?","R","$","R","T","R","M","E","M","?","R","BOSS","M","M","?","$","?","R","?","R","T","R","E","?","M","E","R","BOSS","M","$","?","?","?","R","E","M","T","?","R","M","R","M","R","BOSS"],"build_version":"2019-07-01","purchased_purges":2,"victory":true,"max_hp_per_floor":[70,70,70,70,70,70,70,70,70,70,70,70,70,70,70,70,70,70,70,70,70,70,70,70,70,70,70,70,70,70,70,70,70,70,70,70,70,70,70,70,77,77,77,79,79,81,81,81,81,81],"card_choices":[{"not_picked":["Tactician","Clothesline"],"picked":"Dodge and Roll","floor":0.0},{"not_picked":["Outmaneuver","Slice"],"picked":"Dodge and Roll","floor":0.0},{"not_picked":["Backstab","Quick Slash"],"picked":"Noxious Fumes","floor":0.0},{"not_picked":["Pommel Strike","True Grit"],"picked":"Ghostly Armor","floor":0.0},{"not_picked":["Heavy Blade","Rage"],"picked":"Infernal Blade","floor":0.0},{"not_picked":["Slice","Acrobatics"],"picked":"Backflip","floor":0.0},{"not_picked":["Thunderclap","Headbutt"],"picked":"Poisoned Stab","floor":0.0},{"not_picked":["Body Slam","Underhanded Strike"],"picked":"Bouncing Flask","floor":0.0},{"not_picked":["Prepared","Twin Strike"],"picked":"Poisoned Stab","floor":0.0},{"not_picked":["Perfected Strike","Warcry"],"picked":"Acrobatics","floor":0.0},{"not_picked":["Prepared","Setup"],"picked":"Warcry","floor":0.0},{"not_picked":["Perfected Strike","Blade Dance"],"picked":"Shrug It Off","floor":0.0},{"not_picked":["Cloak And Dagger","Corruption"],"picked":"Backflip","floor":0.0},{"not_picked":["Warcry","Havoc"],"picked":"Noxious Fumes","floor":0.0},{"not_picked":["Terror","Thunderclap"],"picked":"Iron Wave","floor":0.0},{"not_picked":["Poisoned Stab","Feel No Pain"],"picked":"SKIP","floor":1.0},{"not_picked":["Prepared","Anger"],"picked":"SKIP","floor":4.0},{"not_picked":["Clash","Prepared"],"picked":"SKIP","floor":11.0},{"not_picked":["Combust"],"picked":"Ghostly Armor","floor":12.0},{"not_picked":["True Grit","Slice"],"picked":"SKIP","floor":13.0},{"not_picked":["Clash"],"picked":"Armaments","floor":18.0},{"not_picked":["PiercingWail","Body Slam"],"picked":"SKIP","floor":19.0},{"not_picked":["Heavy Blade","Sword Boomerang"],"picked":"SKIP","floor":28.0},{"not_picked":["Fire Breathing+1","Combust+1"],"picked":"SKIP","floor":30.0},{"not_picked":["Dagger Throw","Acrobatics"],"picked":"SKIP","floor":31.0},{"not_picked":["Corpse Explosion"],"picked":"Juggernaut","floor":33.0},{"not_picked":["Wild Strike+1"],"picked":"Prepared+1","floor":35.0},{"not_picked":["Dagger Spray","Havoc"],"picked":"SKIP","floor":39.0},{"not_picked":["Warcry","Perfected Strike+1"],"picked":"SKIP","floor":41.0},{"not_picked":["Flex","Clash+1"],"picked":"SKIP","floor":42.0},{"not_picked":["Cleave+1","Dagger Throw+1"],"picked":"Singing Bowl","floor":44.0},{"not_picked":["Flex","Intimidate+1"],"picked":"Singing Bowl","floor":46},{"not_picked":["PiercingWail"],"picked":"Barricade","floor":48}],"player_experience":206118,"relics_obtained":[{"floor":9.0,"key":"Mercury Hourglass"},{"floor":12.0,"key":"Ancient Tea Set"},{"floor":26.0,"key":"Incense Burner"},{"floor":28.0,"key":"Omamori"},{"floor":31.0,"key":"Matryoshka"},{"floor":41.0,"key":"Strawberry"},{"floor":43.0,"key":"Singing Bowl"},{"floor":43.0,"key":"Sundial"},{"floor":44.0,"key":"Bird Faced Urn"}],"event_choices":[{"damage_healed":0.0,"max_hp_gain":0.0,"max_hp_loss":0.0,"gold_gain":0.0,"event_name":"Scrap Ooze","player_choice":"Success","floor":2.0,"gold_loss":0.0,"damage_taken":7.0,"relics_obtained":["Calipers"]},{"damage_healed":0.0,"max_hp_gain":0.0,"max_hp_loss":0.0,"gold_gain":175.0,"event_name":"Liars Game","player_choice":"AGREE","floor":3.0,"gold_loss":0.0,"damage_taken":0.0,"cards_obtained":["Doubt"]},{"cards_removed":["Doubt"],"damage_healed":0.0,"max_hp_gain":0.0,"max_hp_loss":0.0,"gold_gain":0.0,"event_name":"Golden Wing","player_choice":"Card Removal","floor":5.0,"gold_loss":0.0,"damage_taken":7.0},{"damage_healed":0.0,"max_hp_gain":0.0,"max_hp_loss":0.0,"gold_gain":0.0,"event_name":"Shining Light","player_choice":"Entered Light","floor":14.0,"gold_loss":0.0,"damage_taken":14.0,"cards_upgraded":["Ghostly Armor","Backflip"]},{"damage_healed":0.0,"max_hp_gain":0.0,"max_hp_loss":0.0,"gold_gain":0.0,"event_name":"Addict","player_choice":"Obtained Relic","floor":20.0,"gold_loss":85.0,"damage_taken":0.0,"relics_obtained":["Paper Crane"]},{"damage_healed":0.0,"max_hp_gain":0.0,"max_hp_loss":0.0,"gold_gain":0.0,"event_name":"The Mausoleum","player_choice":"Ignored","floor":22.0,"gold_loss":0.0,"damage_taken":0.0},{"damage_healed":0.0,"max_hp_gain":0.0,"max_hp_loss":0.0,"gold_gain":99.0,"event_name":"Nest","player_choice":"Stole From Cult","floor":29.0,"gold_loss":0.0,"damage_taken":0.0},{"damage_healed":0.0,"max_hp_gain":0.0,"max_hp_loss":0.0,"gold_gain":0.0,"event_name":"Winding Halls","player_choice":"Embrace Madness","floor":37.0,"gold_loss":0.0,"damage_taken":9.0,"cards_obtained":["Madness","Madness"]},{"damage_healed":0.0,"max_hp_gain":0.0,"max_hp_loss":0.0,"gold_gain":0.0,"event_name":"Duplicator","player_choice":"Copied","floor":38.0,"gold_loss":0.0,"damage_taken":0.0,"cards_obtained":["Well Laid Plans"]},{"damage_healed":0.0,"max_hp_gain":0.0,"max_hp_loss":0.0,"gold_gain":0.0,"event_name":"MindBloom","player_choice":"Fight","floor":44.0,"gold_loss":0.0,"damage_taken":0.0}],"is_beta":false,"boss_relics":[{"not_picked":["Black Star","Empty Cage"],"picked":"Coffee Dripper"},{"not_picked":["Philosopher\u0027s Stone","Fusion Hammer"],"picked":"Cursed Key"}],"items_purged_floors":[7,21],"is_endless":false,"potions_floor_spawned":[4,12,30,41,46,48],"ascension_level":0}