{"gold_per_floor":[113,126,141,161,236,236,249,278,350,678,691,708,708,708,708,812,812,822,876,791,809,822,848,848,597,673,691,691,691,393,393],"floor_reached":31,"playtime":5717,"items_purged":["Normality","Writhe"],"score":414,"play_id":"5aa06bcd-66c0-424f-a8d4-3a5498adbe53","local_time":"20181115155848","is_ascension_mode":true,"campfire_choices":[{"data":"Tempest","floor":6,"key":"SMITH"},{"floor":13,"key":"REST"},{"data":"Fission","floor":15,"key":"SMITH"},{"data":"Dualcast","floor":24,"key":"SMITH"},{"data":"Biased Cognition","floor":28,"key":"SMITH"}],"neow_cost":"NONE","seed_source_timestamp":19210936905817,"circlet_count":0,"master_deck":["AscendersBane","Strike_B","Strike_B","Strike_B","Defend_B","Defend_B","Defend_B","Defend_B","Zap+1","Dualcast+1","Rebound","Cold Snap","Biased Cognition","Tempest+1","Lockon","Biased Cognition+1","BootSequence","Self Repair","Fission+1","Biased Cognition","Stack+1","Glacier","Turbo","Stack","Defragment","Deep Breath","BootSequence"],"relics":["Cracked Core","Bag of Preparation","Bottled Lightning","Old Coin","Cursed Key","Potion Belt","Boot","StoneCalendar","Dodecahedron","PrismaticShard"],"potions_floor_usage":[4,12,16,16,23],"damage_taken":[{"damage":1,"enemies":"Jaw Worm","floor":1,"turns":4},{"damage":1,"enemies":"Cultist","floor":2,"turns":3},{"damage":3,"enemies":"2 Louse","floor":3,"turns":2},{"damage":4,"enemies":"2 Fungi Beasts","floor":4,"turns":3},{"damage":1,"enemies":"Blue Slaver","floor":7,"turns":3},{"damage":18,"enemies":"3 Sentries","floor":8,"turns":6},{"damage":10,"enemies":"Lagavulin","floor":10,"turns":3},{"damage":0,"enemies":"Exordium Wildlife","floor":11,"turns":3},{"damage":3,"enemies":"Lots of Slimes","floor":12,"turns":4},{"damage":9,"enemies":"The Guardian","floor":16,"turns":9},{"damage":2,"enemies":"Shell Parasite","floor":18,"turns":2},{"damage":8,"enemies":"3 Byrds","floor":21,"turns":2},{"damage":13,"enemies":"Snecko","floor":22,"turns":4},{"damage":17,"enemies":"Book of Stabbing","floor":23,"turns":5},{"damage":6,"enemies":"Centurion and Healer","floor":27,"turns":6},{"damage":51,"enemies":"Gremlin Leader","floor":31,"turns":3}],"seed_played":"5086740672786308095","potions_obtained":[{"floor":3,"key":"SkillPotion"},{"floor":4,"key":"Ancient Potion"},{"floor":10,"key":"Dexterity Potion"},{"floor":12,"key":"FocusPotion"},{"floor":22,"key":"Block Potion"},{"floor":23,"key":"EssenceOfSteel"}],"is_trial":false,"path_per_floor":["M","M","M","M","?","R","M","E","T","E","M","M","R","?","R","B",null,"M","T","?","M","M","E","R","$","T","M","R","?","$","E"],"character_chosen":"DEFECT","items_purchased":["Defragment","Deep Breath","PrismaticShard"],"campfire_rested":1,"item_purchase_floors":[25,25,30],"current_hp_per_floor":[67,66,63,59,52,52,51,33,33,23,23,27,49,49,49,47,68,73,73,73,72,66,56,56,56,56,57,57,43,43,0],"gold":393,"neow_bonus":"UPGRADE_CARD","is_prod":false,"is_daily":false,"chose_seed":false,"campfire_upgraded":4,"win_rate":0,"timestamp":1542319128,"path_taken":["M","M","M","M","?","R","M","E","T","E","M","?","R","?","R","BOSS","M","?","?","M","M","E","R","$","T","M","R","?","$","E"],"build_version":"2018-11-08","purchased_purges":2,"victory":false,"max_hp_per_floor":[75,75,75,75,75,75,75,75,75,75,75,75,75,75,75,75,75,75,75,75,75,75,75,75,75,75,75,75,80,80,80],"card_choices":[{"not_picked":["Hologram","Coolheaded"],"picked":"Rebound","floor":1},{"not_picked":["Streamline","Compile Driver"],"picked":"Cold Snap","floor":2},{"not_picked":["Streamline","Stack"],"picked":"Biased Cognition","floor":3},{"not_picked":["Cold Snap","Steam"],"picked":"Tempest","floor":4},{"not_picked":["Gash","Undo"],"picked":"Lockon","floor":7},{"not_picked":["Coolheaded","Beam Cell"],"picked":"Biased Cognition","floor":8},{"not_picked":["Redo","White Noise"],"picked":"BootSequence","floor":10},{"not_picked":["Tempest","Hologram"],"picked":"Self Repair","floor":11},{"not_picked":["Blizzard","Doom and Gloom"],"picked":"Fission","floor":12},{"not_picked":["Amplify","Thunder Strike"],"picked":"Biased Cognition","floor":16},{"not_picked":["Aggregate","Hello World"],"picked":"Stack+1","floor":18},{"not_picked":["Sweeping Beam","Beam Cell"],"picked":"Glacier","floor":21},{"not_picked":["Reinforced Body","Consume"],"picked":"Turbo","floor":22},{"not_picked":["White Noise","Meteor Strike"],"picked":"Stack","floor":23},{"not_picked":["Cold Snap","Chaos"],"picked":"BootSequence","floor":27}],"player_experience":1009651,"relics_obtained":[{"floor":8,"key":"Bag of Preparation"},{"floor":9,"key":"Bottled Lightning"},{"floor":10,"key":"Old Coin"},{"floor":19,"key":"Potion Belt"},{"floor":23,"key":"StoneCalendar"},{"floor":26,"key":"Dodecahedron"}],"event_choices":[{"damage_healed":0,"gold_gain":75,"player_choice":"Touch","damage_taken":7,"max_hp_gain":0,"max_hp_loss":0,"event_name":"FaceTrader","floor":5,"gold_loss":0},{"cards_removed":["Strike_B"],"damage_healed":0,"gold_gain":0,"player_choice":"Purged","damage_taken":0,"max_hp_gain":0,"max_hp_loss":0,"event_name":"Purifier","floor":14,"gold_loss":0},{"damage_healed":0,"gold_gain":0,"player_choice":"Obtained Relic","damage_taken":0,"relics_obtained":["Boot"],"max_hp_gain":0,"max_hp_loss":0,"event_name":"Addict","floor":20,"gold_loss":85},{"damage_healed":0,"gold_gain":0,"player_choice":"Shed Blood","damage_taken":19,"max_hp_gain":5,"max_hp_loss":0,"event_name":"Forgotten Altar","floor":29,"gold_loss":0}],"is_beta":false,"boss_relics":[{"not_picked":["Tiny House","Fusion Hammer"],"picked":"Cursed Key"}],"items_purged_floors":[25,30],"is_endless":false,"potions_floor_spawned":[3,4,10,12,22,23],"killed_by":"Gremlin Leader","ascension_level":11}