{"gold_per_floor":[14,14,14,14,35,78,78,114,114,132,132],"floor_reached":11,"playtime":900,"items_purged":[],"score":85,"play_id":"f98574b6-2c34-41bf-8dae-4c5b6b35aa8e","local_time":"20180721192336","is_ascension_mode":true,"campfire_choices":[{"floor":7,"key":"REST"}],"neow_cost":"NO_GOLD","seed_source_timestamp":124569812207450,"circlet_count":0,"master_deck":["Defend_G","Defend_G","Defend_G","Strike_G","Strike_G","Strike_G","Strike_G","Survivor","Neutralize","Backflip","Bane","Bouncing Flask","Poisoned Stab","PiercingWail"],"relics":["Ring of the Snake","Golden Idol","Frozen Egg 2","Dodecahedron","Pen Nib"],"potions_floor_usage":[6],"damage_taken":[{"damage":0,"enemies":"Small Slimes","floor":1,"turns":4},{"damage":0,"enemies":"2 Louse","floor":5,"turns":3},{"damage":50,"enemies":"Lagavulin","floor":6,"turns":13},{"damage":22,"enemies":"Gremlin Nob","floor":8,"turns":5},{"damage":0,"enemies":"Jaw Worm","floor":10,"turns":3},{"damage":19,"enemies":"3 Sentries","floor":11,"turns":6}],"seed_played":"-904842146346809259","potions_obtained":[{"floor":1,"key":"Weak Potion"}],"is_trial":false,"path_per_floor":["M","?","?","?","M","E","R","E","T","M"],"character_chosen":"THE_SILENT","items_purchased":[],"campfire_rested":1,"item_purchase_floors":[],"current_hp_per_floor":[70,70,70,70,70,20,41,19,19,19,0],"gold":132,"neow_bonus":"REMOVE_TWO","is_prod":false,"is_daily":false,"chose_seed":false,"campfire_upgraded":0,"win_rate":0,"timestamp":1532226216,"path_taken":["M","?","?","?","?","E","R","E","T","?","E"],"build_version":"2018-07-19v2","purchased_purges":0,"victory":false,"max_hp_per_floor":[70,70,70,70,70,70,70,70,70,70,70],"card_choices":[{"not_picked":["Flying Knee","Bane"],"picked":"Backflip","floor":1},{"not_picked":["Flechettes","Footwork"],"picked":"Bane","floor":5},{"not_picked":["Flying Knee","Phantasmal Killer"],"picked":"Bouncing Flask","floor":6},{"not_picked":["Dagger Spray","Heel Hook"],"picked":"Poisoned Stab","floor":8},{"not_picked":["Deflect","Underhanded Strike"],"picked":"PiercingWail","floor":10}],"player_experience":151093,"relics_obtained":[{"floor":6,"key":"Frozen Egg 2"},{"floor":8,"key":"Dodecahedron"},{"floor":9,"key":"Pen Nib"}],"event_choices":[{"event_name":"Golden Idol","player_choice":"Take Wound","floor":2,"damage_taken":0},{"event_name":"Fountain of Cleansing","player_choice":"Removed Curse","floor":3,"damage_taken":0},{"event_name":"Living Wall","player_choice":"Forget","floor":4,"damage_taken":0}],"is_beta":false,"boss_relics":[],"items_purged_floors":[],"is_endless":false,"potions_floor_spawned":[1],"killed_by":"3 Sentries","ascension_level":1}