{"gold_per_floor":[116,128,180,21,21,21,64,64,118,118,156,156,180,455,455,579,579,594,594,594,610,626,626],"floor_reached":23,"playtime":2172,"items_purged":[],"score":232,"play_id":"36419842-b1c7-45ec-9ee1-ffff07a609f2","local_time":"20190727155054","is_ascension_mode":true,"campfire_choices":[{"data":"Infinite Blades","floor":6.0,"key":"SMITH"},{"floor":8.0,"key":"REST"},{"data":"Calculated Gamble","floor":10.0,"key":"SMITH"},{"floor":15.0,"key":"REST"}],"neow_cost":"NONE","seed_source_timestamp":2729512560176,"circlet_count":0,"master_deck":["Defend_G","Defend_G","Defend_G","Defend_G","Defend_G","Survivor","Neutralize","Endless Agony","Calculated Gamble+1","Infinite Blades+1","Crippling Poison","Deadly Poison","Bullet Time","Prepared","A Thousand Cuts","Quick Slash+1","Bite","Bite","Bite","Bite","Bite","Footwork","Infinite Blades+1"],"special_seed":0,"relics":["Ring of the Snake","Boot","Omamori","Golden Idol","Ornamental Fan","Oddly Smooth Stone","Bottled Tornado","WristBlade"],"potions_floor_usage":[],"damage_taken":[{"damage":2.0,"enemies":"Cultist","floor":1.0,"turns":5.0},{"damage":1.0,"enemies":"2 Louse","floor":2.0,"turns":2.0},{"damage":24.0,"enemies":"Lagavulin","floor":7.0,"turns":7.0},{"damage":30.0,"enemies":"Gremlin Nob","floor":11.0,"turns":5.0},{"damage":7.0,"enemies":"Small Slimes","floor":13.0,"turns":2.0},{"damage":32.0,"enemies":"Hexaghost","floor":16.0,"turns":11.0},{"damage":34,"enemies":"2 Thieves","floor":18,"turns":5},{"damage":22,"enemies":"3 Byrds","floor":21,"turns":5},{"damage":32,"enemies":"Sentry and Sphere","floor":22,"turns":7},{"damage":21,"enemies":"Book of Stabbing","floor":23,"turns":4}],"seed_played":"5709552396298712435","potions_obtained":[{"floor":1.0,"key":"PowerPotion"},{"floor":7.0,"key":"Energy Potion"},{"floor":18,"key":"Block Potion"},{"floor":22,"key":"Poison Potion"}],"is_trial":false,"path_per_floor":["M","M","T","$","?","R","E","R","T","R","E","?","M","?","R","B",null,"M","?","?","M","M","E"],"character_chosen":"THE_SILENT","items_purchased":["Infinite Blades","Crippling Poison"],"campfire_rested":2,"item_purchase_floors":[4,4],"current_hp_per_floor":[68,67,67,67,67,67,43,64,64,64,34,34,27,27,48,16,70,36,36,36,28,10,0],"gold":626,"neow_bonus":"RANDOM_COMMON_RELIC","is_prod":false,"is_daily":false,"chose_seed":false,"campfire_upgraded":2,"win_rate":0,"timestamp":1564235454,"path_taken":["M","M","?","$","?","R","E","R","T","R","E","?","?","?","R","BOSS","M","?","?","M","M","E"],"build_version":"2019-07-17","purchased_purges":0,"victory":false,"max_hp_per_floor":[70,70,70,70,70,70,70,70,70,70,70,70,70,70,70,70,70,70,70,49,49,49,49],"card_choices":[{"not_picked":["Catalyst","Acrobatics"],"picked":"Endless Agony","floor":1.0},{"not_picked":["Dodge and Roll","Quick Slash"],"picked":"Calculated Gamble","floor":2.0},{"not_picked":["Dash","Cloak And Dagger"],"picked":"Deadly Poison","floor":7.0},{"not_picked":["Backstab","Heel Hook"],"picked":"Bullet Time","floor":11.0},{"not_picked":["Backflip","Underhanded Strike"],"picked":"Prepared","floor":13.0},{"not_picked":["Tools of the Trade","Die Die Die"],"picked":"A Thousand Cuts","floor":16.0},{"not_picked":["Poisoned Stab","Crippling Poison"],"picked":"Quick Slash+1","floor":18},{"not_picked":["Setup+1","Backflip"],"picked":"Footwork","floor":21},{"not_picked":["Escape Plan","Outmaneuver+1"],"picked":"Infinite Blades+1","floor":22}],"player_experience":243001,"relics_obtained":[{"floor":3.0,"key":"Omamori"},{"floor":7.0,"key":"Ornamental Fan"},{"floor":9.0,"key":"Oddly Smooth Stone"},{"floor":11.0,"key":"Bottled Tornado"}],"event_choices":[{"damage_healed":0.0,"max_hp_gain":0.0,"max_hp_loss":0.0,"gold_gain":0.0,"event_name":"Golden Idol","player_choice":"Take Wound","floor":5.0,"gold_loss":0.0,"damage_taken":0.0,"relics_obtained":["Golden Idol"],"cards_obtained":["Injury"]},{"damage_healed":0.0,"max_hp_gain":0.0,"max_hp_loss":0.0,"gold_gain":0.0,"event_name":"The Woman in Blue","player_choice":"Bought 0 Potions","floor":12.0,"gold_loss":0.0,"damage_taken":0.0},{"damage_healed":0.0,"max_hp_gain":0.0,"max_hp_loss":0.0,"gold_gain":275.0,"event_name":"Golden Shrine","player_choice":"Desecrate","floor":14.0,"gold_loss":0.0,"damage_taken":0.0,"cards_obtained":["Regret"]},{"cards_removed":["Strike_G"],"damage_healed":0,"gold_gain":0,"player_choice":"Elegance","damage_taken":0,"max_hp_gain":0,"max_hp_loss":0,"event_name":"Back to Basics","floor":19,"gold_loss":0},{"damage_healed":0,"gold_gain":0,"player_choice":"Became a vampire","damage_taken":0,"max_hp_gain":0,"max_hp_loss":21,"event_name":"Vampires","floor":20,"gold_loss":0,"cards_obtained":["Bite","Bite","Bite","Bite","Bite"]}],"is_beta":false,"boss_relics":[{"not_picked":["Philosopher\u0027s Stone","Pandora\u0027s Box"],"picked":"WristBlade"}],"items_purged_floors":[],"is_endless":false,"potions_floor_spawned":[1,7,18,22],"killed_by":"Book of Stabbing","ascension_level":1}