{"gold_per_floor":[118,118,129,79,79,79,4,35,62,62,62,79,91,91,91,196,196,214,35,55,55,65,65,65,65,91,91,116,136,147,166,166,266,266,282,294,294,308,105,133,83,109,109,135,85,102,102,102,102,102,102,102,2,35,35],"floor_reached":56,"playtime":2232,"items_purged":["Defend_G","Strike_G","Strike_G","Defend_G","Defend_G"],"score":1348,"play_id":"dd6e5bd7-662d-4225-9aaf-f2706f5a74c9","local_time":"20190113213537","is_ascension_mode":true,"campfire_choices":[{"data":"Crippling Poison","floor":6.0,"key":"SMITH"},{"data":"Crippling Poison","floor":10.0,"key":"SMITH"},{"floor":15.0,"key":"REST"},{"data":"Catalyst","floor":23.0,"key":"SMITH"},{"data":"Catalyst","floor":25.0,"key":"SMITH"},{"floor":27.0,"key":"REST"},{"floor":32.0,"key":"REST"},{"floor":47.0,"key":"RECALL"},{"data":"Deadly Poison","floor":49.0,"key":"SMITH"},{"data":"Survivor","floor":52,"key":"SMITH"}],"neow_cost":"NONE","seed_source_timestamp":0,"circlet_count":0,"master_deck":["Defend_G","Defend_G+1","Strike_G+1","Survivor+1","Neutralize+1","Backflip","Crippling Poison+1","Crippling Poison+1","Catalyst+1","Burst+1","Catalyst+1","Deadly Poison+1","Corpse Explosion+1","Noxious Fumes+1","Deadly Poison+1","Bouncing Flask+1","Doubt","Well Laid Plans+1"],"special_seed":0,"relics":["Ring of the Snake","Blood Vial","Vajra","Centennial Puzzle","Velvet Choker","Whetstone","Smiling Mask","Orrery","War Paint","Lantern","Bronze Scales","Pen Nib","Mummified Hand"],"potions_floor_usage":[],"damage_taken":[{"damage":1.0,"enemies":"Jaw Worm","floor":1.0,"turns":4.0},{"damage":0.0,"enemies":"Small Slimes","floor":3.0,"turns":3.0},{"damage":35.0,"enemies":"Lagavulin","floor":8.0,"turns":9.0},{"damage":0.0,"enemies":"Cultist","floor":12.0,"turns":3.0},{"damage":4.0,"enemies":"3 Louse","floor":13.0,"turns":2.0},{"damage":13.0,"enemies":"The Guardian","floor":16.0,"turns":10.0},{"damage":8.0,"enemies":"Shell Parasite","floor":18.0,"turns":4.0},{"damage":0.0,"enemies":"Chosen","floor":20.0,"turns":3.0},{"damage":18.0,"enemies":"Shelled Parasite and Fungi","floor":22.0,"turns":3.0},{"damage":9.0,"enemies":"Colosseum Slavers","floor":24.0,"turns":3.0},{"damage":18.0,"enemies":"Slavers","floor":28.0,"turns":6.0},{"damage":0.0,"enemies":"Snecko","floor":29.0,"turns":2.0},{"damage":3.0,"enemies":"3 Cultists","floor":30.0,"turns":3.0},{"damage":8.0,"enemies":"Snake Plant","floor":31.0,"turns":2.0},{"damage":21.0,"enemies":"Champ","floor":33.0,"turns":3.0},{"damage":23.0,"enemies":"3 Darklings","floor":35.0,"turns":3.0},{"damage":0.0,"enemies":"3 Shapes","floor":36.0,"turns":3.0},{"damage":8.0,"enemies":"3 Darklings","floor":38.0,"turns":2.0},{"damage":10.0,"enemies":"Giant Head","floor":40.0,"turns":3.0},{"damage":10.0,"enemies":"Reptomancer","floor":42.0,"turns":3.0},{"damage":18.0,"enemies":"Nemesis","floor":44.0,"turns":3.0},{"damage":0.0,"enemies":"Transient","floor":46.0,"turns":5.0},{"damage":44.0,"enemies":"Awakened One","floor":50.0,"turns":8.0},{"damage":19,"enemies":"Shield and Spear","floor":54,"turns":2},{"damage":61,"enemies":"The Heart","floor":55,"turns":5}],"seed_played":"-5977792436135952372","potions_obtained":[{"floor":3.0,"key":"SmokeBomb"},{"floor":16.0,"key":"Poison Potion"},{"floor":29.0,"key":"FearPotion"},{"floor":30.0,"key":"SpeedPotion"},{"floor":36.0,"key":"Weak Potion"},{"floor":42.0,"key":"Fruit Juice"}],"is_trial":false,"path_per_floor":["M","?","M","?","?","R","$","E","T","R","?","M","M","?","R","B",null,"M","$","M","?","M","R","?","R","T","R","E","M","M","M","R","B",null,"M","M","?","M","$","E","$","E","T","E","$","M","R","?","R","B",null,"R","$","E","B",null],"character_chosen":"THE_SILENT","items_purchased":["Catalyst","War Paint","FairyPotion"],"campfire_rested":3,"item_purchase_floors":[19,39,53],"current_hp_per_floor":[69,74,74,74,56,56,56,23,23,23,16,18,16,16,38,27,75,67,67,69,62,46,46,39,39,39,61,45,47,46,40,62,43,75,52,54,54,48,48,40,40,37,37,21,21,23,23,80,80,36,80,80,80,61,2],"gold":35,"neow_bonus":"THREE_CARDS","is_prod":false,"is_daily":false,"chose_seed":false,"campfire_upgraded":6,"win_rate":0,"timestamp":1547433337,"path_taken":["M","?","M","?","?","R","?","E","T","R","?","M","M","?","R","BOSS","M","$","?","?","?","R","?","R","T","R","E","M","M","M","R","BOSS","M","M","?","M","$","E","$","E","T","E","$","?","R","?","R","BOSS","R","$","E","BOSS"],"build_version":"2019-01-10","purchased_purges":5,"victory":true,"max_hp_per_floor":[70,75,75,75,75,75,75,75,75,75,75,75,75,75,75,75,75,75,75,75,75,75,75,75,75,75,75,75,75,75,75,75,75,75,75,75,75,75,75,75,75,80,80,80,80,80,80,80,80,80,80,80,80,80,80],"card_choices":[{"not_picked":["Outmaneuver","Endless Agony"],"picked":"Backflip","floor":1.0},{"not_picked":["Dash","Sucker Punch"],"picked":"Crippling Poison","floor":3.0},{"not_picked":["Well Laid Plans","Acrobatics"],"picked":"Crippling Poison","floor":8.0},{"not_picked":["Finisher","Well Laid Plans","Bane"],"picked":"SKIP","floor":12.0},{"not_picked":["Dagger Throw","Sucker Punch"],"picked":"Catalyst","floor":13.0},{"not_picked":["Glass Knife","After Image"],"picked":"Burst","floor":16.0},{"not_picked":["Calculated Gamble+1","Cloak And Dagger+1","Poisoned Stab+1"],"picked":"SKIP","floor":18.0},{"not_picked":["Deflect","Finisher","Calculated Gamble"],"picked":"SKIP","floor":20.0},{"not_picked":["Deflect","Bane","Cloak And Dagger"],"picked":"SKIP","floor":22.0},{"not_picked":["Cloak And Dagger","Bane","Flying Knee"],"picked":"SKIP","floor":28.0},{"not_picked":["Dash","Outmaneuver","Poisoned Stab"],"picked":"SKIP","floor":29.0},{"not_picked":["Quick Slash+1","Dagger Spray","Acrobatics"],"picked":"SKIP","floor":30.0},{"not_picked":["Blade Dance","Escape Plan"],"picked":"Deadly Poison","floor":31.0},{"not_picked":["Bullet Time","Malaise"],"picked":"Corpse Explosion","floor":33.0},{"not_picked":["Backflip","All Out Attack+1","Dagger Spray"],"picked":"SKIP","floor":35.0},{"not_picked":["Blade Dance","Sucker Punch+1","Flechettes"],"picked":"SKIP","floor":36.0},{"not_picked":["Flying Knee+1","Night Terror","Footwork+1"],"picked":"SKIP","floor":38.0},{"not_picked":["Acrobatics+1","Expertise"],"picked":"Noxious Fumes+1","floor":40.0},{"not_picked":["Slice","Finisher+1"],"picked":"Deadly Poison+1","floor":42.0},{"not_picked":["Eviscerate+1","Finisher+1","Escape Plan"],"picked":"SKIP","floor":44.0},{"not_picked":["Escape Plan","Sucker Punch+1"],"picked":"Bouncing Flask+1","floor":46.0},{"not_picked":["Blur+1","Riddle With Holes+1"],"picked":"Well Laid Plans+1","floor":54}],"player_experience":209077,"relics_obtained":[{"floor":8.0,"key":"Vajra"},{"floor":9.0,"key":"Centennial Puzzle"},{"floor":26.0,"key":"Whetstone"},{"floor":28.0,"key":"Smiling Mask"},{"floor":40.0,"key":"Lantern"},{"floor":42.0,"key":"Bronze Scales"},{"floor":44.0,"key":"Pen Nib"},{"floor":54,"key":"Mummified Hand"}],"event_choices":[{"damage_healed":0.0,"max_hp_gain":5.0,"max_hp_loss":0.0,"gold_gain":0.0,"event_name":"Big Fish","player_choice":"Donut","floor":2.0,"gold_loss":0.0,"damage_taken":0.0},{"cards_removed":["Strike_G"],"damage_healed":0.0,"max_hp_gain":0.0,"max_hp_loss":0.0,"gold_gain":0.0,"event_name":"The Cleric","player_choice":"Card Removal","floor":4.0,"gold_loss":50.0,"damage_taken":0.0},{"damage_healed":0.0,"max_hp_gain":0.0,"max_hp_loss":0.0,"gold_gain":0.0,"event_name":"Scrap Ooze","player_choice":"Success","floor":5.0,"gold_loss":0.0,"damage_taken":18.0,"relics_obtained":["Blood Vial"]},{"cards_removed":["Strike_G"],"damage_healed":0.0,"max_hp_gain":0.0,"max_hp_loss":0.0,"gold_gain":0.0,"event_name":"Golden Wing","player_choice":"Card Removal","floor":11.0,"gold_loss":0.0,"damage_taken":7.0},{"damage_healed":0.0,"max_hp_gain":0.0,"max_hp_loss":0.0,"gold_gain":0.0,"event_name":"Match and Keep!","player_choice":"0 cards matched","floor":14.0,"gold_loss":0.0,"damage_taken":0.0,"cards_obtained":[]},{"damage_healed":0.0,"max_hp_gain":0.0,"max_hp_loss":0.0,"gold_gain":0.0,"event_name":"Wheel of Change","player_choice":"Damaged","floor":21.0,"gold_loss":0.0,"damage_taken":7.0},{"damage_healed":0.0,"max_hp_gain":0.0,"max_hp_loss":0.0,"gold_gain":0.0,"event_name":"Colosseum","player_choice":"Fight","floor":24.0,"gold_loss":0.0,"damage_taken":0.0},{"damage_healed":0.0,"max_hp_gain":0.0,"max_hp_loss":0.0,"gold_gain":0.0,"event_name":"Colosseum","player_choice":"Fled From Nobs","floor":24.0,"gold_loss":0.0,"damage_taken":0.0},{"damage_healed":0.0,"max_hp_gain":0.0,"max_hp_loss":0.0,"gold_gain":0.0,"event_name":"Accursed Blacksmith","player_choice":"Forge","floor":37.0,"gold_loss":0.0,"damage_taken":0.0,"cards_upgraded":["Corpse Explosion"]},{"damage_healed":57.0,"max_hp_gain":0.0,"max_hp_loss":0.0,"gold_gain":0.0,"event_name":"MindBloom","player_choice":"Heal","floor":48.0,"gold_loss":0.0,"damage_taken":0.0,"cards_obtained":["Doubt"]}],"is_beta":false,"boss_relics":[{"not_picked":["Busted Crown","Runic Pyramid"],"picked":"Velvet Choker"},{"not_picked":["Lizard Tail","White Beast Statue"],"picked":"Orrery"}],"items_purged_floors":[7,19,39,41,45],"is_endless":false,"potions_floor_spawned":[3,16,24,29,30,31,33,36,38,40,42],"ascension_level":2}