{"gold_per_floor":[364,30,50,60,135,135,135,155,155,171,191,191,208,224,224,325,325,341,359,449,469,36,36,49,69,69,86,86,111,111,111,111,213,213,233,248,15,29,29,63,63,63,109,129,129,229,229,245,245,245],"floor_reached":51,"playtime":3419,"items_purged":["Reprogram"],"score":918,"play_id":"c8ca4f9e-ae46-4200-95c6-9884bd94355d","local_time":"20190821003912","is_ascension_mode":true,"campfire_choices":[{"data":"Coolheaded","floor":7.0,"key":"SMITH"},{"floor":12.0,"key":"REST"},{"floor":15.0,"key":"REST"},{"floor":23.0,"key":"REST"},{"floor":28,"key":"REST"},{"floor":30,"key":"REST"},{"data":"Biased Cognition","floor":32,"key":"SMITH"},{"data":"Biased Cognition","floor":41,"key":"SMITH"},{"data":"Glacier","floor":45,"key":"SMITH"},{"data":"Glacier","floor":49,"key":"SMITH"}],"neow_cost":"TEN_PERCENT_HP_LOSS","seed_source_timestamp":136384748833032,"circlet_count":0,"master_deck":["Zap","Dualcast","Compile Driver","Coolheaded+1","Self Repair","Go for the Eyes","White Noise","Reinforced Body","Gash","Ball Lightning","All For One","Glacier+1","Doom and Gloom","Biased Cognition+1","Glacier+1","Ball Lightning","Lockon","Chaos+1","FTL","Go for the Eyes+1","Biased Cognition+1","FTL","Cold Snap+1","Beam Cell","Dark Shackles","Steam Power+1","Madness","Madness","Beam Cell+1"],"special_seed":0,"relics":["Cracked Core","PreservedInsect","Cables","Pandora\u0027s Box","Membership Card","Happy Flower","Kunai","Shuriken","Girya","White Beast Statue","Lantern","TheAbacus","StoneCalendar","Dream Catcher","Gambling Chip"],"potions_floor_usage":[25,35,36,36,38,46,48,48,50,50],"damage_taken":[{"damage":0.0,"enemies":"Cultist","floor":1.0,"turns":4.0},{"damage":2.0,"enemies":"Small Slimes","floor":3.0,"turns":4.0},{"damage":2.0,"enemies":"Jaw Worm","floor":4.0,"turns":4.0},{"damage":28.0,"enemies":"Lots of Slimes","floor":8.0,"turns":5.0},{"damage":18.0,"enemies":"3 Louse","floor":10.0,"turns":3.0},{"damage":10.0,"enemies":"Gremlin Gang","floor":11.0,"turns":4.0},{"damage":8.0,"enemies":"2 Fungi Beasts","floor":13.0,"turns":4.0},{"damage":24.0,"enemies":"Lots of Slimes","floor":14.0,"turns":4.0},{"damage":9.0,"enemies":"Hexaghost","floor":16.0,"turns":8.0},{"damage":0.0,"enemies":"Chosen","floor":18.0,"turns":4.0},{"damage":15.0,"enemies":"3 Byrds","floor":19.0,"turns":5.0},{"damage":0.0,"enemies":"Sentry and Sphere","floor":21.0,"turns":5.0},{"damage":5.0,"enemies":"Snecko","floor":24.0,"turns":5.0},{"damage":11,"enemies":"Snake Plant","floor":25,"turns":4},{"damage":0,"enemies":"Centurion and Healer","floor":27,"turns":7},{"damage":25,"enemies":"Slavers","floor":29,"turns":6},{"damage":18,"enemies":"Champ","floor":33,"turns":11},{"damage":0,"enemies":"Orb Walker","floor":35,"turns":6},{"damage":0,"enemies":"3 Darklings","floor":36,"turns":7},{"damage":0,"enemies":"Sphere and 2 Shapes","floor":38,"turns":5},{"damage":4,"enemies":"Giant Head","floor":40,"turns":6},{"damage":1,"enemies":"Transient","floor":44,"turns":5},{"damage":0,"enemies":"Mind Bloom Boss Battle","floor":46,"turns":5},{"damage":5,"enemies":"Spire Growth","floor":48,"turns":6},{"damage":61,"enemies":"Time Eater","floor":50,"turns":13}],"seed_played":"8040208758602815802","potions_obtained":[{"floor":10.0,"key":"FocusPotion"},{"floor":14.0,"key":"LiquidBronze"},{"floor":16.0,"key":"Block Potion"},{"floor":19.0,"key":"GamblersBrew"},{"floor":21.0,"key":"Block Potion"},{"floor":29,"key":"Weak Potion"},{"floor":33,"key":"Ancient Potion"},{"floor":35,"key":"EssenceOfSteel"},{"floor":36,"key":"GamblersBrew"},{"floor":38,"key":"GamblersBrew"},{"floor":40,"key":"Regen Potion"},{"floor":44,"key":"Block Potion"},{"floor":46,"key":"LiquidBronze"},{"floor":48,"key":"GamblersBrew"}],"is_trial":false,"path_per_floor":["M","$","M","M","?","?","R","M","T","M","M","R","M","M","R","B",null,"M","M","?","M","$","R","M","M","T","M","R","E","R","?","R","B",null,"M","M","$","M","?","E","R","?","T","M","R","?","?","M","R","B",null],"character_chosen":"DEFECT","items_purchased":["Coolheaded","Self Repair","PreservedInsect","Go for the Eyes","Membership Card","Happy Flower","Kunai","Lantern","Beam Cell","TheAbacus","Fire Potion"],"campfire_rested":5,"item_purchase_floors":[2,2,2,2,22,22,22,37,37,37,37],"current_hp_per_floor":[68,68,68,66,55,60,60,39,39,21,11,32,31,7,28,19,60,60,45,31,31,31,52,54,50,50,57,73,48,69,73,73,62,70,73,73,73,73,73,73,73,73,73,73,73,73,64,68,68,7],"gold":245,"neow_bonus":"TWO_FIFTY_GOLD","is_prod":false,"is_daily":false,"chose_seed":false,"campfire_upgraded":5,"win_rate":0,"timestamp":1566344352,"path_taken":["M","$","M","M","?","?","R","M","T","?","M","R","?","M","R","BOSS","M","M","?","M","$","R","?","M","T","?","R","E","R","?","R","BOSS","M","M","$","?","?","E","R","?","T","M","R","?","?","M","R","BOSS"],"build_version":"2019-07-17","purchased_purges":1,"victory":true,"max_hp_per_floor":[68,68,68,68,68,73,73,73,73,73,73,73,73,73,73,73,73,73,73,73,73,73,73,73,73,73,73,73,73,73,73,73,73,73,73,73,73,73,73,73,73,73,73,73,73,73,73,73,73,73],"card_choices":[{"not_picked":["Barrage","Steam"],"picked":"Compile Driver","floor":1.0},{"not_picked":["Turbo","Ball Lightning"],"picked":"White Noise","floor":3.0},{"not_picked":["Recycle","Storm"],"picked":"Reinforced Body","floor":4.0},{"not_picked":["Steam Power","Lockon","Compile Driver"],"picked":"SKIP","floor":8.0},{"not_picked":["Streamline","Undo"],"picked":"Gash","floor":10.0},{"not_picked":["Turbo","Capacitor"],"picked":"Ball Lightning","floor":11.0},{"not_picked":["Rebound","Sweeping Beam"],"picked":"Hologram","floor":13.0},{"not_picked":["Compile Driver","Chaos","Streamline"],"picked":"SKIP","floor":14.0},{"not_picked":["Seek","Hyperbeam"],"picked":"All For One","floor":16.0},{"not_picked":["Stack","Go for the Eyes"],"picked":"Chaos+1","floor":18.0},{"not_picked":["Glacier","Hologram"],"picked":"FTL","floor":19.0},{"not_picked":["Barrage","Stack+1","Rebound"],"picked":"SKIP","floor":21.0},{"not_picked":["Streamline","Gash"],"picked":"Go for the Eyes+1","floor":24.0},{"not_picked":["Stack","Hologram","Steam"],"picked":"SKIP","floor":25},{"not_picked":["Stack","Echo Form","Turbo+1"],"picked":"SKIP","floor":27},{"not_picked":["Coolheaded","Sweeping Beam","Stack+1"],"picked":"SKIP","floor":29},{"not_picked":["Thunder Strike","Rainbow"],"picked":"Biased Cognition","floor":33},{"not_picked":["Cold Snap","Leap"],"picked":"FTL","floor":35},{"not_picked":["Barrage+1","Go for the Eyes+1"],"picked":"Cold Snap+1","floor":36},{"not_picked":["Compile Driver+1","Beam Cell+1","Aggregate"],"picked":"SKIP","floor":38},{"not_picked":["Turbo","Leap","Reprogram"],"picked":"SKIP","floor":40},{"not_picked":["Deep Breath","Forethought"],"picked":"Dark Shackles","floor":42},{"not_picked":["Lockon","Compile Driver+1","BootSequence+1"],"picked":"SKIP","floor":44},{"not_picked":["Auto Shields","Darkness+1"],"picked":"Steam Power+1","floor":46},{"not_picked":["Leap","Reprogram+1"],"picked":"Beam Cell+1","floor":48}],"player_experience":467049,"relics_obtained":[{"floor":9.0,"key":"Cables"},{"floor":26,"key":"Shuriken"},{"floor":29,"key":"Girya"},{"floor":40,"key":"StoneCalendar"},{"floor":43,"key":"Dream Catcher"},{"floor":46,"key":"Gambling Chip"}],"event_choices":[{"damage_healed":0.0,"max_hp_gain":0.0,"max_hp_loss":0.0,"gold_gain":75.0,"event_name":"World of Goop","player_choice":"Gather Gold","floor":5.0,"gold_loss":0.0,"damage_taken":11.0},{"damage_healed":0.0,"max_hp_gain":5.0,"max_hp_loss":0.0,"gold_gain":0.0,"event_name":"Big Fish","player_choice":"Donut","floor":6.0,"gold_loss":0.0,"damage_taken":0.0},{"damage_healed":0.0,"max_hp_gain":0.0,"max_hp_loss":0.0,"gold_gain":90.0,"event_name":"Knowing Skull","player_choice":"GOLD ","floor":20.0,"potions_obtained":[],"gold_loss":0.0,"damage_taken":14.0,"cards_obtained":[]},{"cards_removed":["Aggregate"],"damage_healed":4,"gold_gain":0,"player_choice":"Offered Uncommon","damage_taken":0,"max_hp_gain":0,"max_hp_loss":0,"event_name":"Bonfire Elementals","floor":31,"gold_loss":0},{"cards_removed":["Hologram"],"damage_healed":0,"gold_gain":0,"player_choice":"Removed Skill","damage_taken":0,"max_hp_gain":0,"max_hp_loss":0,"event_name":"Falling","floor":39,"gold_loss":0},{"damage_healed":0,"gold_gain":0,"player_choice":"Memory 1","damage_taken":0,"max_hp_gain":0,"max_hp_loss":0,"event_name":"SensoryStone","floor":42,"gold_loss":0},{"damage_healed":0,"gold_gain":0,"player_choice":"Fight","damage_taken":0,"max_hp_gain":0,"max_hp_loss":0,"event_name":"MindBloom","floor":46,"gold_loss":0},{"damage_healed":0,"gold_gain":0,"player_choice":"Embrace Madness","damage_taken":9,"max_hp_gain":0,"max_hp_loss":0,"event_name":"Winding Halls","floor":47,"gold_loss":0,"cards_obtained":["Madness","Madness"]}],"is_beta":false,"boss_relics":[{"not_picked":["Calling Bell","Snecko Eye"],"picked":"Pandora\u0027s Box"},{"not_picked":["Runic Pyramid","FrozenCore"],"picked":"White Beast Statue"}],"items_purged_floors":[22],"is_endless":false,"potions_floor_spawned":[10,14,16,19,21,29,33,35,36,38,40,44,46,48],"ascension_level":7}