{"gold_per_floor":[109,136,152,152,166,200,214,232,232,24,51,51,67,100,100,203,203,223,138,138,154,154,154,13,13,13,113,147,167,182,197,197,297,297,312,312,327,339,95,95,95,108,108,122,122,147,161,21,21,21],"floor_reached":51,"playtime":5655,"items_purged":[],"score":744,"play_id":"12acd646-01d7-4e00-b449-4ecf7eed692a","local_time":"20190809115156","is_ascension_mode":false,"campfire_choices":[{"floor":12.0,"key":"REST"},{"floor":15.0,"key":"REST"},{"floor":23.0,"key":"REST"},{"data":"Discovery","floor":25.0,"key":"SMITH"},{"data":"Amplify","floor":32,"key":"SMITH"},{"floor":41,"key":"REST"},{"floor":45,"key":"REST"},{"floor":49,"key":"REST"}],"neow_cost":"NONE","seed_source_timestamp":7023844819419,"circlet_count":0,"master_deck":["Strike_B","Strike_B","Strike_B","Strike_B","Defend_B","Defend_B","Defend_B","Defend_B+1","Zap+1","Dualcast","Go for the Eyes","Chill","Go for the Eyes","Echo Form+1","Stack","Self Repair+1","Loop+1","Hello World+1","Capacitor+1","Storm+1","Amplify+1","Capacitor+1","Go for the Eyes","Electrodynamics+1","Leap","Go for the Eyes","Discovery+1","Aggregate","Heatsinks+1","Defragment+1","Conserve Battery","Turbo","White Noise+1","Barrage","Chill+1","Auto Shields","Creative AI+1","Tempest+1","Madness","Madness+1","White Noise+1","Parasite","Stack","Magnetism+1","Defragment+1","Melter","Streamline","Stack","Genetic Algorithm","Gash+1","Apotheosis"],"special_seed":0,"relics":["Cracked Core","Anchor","Frozen Egg 2","The Courier","Centennial Puzzle","Incense Burner","Black Star","Bag of Preparation","Bottled Flame","Nunchaku","Pantograph","Blue Candle","Shuriken","Cables","Pen Nib","Darkstone Periapt"],"potions_floor_usage":[37],"damage_taken":[{"damage":1.0,"enemies":"Cultist","floor":1.0,"turns":4.0},{"damage":2.0,"enemies":"Jaw Worm","floor":3.0,"turns":3.0},{"damage":0.0,"enemies":"Small Slimes","floor":5.0,"turns":3.0},{"damage":51.0,"enemies":"Gremlin Nob","floor":6.0,"turns":5.0},{"damage":0.0,"enemies":"2 Fungi Beasts","floor":7.0,"turns":4.0},{"damage":0.0,"enemies":"Red Slaver","floor":8.0,"turns":4.0},{"damage":8.0,"enemies":"3 Sentries","floor":11.0,"turns":6.0},{"damage":0.0,"enemies":"Large Slime","floor":13.0,"turns":3.0},{"damage":16.0,"enemies":"Gremlin Nob","floor":14.0,"turns":4.0},{"damage":62.0,"enemies":"The Guardian","floor":16.0,"turns":9.0},{"damage":6.0,"enemies":"Shell Parasite","floor":18.0,"turns":4.0},{"damage":0.0,"enemies":"Chosen","floor":21.0,"turns":3.0},{"damage":9.0,"enemies":"Colosseum Slavers","floor":27.0,"turns":3.0},{"damage":13.0,"enemies":"Colosseum Nobs","floor":27.0,"turns":3.0},{"damage":4.0,"enemies":"Book of Stabbing","floor":28.0,"turns":5.0},{"damage":27,"enemies":"Shelled Parasite and Fungi","floor":29,"turns":4},{"damage":0,"enemies":"Cultist and Chosen","floor":30,"turns":4},{"damage":10,"enemies":"Centurion and Healer","floor":31,"turns":3},{"damage":45,"enemies":"Automaton","floor":33,"turns":7},{"damage":0,"enemies":"3 Shapes","floor":35,"turns":3},{"damage":21,"enemies":"Orb Walker","floor":37,"turns":4},{"damage":9,"enemies":"Writhing Mass","floor":38,"turns":5},{"damage":30,"enemies":"Jaw Worm Horde","floor":42,"turns":3},{"damage":5,"enemies":"Sphere and 2 Shapes","floor":44,"turns":3},{"damage":31,"enemies":"Giant Head","floor":46,"turns":6},{"damage":16,"enemies":"Maw","floor":47,"turns":5},{"damage":62,"enemies":"Time Eater","floor":50,"turns":10}],"seed_played":"-6250914135298096694","potions_obtained":[{"floor":0.0,"key":"PowerPotion"},{"floor":0.0,"key":"SkillPotion"},{"floor":0.0,"key":"Strength Potion"},{"floor":6.0,"key":"Fruit Juice"},{"floor":7.0,"key":"Poison Potion"},{"floor":27.0,"key":"PowerPotion"},{"floor":29,"key":"EssenceOfSteel"},{"floor":31,"key":"FearPotion"},{"floor":37,"key":"LiquidBronze"}],"is_trial":false,"path_per_floor":["M","T","M","?","M","E","M","M","T","$","E","R","M","E","R","B",null,"M","?","?","M","?","R","$","R","T","?","E","M","M","M","R","B",null,"M","?","M","M","$","?","R","M","T","M","R","E","M","$","R","B",null],"character_chosen":"DEFECT","items_purchased":["Loop+1","Hello World+1","Capacitor+1","Storm+1","Heatsinks+1","Defragment+1","Conserve Battery","Magnetism+1","Defragment+1","Melter","Apotheosis"],"campfire_rested":6,"item_purchase_floors":[10,10,10,10,24,24,24,39,39,39,48],"current_hp_per_floor":[74,74,72,57,57,11,11,11,11,11,13,37,37,41,65,13,80,80,80,80,80,65,85,85,85,85,73,69,62,62,62,62,40,85,85,74,53,54,54,54,79,59,59,64,85,54,38,38,63,33],"gold":21,"neow_bonus":"THREE_SMALL_POTIONS","is_prod":false,"is_daily":false,"chose_seed":false,"campfire_upgraded":2,"win_rate":0.0,"timestamp":1565344316,"path_taken":["M","?","M","?","M","E","M","M","T","$","E","R","M","E","R","BOSS","M","?","?","?","?","R","$","R","T","?","E","M","M","M","R","BOSS","M","?","M","M","$","?","R","M","T","?","R","E","M","$","R","BOSS"],"build_version":"2019-07-17","purchased_purges":0,"victory":true,"max_hp_per_floor":[75,75,75,75,75,80,80,80,80,80,80,80,80,80,80,80,80,80,80,80,80,85,85,85,85,85,85,85,85,85,85,85,85,85,85,85,85,85,85,85,85,85,85,85,85,85,85,85,85,85],"card_choices":[{"not_picked":["Beam Cell","Turbo"],"picked":"Go for the Eyes","floor":1.0},{"not_picked":["Compile Driver","Leap"],"picked":"Chill","floor":3.0},{"not_picked":["Rebound","Force Field"],"picked":"Go for the Eyes","floor":5.0},{"not_picked":["Aggregate","Lockon"],"picked":"Echo Form","floor":6.0},{"not_picked":["Redo","Leap"],"picked":"Stack","floor":7.0},{"not_picked":["Static Discharge+1","Steam"],"picked":"Self Repair+1","floor":8.0},{"not_picked":["Compile Driver","Scrape"],"picked":"Amplify","floor":11.0},{"not_picked":["Rebound","Hello World+1"],"picked":"Capacitor+1","floor":13.0},{"not_picked":["Coolheaded","Beam Cell"],"picked":"Go for the Eyes","floor":14.0},{"not_picked":["Seek","Amplify"],"picked":"Electrodynamics+1","floor":16.0},{"not_picked":["Hologram","Gash"],"picked":"Leap","floor":18.0},{"not_picked":["Steam Power","Doom and Gloom"],"picked":"Aggregate","floor":21.0},{"not_picked":["Reinforced Body","Rebound"],"picked":"Turbo","floor":27.0},{"not_picked":["Coolheaded","Hello World+1"],"picked":"White Noise+1","floor":28.0},{"not_picked":["Lockon","Skim"],"picked":"Barrage","floor":29},{"not_picked":["Gash","Conserve Battery"],"picked":"Chill+1","floor":30},{"not_picked":["Steam Power+1","Doom and Gloom+1"],"picked":"Auto Shields","floor":31},{"not_picked":["Meteor Strike","Thunder Strike"],"picked":"Creative AI+1","floor":33},{"not_picked":["Hologram","Blizzard"],"picked":"Tempest+1","floor":35},{"not_picked":["Cold Snap+1","Undo+1"],"picked":"White Noise+1","floor":37},{"not_picked":["Genetic Algorithm","Chill"],"picked":"Stack","floor":38},{"not_picked":["Darkness","Sweeping Beam"],"picked":"Streamline","floor":42},{"not_picked":["Static Discharge+1","Streamline+1"],"picked":"Stack","floor":44},{"not_picked":["Thunder Strike","Hello World+1"],"picked":"Genetic Algorithm","floor":46},{"not_picked":["Scrape","Ball Lightning"],"picked":"Gash+1","floor":47}],"player_experience":314758,"relics_obtained":[{"floor":2.0,"key":"Anchor"},{"floor":6.0,"key":"Frozen Egg 2"},{"floor":9.0,"key":"The Courier"},{"floor":11.0,"key":"Centennial Puzzle"},{"floor":14.0,"key":"Incense Burner"},{"floor":26.0,"key":"Bottled Flame"},{"floor":27.0,"key":"Nunchaku"},{"floor":27.0,"key":"Pantograph"},{"floor":28.0,"key":"Blue Candle"},{"floor":28.0,"key":"Shuriken"},{"floor":43,"key":"Cables"},{"floor":46,"key":"Pen Nib"},{"floor":46,"key":"Darkstone Periapt"}],"event_choices":[{"damage_healed":0.0,"max_hp_gain":0.0,"max_hp_loss":0.0,"gold_gain":0.0,"event_name":"Shining Light","player_choice":"Entered Light","floor":4.0,"gold_loss":0.0,"damage_taken":15.0,"cards_upgraded":["Defend_B","Zap"]},{"damage_healed":0.0,"max_hp_gain":0.0,"max_hp_loss":0.0,"gold_gain":0.0,"event_name":"Addict","player_choice":"Obtained Relic","floor":19.0,"gold_loss":85.0,"damage_taken":0.0,"relics_obtained":["Bag of Preparation"]},{"damage_healed":0.0,"max_hp_gain":0.0,"max_hp_loss":0.0,"gold_gain":0.0,"event_name":"Match and Keep!","player_choice":"2 cards matched","floor":20.0,"gold_loss":0.0,"damage_taken":0.0,"cards_obtained":["Go for the Eyes","Discovery"]},{"damage_healed":0.0,"max_hp_gain":5.0,"max_hp_loss":0.0,"gold_gain":0.0,"event_name":"Forgotten Altar","player_choice":"Shed Blood","floor":22.0,"gold_loss":0.0,"damage_taken":20.0},{"damage_healed":0.0,"max_hp_gain":0.0,"max_hp_loss":0.0,"gold_gain":0.0,"event_name":"Colosseum","player_choice":"Fight","floor":27.0,"gold_loss":0.0,"damage_taken":0.0},{"damage_healed":0.0,"max_hp_gain":0.0,"max_hp_loss":0.0,"gold_gain":0.0,"event_name":"Colosseum","player_choice":"Fought Nobs","floor":27.0,"gold_loss":0.0,"damage_taken":0.0},{"damage_healed":0,"gold_gain":0,"player_choice":"Embrace Madness","damage_taken":11,"max_hp_gain":0,"max_hp_loss":0,"event_name":"Winding Halls","floor":36,"gold_loss":0,"cards_obtained":["Madness","Madness"]},{"damage_healed":0,"gold_gain":0,"player_choice":"Upgraded","damage_taken":0,"max_hp_gain":0,"max_hp_loss":0,"event_name":"Upgrade Shrine","floor":40,"gold_loss":0,"cards_upgraded":["Madness"]}],"is_beta":false,"boss_relics":[{"not_picked":["Lizard Tail","Astrolabe"],"picked":"Black Star"},{"not_picked":["Empty Cage","Snecko Eye","Runic Dome"]}],"items_purged_floors":[],"is_endless":false,"potions_floor_spawned":[1,6,7,8,27,27,29,31,35,37,44],"ascension_level":0}