{"gold_per_floor":[147,147,161,0,15,41,53,18,45,60,60,92,92,122,122,122],"floor_reached":16,"playtime":766,"items_purged":[],"score":222,"play_id":"dbfc1ab3-741a-4ad1-992d-8842a32df6a8","local_time":"20190819121017","is_ascension_mode":true,"campfire_choices":[{"floor":11.0,"key":"REST"},{"floor":13.0,"key":"RECALL"},{"data":"Corruption","floor":15.0,"key":"SMITH"}],"neow_cost":"NONE","seed_source_timestamp":0,"circlet_count":0,"master_deck":["AscendersBane","Strike_R","Strike_R","Strike_R","Strike_R","Strike_R","Defend_R","Defend_R","Defend_R","Defend_R","Bash","Perfected Strike","Clothesline","Corruption+1","Reaper","Cleave","Inflame","Cleave+1","Flame Barrier","Perfected Strike+1","Heavy Blade+1"],"special_seed":0,"relics":["Burning Blood","Tiny Chest","Molten Egg 2","PreservedInsect","Bottled Tornado","Centennial Puzzle"],"potions_floor_usage":[16],"damage_taken":[{"damage":6.0,"enemies":"Cultist","floor":1.0,"turns":3.0},{"damage":0.0,"enemies":"Small Slimes","floor":3.0,"turns":2.0},{"damage":3.0,"enemies":"2 Louse","floor":5.0,"turns":2.0},{"damage":50.0,"enemies":"Gremlin Nob","floor":6.0,"turns":6.0},{"damage":13.0,"enemies":"Large Slime","floor":7.0,"turns":5.0},{"damage":29.0,"enemies":"Exordium Thugs","floor":10.0,"turns":4.0},{"damage":15.0,"enemies":"Lagavulin","floor":12.0,"turns":5.0},{"damage":16.0,"enemies":"Gremlin Nob","floor":14.0,"turns":3.0},{"damage":52,"enemies":"The Guardian","floor":16,"turns":12}],"seed_played":"-1525318904216665407","potions_obtained":[{"floor":1.0,"key":"Regen Potion"},{"floor":6.0,"key":"Energy Potion"},{"floor":7.0,"key":"LiquidBronze"}],"is_trial":false,"path_per_floor":["M","T","M","$","M","E","M","?","T","M","R","E","R","E","R","B"],"character_chosen":"IRONCLAD","items_purchased":["Corruption","Reaper"],"campfire_rested":1,"item_purchase_floors":[4,4],"current_hp_per_floor":[68,68,74,74,75,43,48,66,66,43,65,56,56,46,46,0],"gold":122,"neow_bonus":"RANDOM_COMMON_RELIC","is_prod":false,"is_daily":false,"chose_seed":false,"campfire_upgraded":1,"win_rate":0,"timestamp":1566241817,"path_taken":["M","?","?","?","M","E","M","?","T","M","R","E","R","E","R","BOSS"],"build_version":"2019-07-17","purchased_purges":0,"victory":false,"max_hp_per_floor":[75,75,75,75,75,75,75,75,75,75,75,75,75,75,75,75],"card_choices":[{"not_picked":["Intimidate","Pommel Strike"],"picked":"Perfected Strike","floor":1.0},{"not_picked":["Whirlwind","Seeing Red"],"picked":"Clothesline","floor":3.0},{"not_picked":["Armaments","Hemokinesis"],"picked":"Cleave","floor":5.0},{"not_picked":["Havoc","Sword Boomerang"],"picked":"Inflame","floor":6.0},{"not_picked":["Sentinel","Evolve"],"picked":"Cleave+1","floor":7.0},{"not_picked":["Reckless Charge+1","Pommel Strike+1"],"picked":"Flame Barrier","floor":10.0},{"not_picked":["Clothesline+1","Blood for Blood+1"],"picked":"Perfected Strike+1","floor":12.0},{"not_picked":["Corruption","Havoc"],"picked":"Heavy Blade+1","floor":14.0}],"player_experience":696296,"relics_obtained":[{"floor":6.0,"key":"Molten Egg 2"},{"floor":9.0,"key":"PreservedInsect"},{"floor":12.0,"key":"Bottled Tornado"},{"floor":14.0,"key":"Centennial Puzzle"}],"event_choices":[{"damage_healed":18.0,"max_hp_gain":0.0,"max_hp_loss":0.0,"gold_gain":0.0,"event_name":"The Cleric","player_choice":"Healed","floor":8.0,"gold_loss":35.0,"damage_taken":0.0}],"is_beta":false,"boss_relics":[],"items_purged_floors":[],"is_endless":false,"potions_floor_spawned":[1,6,7],"killed_by":"The Guardian","ascension_level":17}