{"gold_per_floor":[110,110,110,122,42,42,57,77,124,136,158,170,212,224,236,248],"floor_reached":16,"playtime":727,"items_purged":[],"score":171,"play_id":"9b8c459f-81c3-4c7a-a5bb-b3b51df64d8b","local_time":"20190822111858","is_ascension_mode":true,"campfire_choices":[{"data":"Glass Knife","floor":6,"key":"SMITH"},{"floor":12,"key":"REST"},{"data":"Dodge and Roll","floor":15,"key":"SMITH"}],"neow_cost":"NONE","seed_source_timestamp":3197861493815,"circlet_count":0,"master_deck":["AscendersBane","Strike_G","Strike_G","Strike_G","Strike_G","Strike_G","Defend_G","Survivor","Neutralize+1","Escape Plan","Dodge and Roll+1","Glass Knife+1","Cloak And Dagger","Deflect","Cloak And Dagger","Dagger Throw","Accuracy"],"relics":["Empty Cage","MawBank","Odd Mushroom"],"potions_floor_usage":[13,16,16],"damage_taken":[{"damage":0,"enemies":"Jaw Worm","floor":1,"turns":4},{"damage":11,"enemies":"2 Louse","floor":4,"turns":2},{"damage":0,"enemies":"Small Slimes","floor":7,"turns":3},{"damage":14,"enemies":"Red Slaver","floor":8,"turns":2},{"damage":2,"enemies":"Gremlin Gang","floor":11,"turns":6},{"damage":8,"enemies":"The Mushroom Lair","floor":13,"turns":4},{"damage":39,"enemies":"Hexaghost","floor":16,"turns":10}],"seed_played":"-3624286401770024978","potions_obtained":[{"floor":1,"key":"SpeedPotion"},{"floor":11,"key":"SteroidPotion"},{"floor":13,"key":"Fire Potion"}],"is_trial":false,"path_per_floor":["M","?","?","M","$","R","M","M","T","$","M","R","?","?","R","B"],"character_chosen":"THE_SILENT","items_purchased":["Glass Knife"],"campfire_rested":1,"item_purchase_floors":[5],"current_hp_per_floor":[59,59,52,41,41,41,41,27,27,27,25,44,36,36,36,0],"gold":248,"neow_bonus":"BOSS_RELIC","is_prod":false,"is_daily":false,"chose_seed":false,"campfire_upgraded":2,"win_rate":0,"timestamp":1566497938,"path_taken":["M","?","?","M","$","R","M","M","T","$","M","R","?","?","R","BOSS"],"build_version":"2019-07-17","purchased_purges":0,"victory":false,"max_hp_per_floor":[66,66,66,66,66,66,66,66,66,66,66,66,66,66,66,66],"card_choices":[{"not_picked":["Outmaneuver","Underhanded Strike"],"picked":"Escape Plan","floor":1},{"not_picked":["Deadly Poison","Prepared"],"picked":"Dodge and Roll","floor":4},{"not_picked":["Concentrate","Sucker Punch"],"picked":"Cloak And Dagger","floor":7},{"not_picked":["Endless Agony","Catalyst"],"picked":"Deflect","floor":8},{"not_picked":["Choke","Flying Knee"],"picked":"Cloak And Dagger","floor":11},{"not_picked":["Dodge and Roll","Setup"],"picked":"Dagger Throw","floor":13}],"player_experience":723192,"relics_obtained":[{"floor":9,"key":"MawBank"},{"floor":13,"key":"Odd Mushroom"}],"event_choices":[{"damage_healed":0,"gold_gain":0,"player_choice":"Grow","damage_taken":0,"max_hp_gain":0,"max_hp_loss":0,"event_name":"Living Wall","floor":2,"gold_loss":0,"cards_upgraded":["Neutralize"]},{"cards_removed":["Defend_G"],"damage_healed":0,"gold_gain":0,"player_choice":"Card Removal","damage_taken":7,"max_hp_gain":0,"max_hp_loss":0,"event_name":"Golden Wing","floor":3,"gold_loss":0},{"damage_healed":0,"gold_gain":0,"player_choice":"Fought Mushrooms","damage_taken":0,"max_hp_gain":0,"max_hp_loss":0,"event_name":"Mushrooms","floor":13,"gold_loss":0},{"damage_healed":0,"gold_gain":0,"cards_transformed":["Defend_G"],"player_choice":"Transformed","damage_taken":0,"max_hp_gain":0,"max_hp_loss":0,"event_name":"Transmorgrifier","floor":14,"gold_loss":0,"cards_obtained":["Accuracy"]}],"is_beta":false,"boss_relics":[],"items_purged_floors":[],"is_endless":false,"potions_floor_spawned":[1,11,13],"killed_by":"Hexaghost","ascension_level":18}