{"gold_per_floor":[117,117,42,42,54,54,83,98,144,144,144,144,172,190,190,286,286,297,14,14,30,49,49,69,69,94,108,125,125,149,0,0,101,101,114,114,23,23,40,40,70,70,93,138,138,148,164,178,178,178],"floor_reached":51,"playtime":7915,"items_purged":["Strike_G","Strike_G"],"score":717,"play_id":"7d23f65f-d623-4fb1-a773-e2f28b4bc3ed","local_time":"20180729114930","is_ascension_mode":true,"campfire_choices":[{"data":"Defend_G","floor":6,"key":"SMITH"},{"data":"Defend_G","floor":10,"key":"SMITH"},{"floor":12,"key":"REST"},{"data":"Defend_G","floor":15,"key":"SMITH"},{"floor":23,"key":"REST"},{"data":"Adrenaline","floor":25,"key":"SMITH"},{"data":"Defend_G","floor":29,"key":"SMITH"},{"data":"Backflip","floor":32,"key":"SMITH"},{"data":"Terror","floor":40,"key":"SMITH"},{"data":"Defend_G","floor":45,"key":"SMITH"},{"data":"Phantasmal Killer","floor":49,"key":"SMITH"}],"neow_cost":"NONE","seed_source_timestamp":585577094159547,"circlet_count":0,"master_deck":["Defend_G+1","Defend_G+1","Defend_G+1","Defend_G+1","Defend_G+1","Strike_G","Strike_G+1","Survivor","Neutralize+1","Prepared+1","Quick Slash","Dagger Throw+1","PiercingWail","Deflect","Leg Sweep","Well Laid Plans","Adrenaline+1","Quick Slash","Panache","Infinite Blades+1","Terror+1","Deflect+1","Footwork+1","Deflect","Backflip+1","Footwork","Backflip+1","Backflip+1","Quick Slash","Slice","Prepared+1","Bandage Up","Finesse","Quick Slash+1","Flying Knee+1","Phantasmal Killer+1"],"relics":["Ring of the Snake","Regal Pillow","Whetstone","Question Card","Vajra","Black Star","Potion Belt","Orichalcum","Orrery","Lantern","Centennial Puzzle","Girya","Bronze Scales","Du-Vu Doll"],"potions_floor_usage":[16,16,16,24,42,50,50],"damage_taken":[{"damage":0,"enemies":"2 Louse","floor":1,"turns":3},{"damage":0,"enemies":"Cultist","floor":5,"turns":3},{"damage":18,"enemies":"Lagavulin","floor":7,"turns":9},{"damage":0,"enemies":"Small Slimes","floor":8,"turns":3},{"damage":8,"enemies":"3 Sentries","floor":13,"turns":10},{"damage":0,"enemies":"Blue Slaver","floor":14,"turns":3},{"damage":24,"enemies":"The Guardian","floor":16,"turns":18},{"damage":7,"enemies":"Shell Parasite","floor":18,"turns":8},{"damage":20,"enemies":"Spheric Guardian","floor":21,"turns":4},{"damage":11,"enemies":"Snecko","floor":22,"turns":8},{"damage":0,"enemies":"Snake Plant","floor":24,"turns":6},{"damage":0,"enemies":"Centurion and Healer","floor":27,"turns":5},{"damage":4,"enemies":"Sentry and Sphere","floor":28,"turns":5},{"damage":15,"enemies":"Collector","floor":33,"turns":12},{"damage":9,"enemies":"3 Shapes","floor":35,"turns":6},{"damage":0,"enemies":"Flame Bruiser 1 Orb","floor":39,"turns":6},{"damage":20,"enemies":"2 Orb Walkers","floor":41,"turns":6},{"damage":0,"floor":42,"turns":6},{"damage":13,"floor":44,"turns":6},{"damage":0,"enemies":"3 Darklings","floor":46,"turns":5},{"damage":0,"enemies":"Maw","floor":47,"turns":7},{"damage":3,"enemies":"Transient","floor":48,"turns":5},{"damage":41,"enemies":"Donu and Deca","floor":50,"turns":10}],"seed_played":"-4766332051346100868","potions_obtained":[{"floor":5,"key":"LiquidBronze"},{"floor":7,"key":"SkillPotion"},{"floor":8,"key":"SteroidPotion"},{"floor":14,"key":"Regen Potion"},{"floor":22,"key":"SpeedPotion"},{"floor":35,"key":"PowerPotion"},{"floor":42,"key":"SteroidPotion"},{"floor":46,"key":"Strength Potion"}],"is_trial":false,"path_per_floor":["M","?","$","?","M","R","E","M","T","R","?","R","E","M","R","B",null,"M","$","?","M","M","R","M","R","T","M","M","R","T","$","R","B",null,"M","?","$","?","M","R","E","?","T","?","R","M","M","M","R","B"],"character_chosen":"THE_SILENT","items_purchased":["Panache","Deflect","Backflip","Footwork","Finesse"],"campfire_rested":2,"item_purchase_floors":[19,31,31,31,37],"current_hp_per_floor":[70,56,56,49,49,49,31,31,31,31,28,64,56,56,56,47,70,63,63,63,43,32,68,68,68,68,68,64,64,64,64,64,49,70,61,61,61,61,65,65,49,53,53,44,44,48,52,53,53,16],"gold":178,"neow_bonus":"TRANSFORM_CARD","is_prod":false,"is_daily":false,"chose_seed":false,"campfire_upgraded":9,"win_rate":0,"timestamp":1532836170,"path_taken":["M","?","$","?","M","R","E","?","T","R","?","R","E","M","R","BOSS","M","$","?","M","M","R","M","R","T","M","M","R","?","?","R","BOSS","M","?","$","?","M","R","E","?","T","?","R","M","?","M","R","BOSS"],"build_version":"2018-07-26","purchased_purges":2,"victory":true,"max_hp_per_floor":[70,70,70,70,70,70,70,70,70,70,70,70,70,70,70,70,70,70,70,70,70,70,70,70,70,70,70,70,70,70,70,70,70,70,70,70,70,70,70,70,70,70,70,70,70,70,70,70,70,70],"card_choices":[{"not_picked":["Acrobatics","Slice"],"picked":"Quick Slash","floor":1},{"not_picked":["Terror","Blade Dance"],"picked":"Dagger Throw","floor":5},{"not_picked":["Blade Dance","Catalyst"],"picked":"PiercingWail","floor":7},{"not_picked":["Prepared","Envenom"],"picked":"Deflect","floor":8},{"not_picked":["Blur","All Out Attack","Acrobatics"],"picked":"Leg Sweep","floor":13},{"not_picked":["Eviscerate","Blur","Bane"],"picked":"Well Laid Plans","floor":14},{"not_picked":["Doppelganger","Corpse Explosion","Glass Knife"],"picked":"Adrenaline","floor":16},{"not_picked":["Dagger Spray","Backstab","Underhanded Strike"],"picked":"Quick Slash","floor":18},{"not_picked":["Choke","Calculated Gamble","Dagger Throw"],"picked":"Infinite Blades+1","floor":21},{"not_picked":["Bane","Slice+1","Quick Slash"],"picked":"Terror","floor":22},{"not_picked":["Dash","Well Laid Plans","Flechettes"],"picked":"Deflect+1","floor":24},{"not_picked":["Dodge and Roll","Dagger Spray","Poisoned Stab"],"picked":"Footwork+1","floor":27},{"not_picked":["Flying Knee","A Thousand Cuts","Reflex"],"picked":"Slice","floor":28},{"not_picked":["Skewer","Outmaneuver","Dagger Spray"],"picked":"Backflip+1","floor":34},{"not_picked":["Envenom","Outmaneuver","Dagger Throw"],"picked":"Backflip+1","floor":34},{"not_picked":["Crippling Poison","Unload","Masterful Stab"],"picked":"Quick Slash","floor":34},{"not_picked":["Skewer","Dagger Throw","Distraction"],"picked":"Slice","floor":34},{"not_picked":["Acrobatics","Deflect","Dodge and Roll"],"picked":"Prepared+1","floor":35},{"not_picked":["Madness","Deep Breath","Enlightenment"],"picked":"Bandage Up","floor":36},{"not_picked":["Dagger Spray+1","Dash","Dagger Throw"],"picked":"Quick Slash+1","floor":39},{"not_picked":["Poisoned Stab+1","Reflex","Acrobatics"],"picked":"Flying Knee+1","floor":41},{"not_picked":["Deflect","Outmaneuver+1","PiercingWail+1","Poisoned Stab+1"],"picked":"SKIP","floor":46},{"not_picked":["Blade Dance","Choke","Deflect+1"],"picked":"Phantasmal Killer","floor":47},{"not_picked":["Dodge and Roll+1","Underhanded Strike+1","Calculated Gamble","Riddle With Holes"],"picked":"SKIP","floor":48}],"player_experience":55732,"relics_obtained":[{"floor":7,"key":"Regal Pillow"},{"floor":9,"key":"Whetstone"},{"floor":13,"key":"Vajra"},{"floor":26,"key":"Potion Belt"},{"floor":30,"key":"Orichalcum"},{"floor":41,"key":"Lantern"},{"floor":41,"key":"Centennial Puzzle"},{"floor":42,"key":"Girya"},{"floor":43,"key":"Bronze Scales"},{"floor":44,"key":"Du-Vu Doll"}],"event_choices":[{"event_name":"Shining Light","player_choice":"Entered Light","floor":2,"damage_taken":0},{"event_name":"Wheel of Change","player_choice":"Damage","floor":4,"damage_taken":0},{"event_name":"Scrap Ooze","player_choice":"success","floor":11,"damage_taken":3},{"event_name":"Addict","player_choice":"Ignored","floor":20,"damage_taken":0},{"event_name":"SensoryStone","player_choice":"Memory 1","floor":36,"damage_taken":0},{"event_name":"Falling","player_choice":"Removed Attack","floor":38,"damage_taken":0},{"event_name":"MindBloom","player_choice":"Fight","floor":42,"damage_taken":0},{"event_name":"Mysterious Sphere","player_choice":"Fight","floor":44,"damage_taken":0}],"is_beta":false,"boss_relics":[{"not_picked":["Philosopher\u0027s Stone","White Beast Statue"],"picked":"Black Star"},{"not_picked":["Runic Pyramid","Fusion Hammer"],"picked":"Orrery"}],"items_purged_floors":[3,19],"is_endless":false,"potions_floor_spawned":[5,7,8,14,22,35,42,46],"ascension_level":1}