{"gold_per_floor":[369,334,334,14,32,32,88,102,127,161,177,188,188,221,221,221],"floor_reached":16,"playtime":752,"items_purged":[],"score":204,"play_id":"665d0aa8-11ca-478a-8c57-2cd82f64ec9c","local_time":"20190822123106","is_ascension_mode":true,"campfire_choices":[{"data":"Perfected Strike","floor":6.0,"key":"SMITH"},{"floor":13.0,"key":"REST"},{"data":"Bash","floor":15.0,"key":"SMITH"}],"neow_cost":"PERCENT_DAMAGE","seed_source_timestamp":0,"circlet_count":0,"master_deck":["AscendersBane","Strike_R","Strike_R","Strike_R","Strike_R","Strike_R","Defend_R+1","Defend_R","Defend_R+1","Defend_R","Bash+1","Clothesline","Perfected Strike+1","Dual Wield","Pommel Strike","Brutality+1","Shrug It Off","Inflame+1","Perfected Strike"],"special_seed":0,"relics":["Burning Blood","Gremlin Horn","Frozen Egg 2","Juzu Bracelet"],"potions_floor_usage":[16],"damage_taken":[{"damage":3.0,"enemies":"2 Louse","floor":1.0,"turns":3.0},{"damage":0.0,"enemies":"Small Slimes","floor":5.0,"turns":3.0},{"damage":0.0,"enemies":"Cultist","floor":8.0,"turns":3.0},{"damage":20.0,"enemies":"Gremlin Nob","floor":10.0,"turns":5.0},{"damage":6.0,"enemies":"Blue Slaver","floor":11.0,"turns":4.0},{"damage":19.0,"enemies":"Exordium Thugs","floor":12.0,"turns":4.0},{"damage":22.0,"enemies":"3 Sentries","floor":14.0,"turns":7.0},{"damage":58,"enemies":"Hexaghost","floor":16,"turns":9}],"seed_played":"6719215044998511199","potions_obtained":[{"floor":5.0,"key":"Dexterity Potion"},{"floor":8.0,"key":"SkillPotion"},{"floor":14.0,"key":"BloodPotion"}],"is_trial":false,"path_per_floor":["M","?","?","$","M","R","?","M","T","E","M","M","R","E","R","B"],"character_chosen":"IRONCLAD","items_purchased":["Gremlin Horn","Perfected Strike"],"campfire_rested":1,"item_purchase_floors":[4,4],"current_hp_per_floor":[53,71,48,48,54,54,54,60,60,46,46,33,55,39,39,0],"gold":221,"neow_bonus":"TWO_FIFTY_GOLD","is_prod":false,"is_daily":false,"chose_seed":false,"campfire_upgraded":2,"win_rate":0,"timestamp":1566502266,"path_taken":["M","?","?","$","M","R","?","M","T","E","M","M","R","E","R","BOSS"],"build_version":"2019-07-17","purchased_purges":0,"victory":false,"max_hp_per_floor":[75,75,75,75,75,75,75,75,75,75,75,75,75,75,75,75],"card_choices":[{"not_picked":["Dual Wield","Carnage"],"picked":"Clothesline","floor":1.0},{"not_picked":["Havoc","Searing Blow"],"picked":"Dual Wield","floor":5.0},{"not_picked":["Warcry","Sword Boomerang"],"picked":"Pommel Strike","floor":8.0},{"not_picked":["Havoc","Sword Boomerang"],"picked":"Brutality","floor":10.0},{"not_picked":["Havoc","Iron Wave"],"picked":"Shrug It Off","floor":11.0},{"not_picked":["Flame Barrier","Infernal Blade"],"picked":"Inflame+1","floor":12.0},{"not_picked":["Flex","Fire Breathing+1"],"picked":"Perfected Strike","floor":14.0}],"player_experience":726506,"relics_obtained":[{"floor":10.0,"key":"Frozen Egg 2"},{"floor":14.0,"key":"Juzu Bracelet"}],"event_choices":[{"damage_healed":18.0,"max_hp_gain":0.0,"max_hp_loss":0.0,"gold_gain":0.0,"event_name":"The Cleric","player_choice":"Healed","floor":2.0,"gold_loss":35.0,"damage_taken":0.0},{"damage_healed":0.0,"max_hp_gain":0.0,"max_hp_loss":0.0,"gold_gain":0.0,"event_name":"Shining Light","player_choice":"Entered Light","floor":3.0,"gold_loss":0.0,"damage_taken":23.0,"cards_upgraded":["Defend_R","Defend_R"]},{"damage_healed":0.0,"max_hp_gain":0.0,"max_hp_loss":0.0,"gold_gain":56.0,"event_name":"Golden Wing","player_choice":"Gained Gold","floor":7.0,"gold_loss":0.0,"damage_taken":0.0}],"is_beta":false,"boss_relics":[],"items_purged_floors":[],"is_endless":false,"potions_floor_spawned":[5,8,14],"killed_by":"Hexaghost","ascension_level":17}