{"gold_per_floor":[115,115,132,152,37,63,79,92,92,106,124,153,171,181,181,181],"floor_reached":16,"playtime":2399,"items_purged":[],"score":118,"play_id":"abe2bcbb-c6e9-4f19-9189-2d535854eb56","local_time":"20190711105202","is_ascension_mode":false,"campfire_choices":[{"floor":15,"key":"REST"}],"neow_cost":"NONE","seed_source_timestamp":14221889404856,"circlet_count":0,"master_deck":["Strike_G","Strike_G","Strike_G","Strike_G","Defend_G","Defend_G","Defend_G","Defend_G","Defend_G","Survivor","Neutralize","Deflect","Bane","Finisher","Dash","Blur","Bane","Footwork","Endless Agony","Burst","Cloak And Dagger","Crippling Poison","Dagger Throw","Dodge and Roll"],"relics":["Ring of the Snake","Meat on the Bone","Tingsha","Matryoshka"],"potions_floor_usage":[],"damage_taken":[{"damage":0,"enemies":"Small Slimes","floor":1,"turns":3},{"damage":0,"enemies":"Cultist","floor":3,"turns":7},{"damage":0,"enemies":"2 Louse","floor":4,"turns":3},{"damage":42,"enemies":"Gremlin Nob","floor":6,"turns":6},{"damage":3,"enemies":"Looter","floor":7,"turns":3},{"damage":0,"enemies":"3 Louse","floor":8,"turns":5},{"damage":3,"enemies":"2 Fungi Beasts","floor":10,"turns":4},{"damage":8,"enemies":"Lots of Slimes","floor":11,"turns":8},{"damage":34,"enemies":"3 Sentries","floor":12,"turns":13},{"damage":6,"enemies":"Large Slime","floor":13,"turns":9},{"damage":6,"enemies":"2 Fungi Beasts","floor":14,"turns":4},{"damage":54,"enemies":"Slime Boss","floor":16,"turns":15}],"seed_played":"7882532473555689711","potions_obtained":[{"floor":3,"key":"EssenceOfSteel"},{"floor":4,"key":"Regen Potion"},{"floor":8,"key":"Fire Potion"},{"floor":10,"key":"PowerPotion"}],"is_trial":false,"path_per_floor":["M","?","M","M","$","E","M","M","T","M","M","E","M","M","R","B"],"character_chosen":"THE_SILENT","items_purchased":["Dash","Blur"],"campfire_rested":1,"item_purchase_floors":[5,5],"current_hp_per_floor":[77,77,77,77,77,35,44,44,44,41,45,23,29,35,58,4],"gold":181,"neow_bonus":"TEN_PERCENT_HP_BONUS","is_prod":false,"is_daily":false,"chose_seed":false,"campfire_upgraded":0,"win_rate":0.0,"timestamp":1562835122,"path_taken":["M","?","M","M","$","E","M","?","T","M","M","E","M","M","R","BOSS"],"build_version":"2019-07-05","purchased_purges":0,"victory":false,"max_hp_per_floor":[77,77,77,77,77,77,77,77,77,77,77,77,77,77,77,77],"card_choices":[{"not_picked":["Bane","Leg Sweep"],"picked":"Deflect","floor":1},{"not_picked":["Quick Slash","Poisoned Stab"],"picked":"Bane","floor":3},{"not_picked":["Endless Agony","Blur"],"picked":"Finisher","floor":4},{"not_picked":["Choke","Flechettes"],"picked":"Bane","floor":6},{"not_picked":["Blade Dance","Quick Slash"],"picked":"Footwork","floor":7},{"not_picked":["Dodge and Roll","Footwork"],"picked":"Endless Agony","floor":8},{"not_picked":["Underhanded Strike","Deadly Poison"],"picked":"Burst","floor":10},{"not_picked":["Acrobatics","Deadly Poison"],"picked":"Cloak And Dagger","floor":11},{"not_picked":["Quick Slash","Reflex"],"picked":"Crippling Poison","floor":12},{"not_picked":["Poisoned Stab","Finisher"],"picked":"Dagger Throw","floor":13},{"not_picked":["Heel Hook","Prepared"],"picked":"Dodge and Roll","floor":14}],"player_experience":72078,"relics_obtained":[{"floor":6,"key":"Meat on the Bone"},{"floor":9,"key":"Tingsha"},{"floor":12,"key":"Matryoshka"}],"event_choices":[{"cards_removed":["Strike_G"],"damage_healed":0,"gold_gain":0,"player_choice":"Offered Basic","damage_taken":0,"max_hp_gain":0,"max_hp_loss":0,"event_name":"Bonfire Elementals","floor":2,"gold_loss":0}],"is_beta":false,"boss_relics":[],"items_purged_floors":[],"is_endless":false,"potions_floor_spawned":[3,4,8,10],"killed_by":"Slime Boss","ascension_level":0}