{"gold_per_floor":[116,129,129,145,70,70,83,108,108,120,152,52,66,81,81,176,176,195,176,51,62,62,62],"floor_reached":23,"playtime":3655,"items_purged":["Strike_R","Strike_R","Strike_R"],"score":277,"play_id":"ae370fdb-96bb-4a57-873e-b30aa000944f","local_time":"20190821192029","is_ascension_mode":true,"campfire_choices":[{"data":"Cleave","floor":6.0,"key":"SMITH"},{"floor":15.0,"key":"REST"}],"neow_cost":"NONE","seed_source_timestamp":0,"circlet_count":0,"master_deck":["Strike_R","Strike_R","Defend_R","Defend_R","Defend_R","Bash","Cleave+1","Ghostly Armor","Warcry","Inflame","Headbutt+1","Shrug It Off","Burning Pact","Flame Barrier","Limit Break","Twin Strike+1","Iron Wave+1","Shrug It Off","J.A.X."],"special_seed":0,"relics":["Burning Blood","Oddly Smooth Stone","Molten Egg 2","Self Forming Clay","Lantern","Mark of Pain"],"potions_floor_usage":[19,23,23],"damage_taken":[{"damage":11.0,"enemies":"Jaw Worm","floor":1.0,"turns":5.0},{"damage":8.0,"enemies":"2 Louse","floor":2.0,"turns":2.0},{"damage":8.0,"enemies":"Small Slimes","floor":4.0,"turns":3.0},{"damage":12.0,"enemies":"Exordium Thugs","floor":7.0,"turns":4.0},{"damage":28.0,"enemies":"3 Sentries","floor":8.0,"turns":8.0},{"damage":11.0,"enemies":"Blue Slaver","floor":10.0,"turns":3.0},{"damage":34.0,"enemies":"Lagavulin","floor":11.0,"turns":7.0},{"damage":0.0,"enemies":"2 Fungi Beasts","floor":13.0,"turns":3.0},{"damage":1.0,"enemies":"3 Louse","floor":14.0,"turns":2.0},{"damage":38.0,"enemies":"Hexaghost","floor":16.0,"turns":15.0},{"damage":17,"enemies":"Shell Parasite","floor":18,"turns":6},{"damage":9,"enemies":"2 Thieves","floor":19,"turns":4},{"damage":33,"enemies":"Chosen and Byrds","floor":21,"turns":8},{"damage":26,"enemies":"Slavers","floor":23,"turns":5}],"seed_played":"5258158498730959828","potions_obtained":[{"floor":2.0,"key":"EssenceOfSteel"},{"floor":4.0,"key":"SkillPotion"},{"floor":7.0,"key":"FairyPotion"},{"floor":13.0,"key":"Dexterity Potion"},{"floor":16.0,"key":"Fire Potion"},{"floor":21,"key":"Dexterity Potion"}],"is_trial":false,"path_per_floor":["M","M","?","M","$","R","M","E","T","M","E","$","M","M","R","B",null,"M","M","$","M","?","E"],"character_chosen":"IRONCLAD","items_purchased":[],"campfire_rested":1,"item_purchase_floors":[],"current_hp_per_floor":[67,65,65,63,63,63,57,35,35,30,14,14,20,25,49,17,64,53,50,50,23,23,0],"gold":62,"neow_bonus":"RANDOM_COMMON_RELIC","is_prod":false,"is_daily":false,"chose_seed":false,"campfire_upgraded":1,"win_rate":0,"timestamp":1566386429,"path_taken":["M","M","?","M","$","R","M","E","T","M","E","$","M","M","R","BOSS","M","M","$","M","?","E"],"build_version":"2019-07-17","purchased_purges":3,"victory":false,"max_hp_per_floor":[80,80,80,80,80,80,80,80,80,80,80,80,80,80,80,80,80,80,80,80,80,80,80],"card_choices":[{"not_picked":["Anger","Rupture"],"picked":"Cleave","floor":1.0},{"not_picked":["Combust","Dual Wield"],"picked":"Ghostly Armor","floor":2.0},{"not_picked":["Pommel Strike","Evolve","Searing Blow"],"picked":"SKIP","floor":4.0},{"not_picked":["Evolve","Perfected Strike"],"picked":"Warcry","floor":7.0},{"not_picked":["Anger","Carnage"],"picked":"Inflame","floor":8.0},{"not_picked":["Berserk","Whirlwind+1"],"picked":"Headbutt+1","floor":10.0},{"not_picked":["Perfected Strike+1","Clothesline+1"],"picked":"Shrug It Off","floor":11.0},{"not_picked":["Heavy Blade+1","Perfected Strike+1"],"picked":"Burning Pact","floor":13.0},{"not_picked":["Hemokinesis+1","Shrug It Off"],"picked":"Flame Barrier","floor":14.0},{"not_picked":["Barricade","Brutality"],"picked":"Limit Break","floor":16.0},{"not_picked":["Corruption+1","Whirlwind+1"],"picked":"Twin Strike+1","floor":18},{"not_picked":["Thunderclap+1","True Grit"],"picked":"Iron Wave+1","floor":19},{"not_picked":["Clothesline+1","Anger+1"],"picked":"Shrug It Off","floor":21}],"player_experience":821615,"relics_obtained":[{"floor":8.0,"key":"Molten Egg 2"},{"floor":9.0,"key":"Self Forming Clay"},{"floor":11.0,"key":"Lantern"}],"event_choices":[{"cards_removed":["Defend_R"],"damage_healed":0.0,"max_hp_gain":0.0,"max_hp_loss":0.0,"gold_gain":0.0,"event_name":"Living Wall","player_choice":"Forget","floor":3.0,"gold_loss":0.0,"damage_taken":0.0},{"damage_healed":0,"gold_gain":0,"player_choice":"Obtain J.A.X.","damage_taken":0,"max_hp_gain":0,"max_hp_loss":0,"event_name":"Drug Dealer","floor":22,"gold_loss":0,"cards_obtained":["J.A.X."]}],"is_beta":false,"boss_relics":[{"not_picked":["Orrery","Black Blood"],"picked":"Mark of Pain"}],"items_purged_floors":[5,12,20],"is_endless":false,"potions_floor_spawned":[2,4,7,13,16,21],"killed_by":"Slavers","ascension_level":7}