{"gold_per_floor":[16,16,16,32,32,32,47,47,47,58,58,89,101,135,135,135],"floor_reached":16,"playtime":940,"items_purged":[],"score":132,"play_id":"dd5e5ed4-af8d-472c-ab5c-dbce263ecd20","local_time":"20181019011707","is_ascension_mode":true,"campfire_choices":[{"data":"Backstab","floor":6,"key":"SMITH"},{"data":"Neutralize","floor":8,"key":"SMITH"},{"floor":15,"key":"REST"}],"neow_cost":"NO_GOLD","seed_source_timestamp":710362218222000,"circlet_count":0,"master_deck":["Defend_G","Defend_G","Defend_G","Defend_G","Defend_G","Strike_G","Strike_G","Strike_G","Strike_G","Strike_G","Survivor","Neutralize+1","Bullet Time","Backstab+1","Well Laid Plans","Crippling Poison"],"relics":["Ring of the Snake","Bag of Marbles","Meat on the Bone","Strawberry","Darkstone Periapt"],"potions_floor_usage":[12],"damage_taken":[{"damage":0,"enemies":"2 Louse","floor":1,"turns":3},{"damage":1,"enemies":"Small Slimes","floor":4,"turns":3},{"damage":0,"enemies":"Jaw Worm","floor":7,"turns":2},{"damage":3,"enemies":"Large Slime","floor":10,"turns":5},{"damage":40,"enemies":"3 Sentries","floor":12,"turns":14},{"damage":3,"enemies":"Exordium Thugs","floor":13,"turns":5},{"damage":41,"enemies":"Lagavulin","floor":14,"turns":11},{"damage":59,"enemies":"The Guardian","floor":16,"turns":17}],"seed_played":"8694931231000003233","potions_obtained":[{"floor":10,"key":"Swift Potion"},{"floor":13,"key":"FairyPotion"}],"is_trial":false,"path_per_floor":["M","?","$","M","?","R","M","R","T","M","?","E","M","E","R"],"character_chosen":"THE_SILENT","items_purchased":[],"campfire_rested":1,"item_purchase_floors":[],"current_hp_per_floor":[70,70,70,69,69,69,69,69,69,66,66,45,42,13,36,0],"gold":135,"neow_bonus":"THREE_RARE_CARDS","is_prod":false,"is_daily":false,"chose_seed":false,"campfire_upgraded":2,"win_rate":0,"timestamp":1539883027,"path_taken":["M","?","$","M","?","R","M","R","T","M","?","E","M","E","R","BOSS"],"build_version":"2018-10-11","purchased_purges":0,"victory":false,"max_hp_per_floor":[70,70,70,70,70,70,70,70,70,70,70,77,77,77,77,77],"card_choices":[{"not_picked":["Doppelganger","Malaise"],"picked":"Bullet Time","floor":0},{"not_picked":["Flying Knee","Deflect","Blade Dance"],"picked":"SKIP","floor":1},{"not_picked":["Dash","Dodge and Roll"],"picked":"Backstab","floor":4},{"not_picked":["Footwork","Accuracy","Acrobatics"],"picked":"SKIP","floor":7},{"not_picked":["Backflip","Acrobatics","Terror"],"picked":"SKIP","floor":10},{"not_picked":["Skewer","Sucker Punch","Leg Sweep"],"picked":"SKIP","floor":12},{"not_picked":["Deadly Poison","Sucker Punch"],"picked":"Well Laid Plans","floor":13},{"not_picked":["Reflex","Dagger Spray"],"picked":"Crippling Poison","floor":14}],"player_experience":432127,"relics_obtained":[{"floor":9,"key":"Meat on the Bone"},{"floor":12,"key":"Strawberry"},{"floor":14,"key":"Darkstone Periapt"}],"event_choices":[{"event_name":"Big Fish","player_choice":"Box","floor":2,"damage_taken":0},{"event_name":"Liars Game","player_choice":"disagreed","floor":5,"damage_taken":0},{"event_name":"Purifier","player_choice":"One Purge","floor":11,"damage_taken":0}],"is_beta":false,"boss_relics":[],"items_purged_floors":[],"is_endless":false,"potions_floor_spawned":[10,13],"killed_by":"The Guardian","ascension_level":4}