{"gold_per_floor":[115,115,190,190,205,238,53,53,78,103,103,103,103,134,134,253,253,277,19,144,44,44,69,69],"floor_reached":24,"playtime":1761,"items_purged":["Escape Plan","Defend_G"],"score":270,"play_id":"cdc34a9e-83a6-4878-869d-2299589e0795","local_time":"20181025004800","is_ascension_mode":true,"campfire_choices":[{"floor":8,"key":"REST"},{"data":"Prepared","floor":11,"key":"SMITH"},{"data":"Eviscerate","floor":13,"key":"SMITH"},{"data":"Secret Weapon","floor":15,"key":"SMITH"}],"neow_cost":"NONE","seed_source_timestamp":1226185685048600,"circlet_count":0,"master_deck":["Defend_G","Defend_G","Strike_G","Strike_G","Strike_G","Strike_G","Strike_G","Survivor","Neutralize","Prepared+1","Eviscerate+1","Secret Weapon+1","Prepared+1","PiercingWail","Tools of the Trade","Panache","Deflect+1"],"relics":["Ring of the Snake","NeowsBlessing","Golden Idol","StoneCalendar","Orichalcum","Vajra","Empty Cage","The Specimen","Ninja Scroll"],"potions_floor_usage":[16,16,16,24],"damage_taken":[{"damage":0,"enemies":"Small Slimes","floor":1,"turns":1},{"damage":0,"enemies":"2 Louse","floor":5,"turns":1},{"damage":0,"enemies":"Lagavulin","floor":6,"turns":1},{"damage":4,"enemies":"Jaw Worm","floor":10,"turns":3},{"damage":15,"enemies":"Gremlin Nob","floor":14,"turns":4},{"damage":8,"enemies":"Slime Boss","floor":16,"turns":6},{"damage":7,"enemies":"3 Byrds","floor":18,"turns":6},{"damage":20,"enemies":"Colosseum Slavers","floor":20,"turns":6},{"damage":32,"enemies":"Colosseum Nobs","floor":20,"turns":5},{"damage":4,"enemies":"Spheric Guardian","floor":23,"turns":3},{"damage":32,"enemies":"Book of Stabbing","floor":24,"turns":4}],"seed_played":"6565091812632289843","potions_obtained":[{"floor":5,"key":"GamblersBrew"},{"floor":6,"key":"Swift Potion"},{"floor":14,"key":"Explosive Potion"},{"floor":23,"key":"Fire Potion"}],"is_trial":false,"path_per_floor":["M","?","?","?","M","E","$","R","T","M","R","?","R","E","R","B",null,"M","$","?","$","?","M"],"character_chosen":"THE_SILENT","items_purchased":["Secret Weapon","Panache"],"campfire_rested":1,"item_purchase_floors":[7,19],"current_hp_per_floor":[70,53,42,42,42,42,42,63,63,59,59,59,59,44,44,36,70,63,63,11,11,34,30,0],"gold":69,"neow_bonus":"THREE_ENEMY_KILL","is_prod":false,"is_daily":false,"chose_seed":false,"campfire_upgraded":3,"win_rate":0,"timestamp":1540399680,"path_taken":["M","?","?","?","M","E","$","R","T","M","R","?","R","E","R","BOSS","M","$","?","$","?","M","E"],"build_version":"2018-10-18","purchased_purges":2,"victory":false,"max_hp_per_floor":[70,70,70,70,70,70,70,70,70,70,70,70,70,70,70,70,70,70,70,70,70,70,70,70],"card_choices":[{"not_picked":["Dagger Spray","Blade Dance"],"picked":"Prepared","floor":1},{"not_picked":["Bane","Masterful Stab"],"picked":"Eviscerate","floor":5},{"not_picked":["Infinite Blades","Finisher"],"picked":"Escape Plan","floor":6},{"not_picked":["Dagger Spray","Deadly Poison"],"picked":"Prepared","floor":10},{"not_picked":["Endless Agony","Backflip"],"picked":"PiercingWail","floor":14},{"not_picked":["Corpse Explosion","Die Die Die"],"picked":"Tools of the Trade","floor":16},{"not_picked":["Blade Dance","Poisoned Stab","Setup"],"picked":"SKIP","floor":18},{"not_picked":["Dagger Throw","Slice"],"picked":"Deflect+1","floor":20},{"not_picked":["Blade Dance","Acrobatics","Flying Knee"],"picked":"SKIP","floor":23}],"player_experience":447997,"relics_obtained":[{"floor":6,"key":"StoneCalendar"},{"floor":9,"key":"Orichalcum"},{"floor":14,"key":"Vajra"},{"floor":20,"key":"The Specimen"},{"floor":20,"key":"Ninja Scroll"}],"event_choices":[{"damage_healed":0,"gold_gain":0,"player_choice":"Take Damage","damage_taken":17,"relics_obtained":["Golden Idol"],"max_hp_gain":0,"max_hp_loss":0,"event_name":"Golden Idol","floor":2,"gold_loss":0},{"damage_healed":0,"gold_gain":75,"player_choice":"Gather Gold","damage_taken":11,"max_hp_gain":0,"max_hp_loss":0,"event_name":"World of Goop","floor":3,"gold_loss":0},{"damage_healed":0,"gold_gain":0,"player_choice":"Upgraded","damage_taken":0,"max_hp_gain":0,"max_hp_loss":0,"event_name":"Upgrade Shrine","floor":4,"gold_loss":0,"cards_upgraded":["Prepared"]},{"damage_healed":0,"gold_gain":0,"player_choice":"Ignored","damage_taken":0,"max_hp_gain":0,"max_hp_loss":0,"event_name":"Liars Game","floor":12,"gold_loss":0},{"damage_healed":0,"gold_gain":0,"player_choice":"Fight","damage_taken":0,"max_hp_gain":0,"max_hp_loss":0,"event_name":"Colosseum","floor":20,"gold_loss":0},{"damage_healed":0,"gold_gain":0,"player_choice":"Fought Nobs","damage_taken":0,"max_hp_gain":0,"max_hp_loss":0,"event_name":"Colosseum","floor":20,"gold_loss":0},{"damage_healed":23,"gold_gain":0,"player_choice":"Heal","damage_taken":0,"max_hp_gain":0,"max_hp_loss":0,"event_name":"The Library","floor":22,"gold_loss":0}],"is_beta":false,"boss_relics":[{"not_picked":["Ectoplasm","White Beast Statue"],"picked":"Empty Cage"}],"items_purged_floors":[19,21],"is_endless":false,"potions_floor_spawned":[5,6,14,20,23],"killed_by":"Book of Stabbing","ascension_level":4}