{"gold_per_floor":[115,135,60,74,87,87,87,87,87,87,87,106,106,122,122,122],"floor_reached":16,"playtime":1192,"items_purged":["Defend_G"],"score":110,"play_id":"b3040a95-343d-4a46-bf7a-65c42c29dbe7","local_time":"20181018212559","is_ascension_mode":true,"campfire_choices":[{"data":"Defend_G","floor":6,"key":"SMITH"},{"data":"Defend_G","floor":8,"key":"SMITH"},{"data":"Neutralize","floor":10,"key":"SMITH"},{"floor":15,"key":"REST"}],"neow_cost":"TEN_PERCENT_HP_LOSS","seed_source_timestamp":696241504208100,"circlet_count":0,"master_deck":["Defend_G","Defend_G+1","Defend_G+1","Strike_G","Strike_G","Strike_G","Strike_G","Survivor","Neutralize+1","Prepared","Grand Finale"],"relics":["Ring of the Snake","Gremlin Horn","Prayer Wheel","Ninja Scroll"],"potions_floor_usage":[12,16],"damage_taken":[{"damage":4,"enemies":"Cultist","floor":1,"turns":6},{"damage":0,"enemies":"Small Slimes","floor":2,"turns":3},{"damage":0,"enemies":"Jaw Worm","floor":4,"turns":4},{"damage":20,"enemies":"Exordium Wildlife","floor":5,"turns":8},{"damage":0,"enemies":"Large Slime","floor":12,"turns":8},{"damage":0,"enemies":"Lots of Slimes","floor":14,"turns":4},{"damage":34,"enemies":"Hexaghost","floor":16,"turns":14}],"seed_played":"-5343617332762711998","potions_obtained":[{"floor":1,"key":"GhostInAJar"},{"floor":14,"key":"GhostInAJar"}],"is_trial":false,"path_per_floor":["M","M","$","M","M","R","T","R","T","R","?","M","?","M","R"],"character_chosen":"THE_SILENT","items_purchased":[],"campfire_rested":1,"item_purchase_floors":[],"current_hp_per_floor":[59,59,59,59,39,39,39,39,39,39,14,14,14,14,32,0],"gold":122,"neow_bonus":"REMOVE_TWO","is_prod":false,"is_daily":false,"chose_seed":false,"campfire_upgraded":3,"win_rate":0,"timestamp":1539869159,"path_taken":["M","?","$","M","M","R","?","R","T","R","?","M","?","M","R","BOSS"],"build_version":"2018-10-11","purchased_purges":1,"victory":false,"max_hp_per_floor":[63,63,63,63,63,63,63,63,63,63,63,63,63,63,63,63],"card_choices":[{"not_picked":["Riddle With Holes","Finisher","Outmaneuver"],"picked":"SKIP","floor":1},{"not_picked":["Catalyst","Dodge and Roll","PiercingWail"],"picked":"SKIP","floor":2},{"not_picked":["Deflect","Deadly Poison","Acrobatics"],"picked":"SKIP","floor":4},{"not_picked":["Dodge and Roll","Bouncing Flask","Bane"],"picked":"SKIP","floor":5},{"not_picked":["Acrobatics","Dodge and Roll","Slice"],"picked":"SKIP","floor":12},{"not_picked":["Deflect","All Out Attack","Dodge and Roll"],"picked":"SKIP","floor":12},{"not_picked":["Crippling Poison","Blade Dance"],"picked":"Prepared","floor":14},{"not_picked":["PiercingWail","Well Laid Plans"],"picked":"Grand Finale","floor":14}],"player_experience":430935,"relics_obtained":[{"floor":7,"key":"Gremlin Horn"},{"floor":9,"key":"Prayer Wheel"}],"event_choices":[{"event_name":"Scrap Ooze","player_choice":"success","floor":11,"damage_taken":25},{"event_name":"WeMeetAgain","player_choice":"Attack","floor":13,"damage_taken":0}],"is_beta":false,"boss_relics":[],"items_purged_floors":[3],"is_endless":false,"potions_floor_spawned":[1,14],"killed_by":"Hexaghost","ascension_level":4}