{"gold_per_floor":[218,230,50,68,85,85,114,128,128,154,3,23,39,39,39,39],"floor_reached":16,"playtime":2654,"items_purged":[],"score":109,"play_id":"e3b71aa5-3619-4d00-9e9f-93c1f139ceb2","local_time":"20190822074548","is_ascension_mode":true,"campfire_choices":[{"floor":6.0,"key":"RECALL"},{"floor":15.0,"key":"REST"}],"neow_cost":"NONE","seed_source_timestamp":0,"circlet_count":0,"master_deck":["Strike_R","Strike_R","Strike_R","Strike_R","Strike_R","Defend_R","Defend_R","Defend_R","Defend_R","Bash","Rage","Rage","Panache","Intimidate","Spot Weakness","Shrug It Off","Inflame","Dual Wield","Spot Weakness","Evolve"],"special_seed":0,"relics":["Burning Blood","Shuriken","Singing Bowl","Odd Mushroom","CultistMask"],"potions_floor_usage":[16,16],"damage_taken":[{"damage":11.0,"enemies":"Jaw Worm","floor":1.0,"turns":4.0},{"damage":1.0,"enemies":"Cultist","floor":2.0,"turns":3.0},{"damage":5.0,"enemies":"2 Louse","floor":4.0,"turns":3.0},{"damage":4.0,"enemies":"Exordium Wildlife","floor":5.0,"turns":5.0},{"damage":40.0,"enemies":"Lagavulin","floor":7.0,"turns":9.0},{"damage":4.0,"enemies":"Looter","floor":8.0,"turns":4.0},{"damage":36.0,"enemies":"The Mushroom Lair","floor":10.0,"turns":8.0},{"damage":18.0,"enemies":"Exordium Thugs","floor":12.0,"turns":6.0},{"damage":5.0,"enemies":"Blue Slaver","floor":13.0,"turns":5.0},{"damage":39,"enemies":"Slime Boss","floor":16,"turns":8}],"seed_played":"-695250459900241948","potions_obtained":[{"floor":2.0,"key":"Strength Potion"},{"floor":7.0,"key":"Dexterity Potion"},{"floor":8.0,"key":"Poison Potion"},{"floor":12.0,"key":"Fire Potion"}],"is_trial":false,"path_per_floor":["M","M","$","M","M","R","E","M","T","?","$","M","M","?","R","B"],"character_chosen":"IRONCLAD","items_purchased":["Panache","Inflame","Dual Wield"],"campfire_rested":1,"item_purchase_floors":[3,11,11],"current_hp_per_floor":[75,80,80,80,80,80,46,48,48,20,20,8,9,9,33,0],"gold":39,"neow_bonus":"HUNDRED_GOLD","is_prod":false,"is_daily":false,"chose_seed":false,"campfire_upgraded":0,"win_rate":0,"timestamp":1566452748,"path_taken":["M","M","$","M","M","R","E","M","T","?","$","M","M","?","R","BOSS"],"build_version":"2019-07-17","purchased_purges":0,"victory":false,"max_hp_per_floor":[80,80,80,80,80,80,80,80,80,82,82,82,82,82,82,82],"card_choices":[{"not_picked":["Thunderclap","Blood for Blood"],"picked":"Rage","floor":1.0},{"not_picked":["Rupture","Heavy Blade"],"picked":"Rage","floor":2.0},{"not_picked":["Shrug It Off","Sword Boomerang"],"picked":"Intimidate","floor":4.0},{"not_picked":["Iron Wave","Thunderclap","Shrug It Off"],"picked":"SKIP","floor":5.0},{"not_picked":["Blood for Blood","Shrug It Off"],"picked":"Spot Weakness","floor":7.0},{"not_picked":["Warcry","Pommel Strike"],"picked":"Shrug It Off","floor":8.0},{"not_picked":["Heavy Blade","Thunderclap","Headbutt"],"picked":"Singing Bowl","floor":10.0},{"not_picked":["Clash","Body Slam"],"picked":"Spot Weakness","floor":12.0},{"not_picked":["Intimidate","Bloodletting"],"picked":"Evolve","floor":13.0}],"player_experience":406627,"relics_obtained":[{"floor":7.0,"key":"Shuriken"},{"floor":9.0,"key":"Singing Bowl"},{"floor":10.0,"key":"Odd Mushroom"}],"event_choices":[{"damage_healed":0.0,"max_hp_gain":0.0,"max_hp_loss":0.0,"gold_gain":0.0,"event_name":"Mushrooms","player_choice":"Fought Mushrooms","floor":10.0,"gold_loss":0.0,"damage_taken":0.0},{"damage_healed":0.0,"max_hp_gain":0.0,"max_hp_loss":0.0,"gold_gain":0.0,"event_name":"FaceTrader","player_choice":"Trade","floor":14.0,"gold_loss":0.0,"damage_taken":0.0,"relics_obtained":["CultistMask"]}],"is_beta":false,"boss_relics":[],"items_purged_floors":[],"is_endless":false,"potions_floor_spawned":[2,7,8,12],"killed_by":"Slime Boss","ascension_level":1}