{"gold_per_floor":[118,131,131,131,20,20,30,41,68,87,97,112,164,164,164,261,261,261,261,176,99,99,112,123,123,123,138,156,170,170,185,185,185],"floor_reached":33,"playtime":3573,"items_purged":[],"score":243,"play_id":"706efc91-0a40-4933-a16c-5504d271a8cc","local_time":"20190709121735","is_ascension_mode":false,"campfire_choices":[{"data":"Rampage","floor":6,"key":"SMITH"},{"data":"Armaments","floor":15,"key":"SMITH"},{"floor":25,"key":"REST"},{"floor":32,"key":"REST"}],"neow_cost":"NONE","seed_source_timestamp":18064273991380,"circlet_count":0,"master_deck":["Strike_R+1","Strike_R+1","Strike_R+1","Strike_R+1","Strike_R+1","Defend_R+1","Defend_R+1","Defend_R+1","Defend_R+1","Bash","Offering","Shrug It Off","Feel No Pain","Rampage+1","Power Through","Dual Wield","Pommel Strike","Armaments+1","Demon Form","Heavy Blade","Berserk","Rampage","Carnage","RitualDagger","Sword Boomerang","Thunderclap","Fiend Fire","Heavy Blade+1","Seeing Red+1","Clash"],"relics":["Burning Blood","Oddly Smooth Stone","Lantern","Happy Flower","Runic Pyramid","Bag of Marbles","Toxic Egg 2"],"potions_floor_usage":[16,16,16],"damage_taken":[{"damage":6,"enemies":"Cultist","floor":1,"turns":5},{"damage":8,"enemies":"Jaw Worm","floor":2,"turns":5},{"damage":7,"enemies":"2 Louse","floor":7,"turns":5},{"damage":13,"enemies":"Blue Slaver","floor":8,"turns":7},{"damage":11,"enemies":"Large Slime","floor":10,"turns":9},{"damage":15,"enemies":"3 Louse","floor":11,"turns":5},{"damage":7,"enemies":"Exordium Wildlife","floor":12,"turns":7},{"damage":27,"enemies":"Slime Boss","floor":16,"turns":10},{"damage":10,"enemies":"Shell Parasite","floor":18,"turns":5},{"damage":28,"enemies":"Spheric Guardian","floor":23,"turns":6},{"damage":29,"enemies":"Chosen and Byrds","floor":24,"turns":5},{"damage":16,"enemies":"Cultist and Chosen","floor":27,"turns":5},{"damage":24,"enemies":"Sentry and Sphere","floor":28,"turns":5},{"damage":15,"enemies":"3 Cultists","floor":29,"turns":4},{"damage":6,"enemies":"Snake Plant","floor":31,"turns":2},{"damage":39,"enemies":"Champ","floor":33,"turns":5}],"seed_played":"5496236803845099140","potions_obtained":[{"floor":2,"key":"SpeedPotion"},{"floor":8,"key":"Poison Potion"},{"floor":10,"key":"Weak Potion"},{"floor":12,"key":"Weak Potion"},{"floor":16,"key":"AttackPotion"},{"floor":24,"key":"Strength Potion"},{"floor":28,"key":"PowerPotion"}],"is_trial":false,"path_per_floor":["M","M","?","?","$","R","M","M","T","M","M","M","T","?","R","B",null,"M","?","?","$","?","M","M","R","T","M","M","M","?","M","R","B"],"character_chosen":"IRONCLAD","items_purchased":["Rampage","Power Through","Carnage"],"campfire_rested":2,"item_purchase_floors":[5,5,21],"current_hp_per_floor":[80,78,62,62,62,62,61,54,54,49,40,39,39,36,36,15,80,76,76,76,76,70,48,25,49,49,39,21,12,12,12,36,0],"gold":185,"neow_bonus":"ONE_RANDOM_RARE_CARD","is_prod":false,"is_daily":false,"chose_seed":false,"campfire_upgraded":2,"win_rate":0.0,"timestamp":1562667455,"path_taken":["M","?","?","?","$","R","M","M","T","M","M","M","?","?","R","BOSS","M","?","?","$","?","M","M","R","T","M","M","M","?","M","R","BOSS"],"build_version":"2019-07-05","purchased_purges":0,"victory":false,"max_hp_per_floor":[80,80,80,80,80,80,80,80,80,80,80,80,80,80,80,80,80,80,80,80,80,80,80,80,80,80,80,80,80,80,80,80,80],"card_choices":[{"not_picked":["Entrench","Clash"],"picked":"Shrug It Off","floor":1},{"not_picked":["Ghostly Armor","Flame Barrier"],"picked":"Feel No Pain","floor":2},{"not_picked":["Burning Pact","Flame Barrier"],"picked":"Dual Wield","floor":7},{"not_picked":["Flex","Twin Strike"],"picked":"Pommel Strike","floor":8},{"not_picked":["Twin Strike","Pummel"],"picked":"Armaments","floor":10},{"not_picked":["Carnage","Sword Boomerang"],"picked":"Demon Form","floor":11},{"not_picked":["Iron Wave","Uppercut"],"picked":"Heavy Blade","floor":12},{"not_picked":["Double Tap","Feed"],"picked":"Berserk","floor":16},{"not_picked":["Warcry","Pommel Strike"],"picked":"Rampage","floor":18},{"not_picked":["Shrug It Off","Pommel Strike"],"picked":"Sword Boomerang","floor":23},{"not_picked":["Battle Trance","Flex"],"picked":"Thunderclap","floor":24},{"not_picked":["Thunderclap+1","Clothesline"],"picked":"Fiend Fire","floor":27},{"not_picked":["Warcry+1","Thunderclap"],"picked":"Heavy Blade+1","floor":28},{"not_picked":["True Grit+1","Uppercut+1"],"picked":"Seeing Red+1","floor":29},{"not_picked":["Warcry+1","Whirlwind"],"picked":"Clash","floor":31}],"player_experience":15064,"relics_obtained":[{"floor":9,"key":"Oddly Smooth Stone"},{"floor":13,"key":"Lantern"},{"floor":26,"key":"Toxic Egg 2"}],"event_choices":[{"damage_healed":0,"gold_gain":0,"player_choice":"Entered Light","damage_taken":16,"max_hp_gain":0,"max_hp_loss":0,"event_name":"Shining Light","floor":3,"gold_loss":0,"cards_upgraded":["Defend_R","Defend_R"]},{"damage_healed":0,"gold_gain":0,"player_choice":"Ignored","damage_taken":0,"max_hp_gain":0,"max_hp_loss":0,"event_name":"Golden Idol","floor":4,"gold_loss":0},{"damage_healed":0,"gold_gain":0,"player_choice":"Success","damage_taken":3,"relics_obtained":["Happy Flower"],"max_hp_gain":0,"max_hp_loss":0,"event_name":"Scrap Ooze","floor":14,"gold_loss":0},{"damage_healed":0,"gold_gain":0,"player_choice":"Simplicity","damage_taken":0,"max_hp_gain":0,"max_hp_loss":0,"event_name":"Back to Basics","floor":19,"gold_loss":0,"cards_upgraded":["Strike_R","Strike_R","Strike_R","Strike_R","Strike_R","Defend_R","Defend_R"]},{"damage_healed":0,"gold_gain":0,"player_choice":"Obtained Relic","damage_taken":0,"relics_obtained":["Bag of Marbles"],"max_hp_gain":0,"max_hp_loss":0,"event_name":"Addict","floor":20,"gold_loss":85},{"damage_healed":0,"gold_gain":0,"player_choice":"Joined the Cult","damage_taken":6,"max_hp_gain":0,"max_hp_loss":0,"event_name":"Nest","floor":22,"gold_loss":0,"cards_obtained":["RitualDagger"]},{"damage_healed":0,"gold_gain":0,"player_choice":"Ignored","damage_taken":0,"max_hp_gain":0,"max_hp_loss":0,"event_name":"The Mausoleum","floor":30,"gold_loss":0}],"is_beta":false,"boss_relics":[{"not_picked":["Velvet Choker","Lizard Tail"],"picked":"Runic Pyramid"}],"items_purged_floors":[],"is_endless":false,"potions_floor_spawned":[2,8,10,12,16,24,28],"killed_by":"Champ","ascension_level":0}