{"gold_per_floor":[114,132,146,45,45,45,58,58,58,71,71,91,9,28,28,124,124,137,157,168,14,34,62,9,9,9,9,27,27,27,27,27,131,131,149,41,59,59,74,74,90,14,14,31,61,61,0,19,19,19],"floor_reached":50,"playtime":5485,"items_purged":[],"score":587,"play_id":"4dfe27b5-1a59-49c0-8d89-7a02d9006507","local_time":"20190726100820","is_ascension_mode":true,"campfire_choices":[{"data":"Accuracy","floor":6.0,"key":"SMITH"},{"floor":15.0,"key":"REST"},{"floor":29.0,"key":"REST"},{"floor":32.0,"key":"REST"},{"floor":40.0,"key":"REST"},{"floor":46.0,"key":"REST"},{"floor":49.0,"key":"REST"}],"neow_cost":"NONE","seed_source_timestamp":1927630748792,"circlet_count":0,"master_deck":["Defend_G+1","Defend_G+1","Defend_G+1","Defend_G+1","Defend_G+1","Survivor","Neutralize+1","Blade Dance","Infinite Blades+1","PiercingWail","Deflect","Accuracy+1","Backflip","Acrobatics","Distraction","Poisoned Stab+1","Footwork","Footwork","After Image","PiercingWail","PiercingWail+1","Infinite Blades","Infinite Blades","Terror","Noxious Fumes+1","Dodge and Roll","Slice","J.A.X.","Bite","Bite","Bite","Bite","Bite","Concentrate+1","Writhe","Corpse Explosion","Accuracy+1","Footwork","Distraction","Accuracy+1","Discovery","Poisoned Stab+1","Cloak And Dagger","Noxious Fumes","Caltrops","Tools of the Trade","Parasite","Distraction"],"special_seed":0,"relics":["Ring of the Serpent","Juzu Bracelet","Ninja Scroll","WristBlade","Bottled Tornado","Whetstone","Shuriken","The Specimen","Mercury Hourglass","Red Mask"],"potions_floor_usage":[50,50],"damage_taken":[{"damage":3.0,"enemies":"Jaw Worm","floor":1.0,"turns":5.0},{"damage":1.0,"enemies":"Cultist","floor":2.0,"turns":4.0},{"damage":0.0,"enemies":"2 Louse","floor":3.0,"turns":3.0},{"damage":7.0,"enemies":"Large Slime","floor":7.0,"turns":6.0},{"damage":2.0,"enemies":"Looter","floor":10.0,"turns":4.0},{"damage":0.0,"enemies":"3 Louse","floor":12.0,"turns":3.0},{"damage":0.0,"enemies":"2 Fungi Beasts","floor":14.0,"turns":5.0},{"damage":18.0,"enemies":"Slime Boss","floor":16.0,"turns":13.0},{"damage":17.0,"enemies":"Chosen","floor":18.0,"turns":5.0},{"damage":8.0,"enemies":"Spheric Guardian","floor":19.0,"turns":4.0},{"damage":3.0,"enemies":"Centurion and Healer","floor":20.0,"turns":8.0},{"damage":0.0,"enemies":"Snake Plant","floor":22.0,"turns":5.0},{"damage":23.0,"enemies":"Gremlin Leader","floor":23.0,"turns":7.0},{"damage":25.0,"enemies":"3 Cultists","floor":28.0,"turns":5.0},{"damage":15.0,"enemies":"Champ","floor":33.0,"turns":7.0},{"damage":0.0,"enemies":"3 Shapes","floor":35.0,"turns":5.0},{"damage":26.0,"enemies":"3 Darklings","floor":37.0,"turns":3.0},{"damage":24.0,"enemies":"4 Shapes","floor":39.0,"turns":5.0},{"damage":19.0,"enemies":"Transient","floor":41.0,"turns":5.0},{"damage":10.0,"enemies":"Sphere and 2 Shapes","floor":44.0,"turns":6.0},{"damage":0.0,"enemies":"Nemesis","floor":45.0,"turns":7.0},{"damage":10.0,"enemies":"Writhing Mass","floor":48.0,"turns":9.0},{"damage":37,"enemies":"Donu and Deca","floor":50,"turns":5}],"seed_played":"4013352588022938918","potions_obtained":[{"floor":1.0,"key":"Strength Potion"},{"floor":2.0,"key":"Explosive Potion"},{"floor":14.0,"key":"GamblersBrew"},{"floor":18.0,"key":"Strength Potion"},{"floor":20.0,"key":"Poison Potion"},{"floor":22.0,"key":"GhostInAJar"},{"floor":44.0,"key":"GhostInAJar"}],"is_trial":false,"path_per_floor":["M","M","M","$","?","R","M","?","T","M","?","M","$","M","R","B",null,"M","M","M","$","M","E","$","?","T","?","M","R","?","?","R","B",null,"M","$","M","?","M","R","M","$","T","M","E","R","?","M","R","B"],"character_chosen":"THE_SILENT","items_purchased":["Accuracy","Backflip","Footwork","Infinite Blades","Terror","Slice","Footwork","Distraction","Noxious Fumes"],"campfire_rested":6,"item_purchase_floors":[4,4,13,21,21,24,36,36,42],"current_hp_per_floor":[67,66,66,66,66,66,59,64,64,62,37,37,37,37,59,41,75,58,50,47,47,47,24,24,24,24,24,5,20,20,20,35,26,52,52,52,26,26,8,23,10,10,10,2,6,21,21,13,28,0],"gold":19,"neow_bonus":"THREE_CARDS","is_prod":false,"is_daily":false,"chose_seed":false,"campfire_upgraded":1,"win_rate":0,"timestamp":1564128500,"path_taken":["M","M","M","$","?","R","?","?","T","M","?","M","$","M","R","BOSS","M","M","M","$","M","E","$","?","T","?","M","R","?","?","R","BOSS","M","$","M","?","M","R","M","$","T","M","E","R","?","M","R","BOSS"],"build_version":"2019-07-17","purchased_purges":0,"victory":false,"max_hp_per_floor":[70,70,70,70,70,70,70,75,75,75,75,75,75,75,75,75,75,75,75,75,75,75,75,75,75,75,52,52,52,52,52,52,52,52,52,52,52,52,52,52,52,52,52,52,52,52,52,52,52,52],"card_choices":[{"not_picked":["Bane","Dagger Spray"],"picked":"Blade Dance","floor":0.0},{"not_picked":["Blade Dance","Finisher"],"picked":"Infinite Blades","floor":1.0},{"not_picked":["Dagger Spray","Predator"],"picked":"PiercingWail","floor":2.0},{"not_picked":["Prepared","Poisoned Stab"],"picked":"Deflect","floor":3.0},{"not_picked":["Dagger Spray","Bane"],"picked":"Acrobatics","floor":7.0},{"not_picked":["Eviscerate","Outmaneuver"],"picked":"Distraction","floor":10.0},{"not_picked":["Sucker Punch","Tactician"],"picked":"Poisoned Stab","floor":12.0},{"not_picked":["Burst","Poisoned Stab"],"picked":"Footwork","floor":14.0},{"not_picked":["Bullet Time","Burst"],"picked":"After Image","floor":16.0},{"not_picked":["Predator","Skewer"],"picked":"PiercingWail","floor":18.0},{"not_picked":["Backflip","Expertise"],"picked":"PiercingWail+1","floor":19.0},{"not_picked":["Sucker Punch","Choke+1"],"picked":"Infinite Blades","floor":20.0},{"not_picked":["Outmaneuver","Footwork"],"picked":"Noxious Fumes+1","floor":22.0},{"not_picked":["Flying Knee","Reflex"],"picked":"Dodge and Roll","floor":23.0},{"not_picked":["Catalyst+1","Wraith Form v2"],"picked":"Concentrate+1","floor":28.0},{"not_picked":["Night Terror","Envenom"],"picked":"Corpse Explosion","floor":33.0},{"not_picked":["Backflip","Cloak And Dagger"],"picked":"Accuracy+1","floor":35.0},{"not_picked":["Acrobatics+1","All Out Attack"],"picked":"Accuracy+1","floor":37.0},{"not_picked":["Impatience","Secret Weapon"],"picked":"Discovery","floor":38.0},{"not_picked":["Dagger Throw","Outmaneuver"],"picked":"Poisoned Stab+1","floor":39.0},{"not_picked":["Heel Hook+1","Flechettes+1"],"picked":"Cloak And Dagger","floor":41.0},{"not_picked":["Prepared+1","Bane+1"],"picked":"Caltrops","floor":44.0},{"not_picked":["Concentrate","Predator+1"],"picked":"Tools of the Trade","floor":45.0},{"not_picked":["Prepared","Outmaneuver+1"],"picked":"Distraction","floor":48.0}],"player_experience":218621,"relics_obtained":[{"floor":9.0,"key":"Juzu Bracelet"},{"floor":23.0,"key":"Bottled Tornado"},{"floor":26.0,"key":"Whetstone"},{"floor":43.0,"key":"The Specimen"},{"floor":45.0,"key":"Mercury Hourglass"}],"event_choices":[{"damage_healed":0.0,"max_hp_gain":0.0,"max_hp_loss":0.0,"gold_gain":0.0,"event_name":"Upgrade Shrine","player_choice":"Upgraded","floor":5.0,"gold_loss":0.0,"damage_taken":0.0,"cards_upgraded":["Infinite Blades"]},{"damage_healed":0.0,"max_hp_gain":5.0,"max_hp_loss":0.0,"gold_gain":0.0,"event_name":"Big Fish","player_choice":"Donut","floor":8.0,"gold_loss":0.0,"damage_taken":0.0},{"damage_healed":0.0,"max_hp_gain":0.0,"max_hp_loss":0.0,"gold_gain":0.0,"event_name":"Scrap Ooze","player_choice":"Success","floor":11.0,"gold_loss":0.0,"damage_taken":25.0,"relics_obtained":["Ninja Scroll"]},{"damage_healed":0.0,"max_hp_gain":0.0,"max_hp_loss":0.0,"gold_gain":0.0,"event_name":"Drug Dealer","player_choice":"Obtain J.A.X.","floor":25.0,"gold_loss":0.0,"damage_taken":0.0,"cards_obtained":["J.A.X."]},{"damage_healed":0.0,"max_hp_gain":0.0,"max_hp_loss":23.0,"gold_gain":0.0,"event_name":"Vampires","player_choice":"Became a vampire","floor":27.0,"gold_loss":0.0,"damage_taken":0.0,"cards_obtained":["Bite","Bite","Bite","Bite","Bite"]},{"damage_healed":0.0,"max_hp_gain":0.0,"max_hp_loss":0.0,"gold_gain":0.0,"event_name":"The Mausoleum","player_choice":"Opened","floor":30.0,"gold_loss":0.0,"damage_taken":0.0,"relics_obtained":["Shuriken"],"cards_obtained":["Writhe"]},{"damage_healed":0.0,"max_hp_gain":0.0,"max_hp_loss":0.0,"gold_gain":0.0,"event_name":"Back to Basics","player_choice":"Simplicity","floor":31.0,"gold_loss":0.0,"damage_taken":0.0,"cards_upgraded":["Defend_G","Defend_G","Defend_G","Defend_G","Defend_G"]},{"damage_healed":0.0,"max_hp_gain":0.0,"max_hp_loss":0.0,"gold_gain":0.0,"event_name":"SensoryStone","player_choice":"Memory 1","floor":38.0,"gold_loss":0.0,"damage_taken":0.0},{"damage_healed":0.0,"max_hp_gain":0.0,"max_hp_loss":0.0,"gold_gain":0.0,"event_name":"Tomb of Lord Red Mask","player_choice":"Paid","floor":47.0,"gold_loss":61.0,"damage_taken":0.0,"relics_obtained":["Red Mask"]}],"is_beta":false,"boss_relics":[{"not_picked":["Snecko Eye","Black Star"],"picked":"WristBlade"},{"not_picked":["Busted Crown","White Beast Statue"],"picked":"Ring of the Serpent"}],"items_purged_floors":[],"is_endless":false,"potions_floor_spawned":[1,2,14,18,20,22,23,35,41,44],"killed_by":"Donu and Deca","ascension_level":1}