{"gold_per_floor":[119,133,58,133,144,144,144,154,154,172,4,33,33,66,66,161,161,174,189,203,49,49,49,12,12,12,341,62,76,76],"floor_reached":30,"playtime":2542,"items_purged":["Strike_R"],"score":361,"play_id":"08714245-58c8-4b15-8530-58ce9876417d","local_time":"20190126190350","is_ascension_mode":true,"campfire_choices":[{"floor":6.0,"key":"RECALL"},{"floor":13.0,"key":"REST"},{"floor":15.0,"key":"REST"},{"floor":23.0,"key":"REST"},{"floor":25.0,"key":"REST"}],"neow_cost":"NONE","seed_source_timestamp":4473960861105044,"circlet_count":0,"master_deck":["Strike_R","Strike_R","Strike_R","Defend_R","Defend_R","Defend_R","Defend_R","Bash","Fire Breathing","Reaper","Combust","Barricade","Rage","Iron Wave","Thunderclap","Pommel Strike","Flame Barrier","Reaper","Shrug It Off","Thunderclap+1","Shame","Metallicize","Pommel Strike+1","Uppercut"],"special_seed":0,"relics":["Fusion Hammer","Kunai","Singing Bowl","StoneCalendar","Black Star","Regal Pillow","PreservedInsect","Anchor","Centennial Puzzle","Old Coin","Ornamental Fan"],"potions_floor_usage":[],"damage_taken":[{"damage":0.0,"enemies":"2 Louse","floor":1.0,"turns":3.0},{"damage":7.0,"enemies":"Jaw Worm","floor":2.0,"turns":3.0},{"damage":1.0,"enemies":"Cultist","floor":5.0,"turns":4.0},{"damage":22.0,"enemies":"Gremlin Gang","floor":8.0,"turns":3.0},{"damage":5.0,"enemies":"Exordium Wildlife","floor":10.0,"turns":4.0},{"damage":29.0,"enemies":"Gremlin Nob","floor":12.0,"turns":4.0},{"damage":26.0,"enemies":"3 Sentries","floor":14.0,"turns":7.0},{"damage":39.0,"enemies":"Hexaghost","floor":16.0,"turns":9.0},{"damage":16.0,"enemies":"Chosen","floor":18.0,"turns":7.0},{"damage":39.0,"enemies":"Spheric Guardian","floor":19.0,"turns":6.0},{"damage":42.0,"enemies":"3 Cultists","floor":20.0,"turns":6.0},{"damage":49.0,"enemies":"Book of Stabbing","floor":27.0,"turns":6.0},{"damage":20.0,"enemies":"Sentry and Sphere","floor":29.0,"turns":7.0},{"damage":37,"enemies":"Snecko","floor":30,"turns":5}],"seed_played":"-4448716792459823516","potions_obtained":[{"floor":2.0,"key":"Poison Potion"},{"floor":8.0,"key":"Dexterity Potion"},{"floor":14.0,"key":"Explosive Potion"},{"floor":16.0,"key":"SpeedPotion"},{"floor":19.0,"key":"SteroidPotion"},{"floor":29.0,"key":"Ancient Potion"}],"is_trial":false,"path_per_floor":["M","M","$","?","M","R","?","M","T","M","$","E","R","E","R","B",null,"M","M","M","$","?","R","$","R","T","E","$","M","M"],"character_chosen":"IRONCLAD","items_purchased":["Reaper","Iron Wave","Thunderclap","Regal Pillow","Metallicize","Ornamental Fan","Uppercut"],"campfire_rested":4,"item_purchase_floors":[3,11,11,21,24,28,28],"current_hp_per_floor":[72,65,65,54,57,57,57,47,47,50,50,27,51,25,49,14,64,60,21,14,14,14,53,53,82,82,37,37,25,0],"gold":76,"neow_bonus":"BOSS_RELIC","is_prod":false,"is_daily":false,"chose_seed":false,"campfire_upgraded":0,"win_rate":0,"timestamp":1548547430,"path_taken":["M","M","$","?","M","R","?","?","T","M","$","E","R","E","R","BOSS","M","M","?","$","?","R","?","R","T","E","$","M","M"],"build_version":"2019-01-23","purchased_purges":1,"victory":false,"max_hp_per_floor":[80,80,80,80,80,80,80,80,80,80,80,80,80,80,80,80,80,82,82,82,82,82,82,82,82,82,82,82,84,84],"card_choices":[{"not_picked":["Clash","Power Through"],"picked":"Fire Breathing","floor":1.0},{"not_picked":["Warcry","Body Slam","Headbutt"],"picked":"SKIP","floor":2.0},{"not_picked":["Second Wind","Iron Wave"],"picked":"Combust","floor":5.0},{"not_picked":["Reckless Charge","Heavy Blade","Cleave"],"picked":"SKIP","floor":8.0},{"not_picked":["Pommel Strike","Warcry"],"picked":"Rage","floor":10.0},{"not_picked":["Rampage","Headbutt"],"picked":"Pommel Strike","floor":12.0},{"not_picked":["Wild Strike","Disarm"],"picked":"Flame Barrier","floor":14.0},{"not_picked":["Impervious","Offering"],"picked":"Reaper","floor":16.0},{"not_picked":["Sword Boomerang+1","Power Through","Disarm+1"],"picked":"Singing Bowl","floor":18.0},{"not_picked":["Warcry","Anger"],"picked":"Shrug It Off","floor":19.0},{"not_picked":["Rupture","Reckless Charge"],"picked":"Thunderclap+1","floor":20.0},{"not_picked":["Second Wind+1","Seeing Red"],"picked":"Pommel Strike+1","floor":27.0},{"not_picked":["Perfected Strike+1","Uppercut","Corruption"],"picked":"Singing Bowl","floor":29.0}],"player_experience":335313,"relics_obtained":[{"floor":9.0,"key":"Kunai"},{"floor":12.0,"key":"Singing Bowl"},{"floor":14.0,"key":"StoneCalendar"},{"floor":26.0,"key":"Anchor"},{"floor":27.0,"key":"Centennial Puzzle"},{"floor":27.0,"key":"Old Coin"}],"event_choices":[{"damage_healed":0.0,"max_hp_gain":0.0,"max_hp_loss":0.0,"gold_gain":75.0,"event_name":"World of Goop","player_choice":"Gather Gold","floor":4.0,"gold_loss":0.0,"damage_taken":11.0},{"damage_healed":0.0,"max_hp_gain":0.0,"max_hp_loss":0.0,"gold_gain":0.0,"cards_transformed":["Strike_R"],"event_name":"Transmorgrifier","player_choice":"Transformed","floor":7.0,"gold_loss":0.0,"damage_taken":0.0,"cards_obtained":["Barricade"]},{"damage_healed":0.0,"max_hp_gain":0.0,"max_hp_loss":0.0,"gold_gain":0.0,"event_name":"Addict","player_choice":"Stole Relic","floor":22.0,"gold_loss":0.0,"damage_taken":0.0,"relics_obtained":["PreservedInsect"],"cards_obtained":["Shame"]}],"is_beta":false,"boss_relics":[{"not_picked":["Pandora\u0027s Box","Empty Cage"],"picked":"Black Star"}],"items_purged_floors":[11],"is_endless":false,"potions_floor_spawned":[2,8,14,16,19,29],"killed_by":"Snecko","ascension_level":8}