{"gold_per_floor":[114,132,1,12,26,26,51,1,1,31,31,43,56,56,56,153,153,169,156,186,196,212,212,137,16,16,16,28,43,43,56,56,155,155,170,182,182,142,89,99,124,142,169,189,202,213,41,56,56,56],"floor_reached":51,"playtime":66967,"items_purged":["Defend_R","Shame"],"score":859,"play_id":"23dfe432-e3aa-42f4-8510-734342efb6b2","local_time":"20190819214906","is_ascension_mode":true,"campfire_choices":[{"data":"Demon Form","floor":6,"key":"SMITH"},{"floor":11,"key":"REST"},{"data":"Shockwave","floor":15,"key":"SMITH"},{"floor":23,"key":"REST"},{"data":"Defend_R","floor":27,"key":"SMITH"},{"data":"Shrug It Off","floor":32,"key":"SMITH"},{"data":"Rampage","floor":49,"key":"SMITH"}],"neow_cost":"TEN_PERCENT_HP_LOSS","seed_source_timestamp":2265014676572300,"circlet_count":0,"master_deck":["Strike_R+1","Strike_R+1","Defend_R+1","Bash","Intimidate","Infernal Blade+1","Ghostly Armor","Shockwave+1","Demon Form+1","Reaper","Cleave","Headbutt","Feed","Anger+1","Sword Boomerang+1","Rage+1","Shrug It Off+1","Rage+1","Impervious","Thunderclap","Sword Boomerang","Parasite","Sword Boomerang","Rampage+1"],"relics":["Burning Blood","Bottled Tornado","Ornamental Fan","Singing Bowl","Empty Cage","Red Mask","Meat on the Bone","MutagenicStrength","Cursed Key","Pantograph","Bag of Marbles"],"potions_floor_usage":[7,16,19,20,20,20,33,33,33,50,50],"damage_taken":[{"damage":4,"enemies":"2 Louse","floor":1,"turns":3},{"damage":4,"enemies":"Small Slimes","floor":2,"turns":3},{"damage":7,"enemies":"Jaw Worm","floor":4,"turns":3},{"damage":21,"enemies":"Exordium Thugs","floor":5,"turns":5},{"damage":9,"enemies":"Gremlin Nob","floor":7,"turns":4},{"damage":27,"enemies":"3 Sentries","floor":10,"turns":4},{"damage":9,"enemies":"Blue Slaver","floor":12,"turns":5},{"damage":6,"enemies":"Large Slime","floor":13,"turns":5},{"damage":11,"enemies":"Hexaghost","floor":16,"turns":7},{"damage":24,"enemies":"Spheric Guardian","floor":18,"turns":5},{"damage":25,"enemies":"2 Thieves","floor":19,"turns":4},{"damage":24,"enemies":"Masked Bandits","floor":20,"turns":3},{"damage":32,"enemies":"Snake Plant","floor":21,"turns":4},{"damage":8,"enemies":"Cultist and Chosen","floor":22,"turns":4},{"damage":1,"enemies":"Snecko","floor":28,"turns":4},{"damage":16,"enemies":"Centurion and Healer","floor":29,"turns":4},{"damage":12,"enemies":"Snake Plant","floor":31,"turns":4},{"damage":22,"enemies":"Collector","floor":33,"turns":8},{"damage":18,"enemies":"3 Shapes","floor":35,"turns":4},{"damage":12,"enemies":"Orb Walker","floor":36,"turns":5},{"damage":18,"enemies":"Maw","floor":40,"turns":8},{"damage":15,"enemies":"Giant Head","floor":41,"turns":6},{"damage":13,"enemies":"4 Shapes","floor":42,"turns":6},{"damage":1,"enemies":"Writhing Mass","floor":44,"turns":6},{"damage":30,"enemies":"3 Darklings","floor":45,"turns":4},{"damage":12,"enemies":"Jaw Worm Horde","floor":46,"turns":3},{"damage":23,"enemies":"Sphere and 2 Shapes","floor":48,"turns":5},{"damage":35,"enemies":"Donu and Deca","floor":50,"turns":7}],"seed_played":"-2890292864358283019","potions_obtained":[{"floor":1,"key":"Swift Potion"},{"floor":4,"key":"EntropicBrew"},{"floor":10,"key":"Strength Potion"},{"floor":13,"key":"Block Potion"},{"floor":18,"key":"SteroidPotion"},{"floor":21,"key":"Energy Potion"},{"floor":31,"key":"SpeedPotion"},{"floor":33,"key":"Dexterity Potion"},{"floor":40,"key":"Regen Potion"},{"floor":41,"key":"Poison Potion"},{"floor":44,"key":"Swift Potion"},{"floor":46,"key":"SteroidPotion"}],"is_trial":false,"path_per_floor":["M","M","$","M","M","R","E","?","T","E","R","M","M","?","R","B",null,"M","M","?","M","M","R","?","$","T","R","M","M","?","M","R","B",null,"M","M","?","?","$","M","E","M","T","M","M","M","$","M","R","B",null],"character_chosen":"IRONCLAD","items_purchased":["Shockwave","Block Potion","Shrug It Off","Sword Boomerang","Rampage"],"campfire_rested":2,"item_purchase_floors":[3,3,25,39,47],"current_hp_per_floor":[72,72,72,71,56,56,53,53,53,32,53,60,72,58,58,72,72,54,38,52,26,26,49,49,49,49,49,54,49,49,64,64,51,78,90,89,89,89,89,85,96,94,94,104,96,110,110,98,98,115],"gold":56,"neow_bonus":"TRANSFORM_TWO_CARDS","is_prod":false,"is_daily":false,"chose_seed":false,"campfire_upgraded":5,"win_rate":0,"timestamp":1566222546,"path_taken":["M","M","$","M","M","R","E","?","T","E","R","M","M","?","R","BOSS","M","M","?","M","M","R","?","$","T","R","M","M","?","M","R","BOSS","M","M","?","?","$","M","E","?","T","M","M","M","$","M","R","BOSS"],"build_version":"2019-07-17","purchased_purges":2,"victory":true,"max_hp_per_floor":[72,72,72,72,72,72,72,72,72,72,72,72,72,72,72,72,72,72,75,75,75,77,77,77,77,77,77,77,82,82,84,84,87,87,90,95,95,95,95,97,99,104,104,104,106,111,111,116,116,116],"card_choices":[{"not_picked":["Shockwave","Wild Strike"],"picked":"Combust","floor":1},{"not_picked":["Battle Trance","Perfected Strike"],"picked":"Ghostly Armor","floor":2},{"not_picked":["Carnage","Thunderclap","Flex"],"picked":"SKIP","floor":4},{"not_picked":["Heavy Blade","Intimidate"],"picked":"Demon Form","floor":5},{"not_picked":["Havoc","Headbutt","Clash"],"picked":"SKIP","floor":7},{"not_picked":["Feed","Pommel Strike"],"picked":"Reaper","floor":10},{"not_picked":["Shrug It Off","Burning Pact"],"picked":"Cleave","floor":12},{"not_picked":["Armaments","Iron Wave"],"picked":"Headbutt","floor":13},{"not_picked":["Exhume","Immolate"],"picked":"Feed","floor":16},{"not_picked":["Bloodletting+1","Clothesline+1"],"picked":"Anger+1","floor":18},{"not_picked":["Body Slam","Fire Breathing"],"picked":"Sword Boomerang+1","floor":19},{"not_picked":["Spot Weakness","Dropkick"],"picked":"True Grit+1","floor":20},{"not_picked":["Iron Wave","Heavy Blade"],"picked":"Rage+1","floor":21},{"not_picked":["Hemokinesis","Fiend Fire","Body Slam+1"],"picked":"Singing Bowl","floor":22},{"not_picked":["Thunderclap+1","Headbutt"],"picked":"Rage+1","floor":28},{"not_picked":["Heavy Blade","Second Wind","Fire Breathing"],"picked":"Singing Bowl","floor":29},{"not_picked":["Flame Barrier","True Grit+1","Clash+1"],"picked":"Singing Bowl","floor":31},{"not_picked":["Fiend Fire","Double Tap"],"picked":"Impervious","floor":33},{"not_picked":["Searing Blow","Headbutt+1"],"picked":"Thunderclap","floor":35},{"not_picked":["Thunderclap+1","Disarm+1","Shrug It Off"],"picked":"Singing Bowl","floor":36},{"not_picked":["Intimidate","Flex","Havoc"],"picked":"Singing Bowl","floor":40},{"not_picked":["Cleave","Armaments","Headbutt+1"],"picked":"Singing Bowl","floor":41},{"not_picked":["Juggernaut","Pommel Strike","Disarm"],"picked":"Singing Bowl","floor":42},{"not_picked":["Rupture","Hemokinesis+1"],"picked":"Sword Boomerang","floor":44},{"not_picked":["Spot Weakness","Rupture","Cleave+1"],"picked":"Singing Bowl","floor":45},{"not_picked":["Headbutt","Pommel Strike","Thunderclap"],"picked":"Singing Bowl","floor":46},{"not_picked":["Uppercut","Entrench+1","Anger"],"picked":"Singing Bowl","floor":48}],"player_experience":736871,"relics_obtained":[{"floor":7,"key":"Bottled Tornado"},{"floor":9,"key":"Ornamental Fan"},{"floor":10,"key":"Singing Bowl"},{"floor":20,"key":"Red Mask"},{"floor":26,"key":"Meat on the Bone"},{"floor":41,"key":"Pantograph"},{"floor":43,"key":"Bag of Marbles"}],"event_choices":[{"cards_removed":["Defend_R"],"damage_healed":0,"gold_gain":0,"player_choice":"Card Removal","damage_taken":0,"max_hp_gain":0,"max_hp_loss":0,"event_name":"The Cleric","floor":8,"gold_loss":50},{"damage_healed":0,"gold_gain":0,"player_choice":"Entered Light","damage_taken":14,"max_hp_gain":0,"max_hp_loss":0,"event_name":"Shining Light","floor":14,"gold_loss":0,"cards_upgraded":["Strike_R","Strike_R"]},{"damage_healed":0,"gold_gain":0,"player_choice":"Fought Bandits","damage_taken":0,"max_hp_gain":0,"max_hp_loss":0,"event_name":"Masked Bandits","floor":20,"gold_loss":0},{"cards_removed":["Strike_R"],"damage_healed":0,"gold_gain":0,"player_choice":"Gave Gold","damage_taken":0,"max_hp_gain":0,"max_hp_loss":0,"event_name":"Beggar","floor":24,"gold_loss":75},{"damage_healed":0,"gold_gain":0,"player_choice":"Inject Mutagens","damage_taken":0,"relics_obtained":["MutagenicStrength"],"max_hp_gain":0,"max_hp_loss":0,"event_name":"Drug Dealer","floor":30,"gold_loss":0},{"cards_removed":["True Grit"],"damage_healed":0,"gold_gain":0,"player_choice":"Removed Skill","damage_taken":0,"max_hp_gain":0,"max_hp_loss":0,"event_name":"Falling","floor":37,"gold_loss":0},{"damage_healed":0,"gold_gain":0,"player_choice":"Upgrade","damage_taken":0,"max_hp_gain":0,"max_hp_loss":0,"event_name":"Designer","floor":38,"gold_loss":40,"cards_upgraded":["Infernal Blade"]}],"is_beta":false,"boss_relics":[{"not_picked":["Lizard Tail","Black Blood"],"picked":"Empty Cage"},{"not_picked":["Tiny House","Runic Cube"],"picked":"Cursed Key"}],"items_purged_floors":[25,47],"is_endless":false,"potions_floor_spawned":[1,4,10,12,13,18,21,31,33,40,41,44,46,48],"ascension_level":5}