{"gold_per_floor":[119,119,138,215,229,229,242,242,269,284,304,318,418,438,438,558,558,579,630,644,665,46,46,77,77,77,77,101,101,121,220,220,220],"floor_reached":33,"playtime":1571,"items_purged":["Strike_B"],"score":338,"play_id":"823c1559-843f-4772-ac4b-a7bf56b8a0c6","local_time":"20190114094916","is_ascension_mode":true,"campfire_choices":[{"data":"Zap","floor":6,"key":"SMITH"},{"data":"Redo","floor":8,"key":"SMITH"},{"data":"Redo","floor":15,"key":"SMITH"},{"data":"White Noise","floor":23,"key":"SMITH"},{"data":"Dualcast","floor":25,"key":"SMITH"},{"data":"Electrodynamics","floor":27,"key":"SMITH"},{"floor":32,"key":"REST"}],"neow_cost":"NONE","seed_source_timestamp":3418936402276370,"circlet_count":0,"master_deck":["Strike_B","Strike_B","Strike_B","Defend_B","Defend_B","Defend_B","Defend_B","Zap+1","Dualcast+1","All For One","Go for the Eyes","Beam Cell","Go for the Eyes","Redo+1","Reprogram","Redo+1","Go for the Eyes","Go for the Eyes","Electrodynamics+1","Gash","White Noise+1","Go for the Eyes","Capacitor+1","Beam Cell"],"relics":["FrozenCore","Golden Idol","Tiny Chest","Anchor","Vajra","Bird Faced Urn","Strange Spoon","FossilizedHelix","Question Card","Shovel"],"potions_floor_usage":[16,24],"damage_taken":[{"damage":7,"enemies":"Jaw Worm","floor":1,"turns":3},{"damage":1,"enemies":"Cultist","floor":3,"turns":3},{"damage":4,"enemies":"2 Louse","floor":5,"turns":2},{"damage":0,"enemies":"Large Slime","floor":7,"turns":5},{"damage":0,"enemies":"2 Fungi Beasts","floor":10,"turns":3},{"damage":0,"enemies":"Blue Slaver","floor":11,"turns":2},{"damage":0,"enemies":"3 Louse","floor":12,"turns":3},{"damage":0,"enemies":"Red Slaver","floor":14,"turns":2},{"damage":37,"enemies":"Hexaghost","floor":16,"turns":8},{"damage":0,"enemies":"Chosen","floor":18,"turns":5},{"damage":0,"enemies":"Shell Parasite","floor":20,"turns":4},{"damage":11,"enemies":"Cultist and Chosen","floor":21,"turns":6},{"damage":29,"enemies":"Gremlin Leader","floor":24,"turns":7},{"damage":0,"enemies":"Centurion and Healer","floor":28,"turns":7},{"damage":33,"enemies":"Sentry and Sphere","floor":30,"turns":5},{"damage":54,"enemies":"Collector","floor":33,"turns":6}],"seed_played":"3990478059056493943","potions_obtained":[{"floor":1,"key":"Strength Potion"},{"floor":3,"key":"Energy Potion"},{"floor":5,"key":"Weak Potion"},{"floor":20,"key":"Strength Potion"}],"is_trial":false,"path_per_floor":["M","?","M","T","M","R","M","R","T","M","M","M","?","M","R","B",null,"M","T","M","M","$","R","E","R","T","R","M","T","M","?","R","B"],"character_chosen":"DEFECT","items_purchased":["Go for the Eyes","Bird Faced Urn","Strange Spoon"],"campfire_rested":1,"item_purchase_floors":[22,22,22],"current_hp_per_floor":[68,50,49,49,45,45,45,45,45,45,45,45,45,45,45,8,75,75,75,75,64,64,64,41,41,41,41,49,49,22,22,44,0],"gold":220,"neow_bonus":"ONE_RANDOM_RARE_CARD","is_prod":false,"is_daily":false,"chose_seed":false,"campfire_upgraded":6,"win_rate":0,"timestamp":1547477356,"path_taken":["M","?","M","?","?","R","M","R","T","M","M","M","?","M","R","BOSS","M","?","M","M","$","R","E","R","T","R","M","?","M","?","R","BOSS"],"build_version":"2019-01-10","purchased_purges":1,"victory":false,"max_hp_per_floor":[75,75,75,75,75,75,75,75,75,75,75,75,75,75,75,75,75,75,75,75,75,75,75,75,75,75,75,75,75,75,75,75,75],"card_choices":[{"not_picked":["Heatsinks","Glacier"],"picked":"Go for the Eyes","floor":1},{"not_picked":["Steam","Compile Driver"],"picked":"Beam Cell","floor":3},{"not_picked":["Coolheaded","White Noise"],"picked":"Go for the Eyes","floor":5},{"not_picked":["Loop","Stack"],"picked":"Redo","floor":7},{"not_picked":["Sweeping Beam","Genetic Algorithm"],"picked":"Reprogram","floor":10},{"not_picked":["Compile Driver","Beam Cell"],"picked":"Redo","floor":11},{"not_picked":["Hologram","White Noise"],"picked":"Go for the Eyes","floor":12},{"not_picked":["Conserve Battery","Doom and Gloom"],"picked":"Go for the Eyes","floor":14},{"not_picked":["Thunder Strike","Meteor Strike"],"picked":"Electrodynamics","floor":16},{"not_picked":["Redo+1","Compile Driver"],"picked":"Gash","floor":18},{"not_picked":["Genetic Algorithm","Sweeping Beam"],"picked":"White Noise","floor":20},{"not_picked":["Static Discharge+1","Streamline+1","Leap"],"picked":"SKIP","floor":21},{"not_picked":["Conserve Battery+1","Turbo"],"picked":"Capacitor+1","floor":24},{"not_picked":["Redo","Compile Driver","Doom and Gloom"],"picked":"Beam Cell","floor":28},{"not_picked":["Scrape+1","Hologram+1","Conserve Battery+1","Chaos"],"picked":"SKIP","floor":30}],"player_experience":217109,"relics_obtained":[{"floor":4,"key":"Tiny Chest"},{"floor":9,"key":"Anchor"},{"floor":19,"key":"Vajra"},{"floor":24,"key":"FossilizedHelix"},{"floor":26,"key":"Question Card"},{"floor":29,"key":"Shovel"}],"event_choices":[{"damage_healed":0,"gold_gain":0,"player_choice":"Take Damage","damage_taken":18,"relics_obtained":["Golden Idol"],"max_hp_gain":0,"max_hp_loss":0,"event_name":"Golden Idol","floor":2,"gold_loss":0},{"damage_healed":0,"gold_gain":100,"player_choice":"Gold","damage_taken":0,"max_hp_gain":0,"max_hp_loss":0,"event_name":"Wheel of Change","floor":13,"gold_loss":0},{"damage_healed":0,"gold_gain":99,"player_choice":"Stole From Cult","damage_taken":0,"max_hp_gain":0,"max_hp_loss":0,"event_name":"Nest","floor":31,"gold_loss":0}],"is_beta":false,"boss_relics":[{"not_picked":["Calling Bell","Inserter"],"picked":"FrozenCore"}],"items_purged_floors":[22],"is_endless":false,"potions_floor_spawned":[1,3,5,20],"killed_by":"Collector","ascension_level":4}