{"gold_per_floor":[160,178,22,39,52,52,82,82,108,122,151,151,168,179,179,283,283,303,303,303,317,317,317,317],"floor_reached":24,"playtime":2931,"items_purged":["Defend_G"],"score":252,"play_id":"abec68d6-d70f-4a2a-9556-81df0b5f16f0","local_time":"20181020144227","is_ascension_mode":true,"campfire_choices":[{"data":"Flechettes","floor":6,"key":"SMITH"},{"floor":12,"key":"REST"},{"floor":15,"key":"REST"},{"floor":23,"key":"REST"}],"neow_cost":"NONE","seed_source_timestamp":843089053263800,"circlet_count":0,"master_deck":["Survivor+1","Neutralize","Deflect","Deflect","Escape Plan","Blur+1","Flechettes+1","Acrobatics","Distraction","Burst","Bane","PiercingWail","Acrobatics","Poisoned Stab","Dodge and Roll","Backflip","PiercingWail","Dagger Throw","Blur"],"relics":["Tiny House","Art of War","War Paint","Pen Nib","Pandora\u0027s Box"],"potions_floor_usage":[7,11,16,16,22],"damage_taken":[{"damage":2,"enemies":"2 Louse","floor":1,"turns":5},{"damage":0,"enemies":"Small Slimes","floor":2,"turns":4},{"damage":2,"enemies":"Cultist","floor":4,"turns":5},{"damage":3,"enemies":"Large Slime","floor":5,"turns":12},{"damage":21,"enemies":"Gremlin Nob","floor":7,"turns":5},{"damage":0,"enemies":"Looter","floor":10,"turns":4},{"damage":37,"enemies":"Lagavulin","floor":11,"turns":11},{"damage":2,"enemies":"Exordium Thugs","floor":13,"turns":7},{"damage":6,"enemies":"Exordium Wildlife","floor":14,"turns":5},{"damage":25,"enemies":"Slime Boss","floor":16,"turns":9},{"damage":0,"enemies":"3 Byrds","floor":18,"turns":7},{"damage":32,"enemies":"Chosen","floor":21,"turns":6},{"damage":0,"enemies":"Centurion and Healer","floor":22,"turns":2},{"damage":58,"enemies":"Book of Stabbing","floor":24,"turns":9}],"seed_played":"8764691395823583680","potions_obtained":[{"floor":0,"key":"SmokeBomb"},{"floor":4,"key":"Block Potion"},{"floor":10,"key":"EssenceOfSteel"},{"floor":11,"key":"EssenceOfSteel"},{"floor":13,"key":"AttackPotion"}],"is_trial":false,"path_per_floor":["M","M","$","M","M","R","E","?","T","M","E","R","M","M","R","B",null,"M","?","?","M","M","R"],"character_chosen":"THE_SILENT","items_purchased":["Blur"],"campfire_rested":3,"item_purchase_floors":[3],"current_hp_per_floor":[73,73,73,71,68,68,47,47,47,47,10,32,30,24,46,21,75,75,61,61,29,29,53,0],"gold":317,"neow_bonus":"BOSS_RELIC","is_prod":false,"is_daily":false,"chose_seed":false,"campfire_upgraded":1,"win_rate":0,"timestamp":1540017747,"path_taken":["M","M","$","M","M","R","E","?","T","M","E","R","M","M","R","BOSS","M","?","?","M","M","R","E"],"build_version":"2018-10-18","purchased_purges":1,"victory":false,"max_hp_per_floor":[75,75,75,75,75,75,75,75,75,75,75,75,75,75,75,75,75,75,80,80,80,80,80,80],"card_choices":[{"not_picked":["Cloak And Dagger","Masterful Stab"],"picked":"Deflect","floor":0},{"not_picked":["Predator","Underhanded Strike"],"picked":"Deflect","floor":1},{"not_picked":["Leg Sweep","Underhanded Strike"],"picked":"Escape Plan","floor":2},{"not_picked":["Distraction","Poisoned Stab"],"picked":"Flechettes","floor":4},{"not_picked":["Cloak And Dagger","Dash"],"picked":"Backstab","floor":5},{"not_picked":["Masterful Stab","Backflip","Quick Slash"],"picked":"SKIP","floor":7},{"not_picked":["Crippling Poison","Deadly Poison","Setup"],"picked":"SKIP","floor":10},{"not_picked":["Finisher","Dagger Throw"],"picked":"Acrobatics","floor":11},{"not_picked":["Eviscerate","Outmaneuver","Bane"],"picked":"SKIP","floor":13},{"not_picked":["Bane","Bouncing Flask"],"picked":"Distraction","floor":14},{"not_picked":["After Image","Night Terror"],"picked":"Burst","floor":16},{"not_picked":["Dodge and Roll+1","Heel Hook","Acrobatics"],"picked":"SKIP","floor":18},{"not_picked":["Prepared","Bouncing Flask","Deflect"],"picked":"SKIP","floor":21}],"player_experience":442078,"relics_obtained":[{"floor":7,"key":"Art of War"},{"floor":9,"key":"War Paint"},{"floor":11,"key":"Pen Nib"}],"event_choices":[{"cards_removed":["Backstab"],"damage_healed":0,"gold_gain":0,"player_choice":"Forget","damage_taken":0,"max_hp_gain":0,"max_hp_loss":0,"event_name":"Living Wall","floor":8,"gold_loss":0},{"damage_healed":0,"gold_gain":0,"player_choice":"Shed Blood","damage_taken":19,"max_hp_gain":5,"max_hp_loss":0,"event_name":"Forgotten Altar","floor":19,"gold_loss":0},{"damage_healed":0,"gold_gain":0,"player_choice":"Ignored","damage_taken":0,"max_hp_gain":0,"max_hp_loss":0,"event_name":"The Mausoleum","floor":20,"gold_loss":0}],"is_beta":false,"boss_relics":[{"not_picked":["Snecko Eye","Philosopher\u0027s Stone"],"picked":"Pandora\u0027s Box"}],"items_purged_floors":[3],"is_endless":false,"potions_floor_spawned":[4,10,11,13],"killed_by":"Book of Stabbing","ascension_level":4}