{"gold_per_floor":[118,138,155,135,155,155,167,167,167,197,212,232,243,258,258,359,359,370,370,380,260,273,273,273],"floor_reached":24,"playtime":1673,"items_purged":["Strike_R"],"score":214,"play_id":"45e35084-aa65-4053-825f-73a58cf42286","local_time":"20190107064204","is_ascension_mode":true,"campfire_choices":[{"data":"Rampage","floor":6,"key":"SMITH"},{"data":"Shrug It Off","floor":8,"key":"SMITH"},{"data":"Barricade","floor":15,"key":"SMITH"},{"data":"Shrug It Off","floor":23,"key":"SMITH"}],"neow_cost":"PERCENT_DAMAGE","seed_source_timestamp":2802759472499611,"circlet_count":0,"master_deck":["Strike_R","Strike_R","Strike_R","Strike_R+1","Defend_R","Defend_R","Defend_R","Defend_R","Bash+1","Pommel Strike","Rampage+1","Iron Wave","Shrug It Off+1","Barricade+1","Pommel Strike","Juggernaut","Whirlwind","Shrug It Off+1","Iron Wave+1"],"relics":["Pocketwatch","Strawberry","Whetstone","Cursed Key","Nloth\u0027s Gift"],"potions_floor_usage":[10,16,16,24,24],"damage_taken":[{"damage":0,"enemies":"Small Slimes","floor":1,"turns":3},{"damage":1,"enemies":"Cultist","floor":2,"turns":3},{"damage":0,"enemies":"2 Louse","floor":3,"turns":2},{"damage":7,"enemies":"Exordium Wildlife","floor":5,"turns":3},{"damage":8,"enemies":"Red Slaver","floor":7,"turns":4},{"damage":9,"enemies":"Gremlin Nob","floor":10,"turns":3},{"damage":12,"enemies":"3 Louse","floor":11,"turns":4},{"damage":0,"enemies":"Gremlin Gang","floor":12,"turns":6},{"damage":10,"enemies":"Exordium Thugs","floor":13,"turns":5},{"damage":8,"enemies":"Large Slime","floor":14,"turns":5},{"damage":43,"enemies":"Hexaghost","floor":16,"turns":11},{"damage":0,"enemies":"3 Byrds","floor":18,"turns":6},{"damage":12,"enemies":"Shell Parasite","floor":20,"turns":6},{"damage":28,"enemies":"3 Cultists","floor":22,"turns":6},{"damage":47,"enemies":"Book of Stabbing","floor":24,"turns":6}],"seed_played":"4621434432928175927","potions_obtained":[{"floor":3,"key":"Swift Potion"},{"floor":4,"key":"SkillPotion"},{"floor":7,"key":"FearPotion"},{"floor":11,"key":"Poison Potion"},{"floor":16,"key":"AttackPotion"}],"is_trial":false,"path_per_floor":["M","M","M","?","M","R","M","R","T","E","M","M","M","M","R","B",null,"M","?","M","$","M","R","E"],"character_chosen":"IRONCLAD","items_purchased":["Shrug It Off"],"campfire_rested":0,"item_purchase_floors":[21],"current_hp_per_floor":[62,67,73,73,72,72,70,70,77,74,68,74,70,68,68,31,87,87,87,75,75,47,47,0],"gold":273,"neow_bonus":"ONE_RARE_RELIC","is_prod":false,"is_daily":false,"chose_seed":false,"campfire_upgraded":4,"win_rate":0,"timestamp":1546861324,"path_taken":["M","M","M","?","M","R","M","R","T","E","M","?","M","?","R","BOSS","M","?","?","$","M","R","E"],"build_version":"2019-01-03v4","purchased_purges":1,"victory":false,"max_hp_per_floor":[80,80,80,80,80,80,80,80,87,87,87,87,87,87,87,87,87,87,87,87,87,87,87,87],"card_choices":[{"not_picked":["Headbutt","Carnage","Sever Soul"],"picked":"SKIP","floor":1},{"not_picked":["True Grit","Infernal Blade"],"picked":"Pommel Strike","floor":2},{"not_picked":["Headbutt","Body Slam"],"picked":"Rampage","floor":3},{"not_picked":["Cleave","Inflame"],"picked":"Iron Wave","floor":5},{"not_picked":["Anger","Blood for Blood"],"picked":"Shrug It Off","floor":7},{"not_picked":["Iron Wave","Clothesline"],"picked":"Barricade","floor":10},{"not_picked":["Sword Boomerang","Heavy Blade","Perfected Strike"],"picked":"SKIP","floor":11},{"not_picked":["Cleave","Clothesline","Anger"],"picked":"SKIP","floor":12},{"not_picked":["True Grit","Hemokinesis"],"picked":"Pommel Strike","floor":13},{"not_picked":["Body Slam","Warcry","Combust"],"picked":"SKIP","floor":14},{"not_picked":["Brutality","Impervious"],"picked":"Juggernaut","floor":16},{"not_picked":["Dropkick+1","Warcry"],"picked":"Whirlwind","floor":18},{"not_picked":["Shockwave","Perfected Strike","Dropkick"],"picked":"SKIP","floor":20},{"not_picked":["Second Wind+1","Shockwave"],"picked":"Iron Wave+1","floor":22}],"player_experience":69994,"relics_obtained":[{"floor":9,"key":"Strawberry"},{"floor":10,"key":"Whetstone"}],"event_choices":[{"damage_healed":0,"gold_gain":0,"player_choice":"Bought 1 Potion","damage_taken":0,"max_hp_gain":0,"max_hp_loss":0,"event_name":"The Woman in Blue","floor":4,"gold_loss":0},{"damage_healed":0,"gold_gain":0,"player_choice":"Traded Relic","damage_taken":0,"relics_obtained":["Nloth\u0027s Gift"],"max_hp_gain":0,"max_hp_loss":0,"event_name":"N\u0027loth","floor":19,"relics_lost":["Burning Blood"],"gold_loss":0}],"is_beta":false,"boss_relics":[{"not_picked":["White Beast Statue","Lizard Tail"],"picked":"Cursed Key"}],"items_purged_floors":[21],"is_endless":false,"potions_floor_spawned":[3,7,11,13,16],"killed_by":"Book of Stabbing","ascension_level":1}