{"gold_per_floor":[113,113,132,147,161,161,13,13,39,67,67,81,81,81],"floor_reached":14,"playtime":1588,"items_purged":["Strike_G"],"score":99,"play_id":"2819d3da-9970-4300-ae79-1311e8d8d047","local_time":"20180804023955","is_ascension_mode":true,"campfire_choices":[{"data":"Prepared","floor":6.0,"key":"SMITH"},{"data":"PiercingWail","floor":8.0,"key":"SMITH"},{"data":"Neutralize","floor":13.0,"key":"SMITH"}],"neow_cost":"NONE","seed_source_timestamp":0,"circlet_count":0,"master_deck":["Defend_G","Defend_G","Defend_G","Defend_G","Defend_G","Strike_G","Strike_G","Strike_G","Survivor","Neutralize+1","Expertise","Dagger Throw","Prepared+1","PiercingWail+1","Deflect","Well Laid Plans","Cloak And Dagger","Calculated Gamble"],"special_seed":0,"relics":["Ring of the Snake","Anchor","Snake Skull","Bottled Flame"],"potions_floor_usage":[],"damage_taken":[{"damage":0.0,"enemies":"Cultist","floor":1.0,"turns":5.0},{"damage":0.0,"enemies":"Small Slimes","floor":3.0,"turns":3.0},{"damage":0.0,"enemies":"Jaw Worm","floor":4.0,"turns":5.0},{"damage":10.0,"enemies":"3 Louse","floor":5.0,"turns":6.0},{"damage":35.0,"enemies":"Lagavulin","floor":10.0,"turns":11.0},{"damage":5.0,"enemies":"Large Slime","floor":12.0,"turns":10.0},{"damage":0,"enemies":"Gremlin Gang","floor":14,"turns":1}],"seed_played":"1912990139676568894","potions_obtained":[{"floor":1.0,"key":"GhostInAJar"},{"floor":12.0,"key":"GamblersBrew"}],"is_trial":false,"path_per_floor":["M","?","M","M","M","R","$","R","T","E","T","M","R"],"character_chosen":"THE_SILENT","items_purchased":["Well Laid Plans"],"campfire_rested":0,"item_purchase_floors":[7],"current_hp_per_floor":[70,70,70,70,60,60,60,60,60,25,25,20,20,20],"gold":81,"neow_bonus":"TRANSFORM_CARD","is_prod":false,"is_daily":false,"chose_seed":false,"campfire_upgraded":3,"win_rate":0,"timestamp":1533321595,"path_taken":["M","?","M","M","M","R","?","R","T","E","?","M","R","M"],"build_version":"2018-08-02","purchased_purges":1,"victory":false,"max_hp_per_floor":[70,70,70,70,70,70,70,70,70,70,70,70,70,70],"card_choices":[{"not_picked":["Caltrops","Dash"],"picked":"Dagger Throw","floor":1.0},{"not_picked":["Outmaneuver","Acrobatics"],"picked":"Prepared","floor":3.0},{"not_picked":["Cloak And Dagger","Underhanded Strike"],"picked":"PiercingWail","floor":4.0},{"not_picked":["Expertise","Dagger Spray"],"picked":"Deflect","floor":5.0},{"not_picked":["PiercingWail","Dagger Throw"],"picked":"Cloak And Dagger","floor":10.0},{"not_picked":["Masterful Stab","Skewer"],"picked":"Calculated Gamble","floor":12.0}],"player_experience":98429,"relics_obtained":[{"floor":9.0,"key":"Anchor"},{"floor":10.0,"key":"Snake Skull"},{"floor":11.0,"key":"Bottled Flame"}],"event_choices":[{"event_name":"The Woman in Blue","player_choice":"Bought 0 Potions","floor":2.0,"damage_taken":0.0}],"is_beta":false,"boss_relics":[],"items_purged_floors":[7],"is_endless":false,"potions_floor_spawned":[1,12],"killed_by":"Gremlin Gang","ascension_level":2}