{"gold_per_floor":[116,135,3,15,15,42,42,42,112,124,124],"floor_reached":11,"playtime":2286,"items_purged":["Injury"],"score":139,"play_id":"ce7a5f1b-78ce-42a1-b60e-ceaefc6adb11","local_time":"20190807115725","is_ascension_mode":true,"campfire_choices":[{"data":"Conserve Battery","floor":8,"key":"SMITH"}],"neow_cost":"CURSE","seed_source_timestamp":0,"circlet_count":0,"master_deck":["AscendersBane","Strike_B","Strike_B","Strike_B","Strike_B","Defend_B","Defend_B","Defend_B","Zap","Dualcast","Cold Snap","Conserve Battery+1","Sweeping Beam","Leap","Streamline","Ball Lightning"],"special_seed":0,"relics":["Cracked Core","Centennial Puzzle","Pantograph"],"potions_floor_usage":[6],"damage_taken":[{"damage":9.0,"enemies":"Jaw Worm","floor":1.0,"turns":4.0},{"damage":5,"enemies":"Small Slimes","floor":2,"turns":3},{"damage":0,"enemies":"Cultist","floor":4,"turns":4},{"damage":34,"enemies":"Lagavulin","floor":6,"turns":9},{"damage":22,"enemies":"Gremlin Gang","floor":10,"turns":9},{"damage":6,"enemies":"2 Fungi Beasts","floor":11,"turns":1}],"seed_played":"-4144753070371045664","potions_obtained":[{"floor":4,"key":"SteroidPotion"}],"is_trial":false,"path_per_floor":["M","M","$","M","?","E","?","R","T","M","M"],"character_chosen":"DEFECT","items_purchased":["Sweeping Beam"],"campfire_rested":0,"item_purchase_floors":[3],"current_hp_per_floor":[69,64,64,64,57,23,23,23,23,1,0],"gold":124,"neow_bonus":"TWENTY_PERCENT_HP_BONUS","is_prod":false,"is_daily":false,"chose_seed":false,"campfire_upgraded":1,"win_rate":0,"timestamp":1565193445,"path_taken":["M","M","$","M","?","E","?","R","T","M","M"],"build_version":"2019-07-17","purchased_purges":1,"victory":false,"max_hp_per_floor":[85,85,85,85,85,85,85,85,85,85,85],"card_choices":[{"not_picked":["Go for the Eyes","Steam"],"picked":"Cold Snap","floor":1.0},{"not_picked":["Leap","Heatsinks"],"picked":"Conserve Battery","floor":2},{"not_picked":["Compile Driver","Turbo"],"picked":"Leap","floor":4},{"not_picked":["Go for the Eyes","Redo"],"picked":"Streamline","floor":6},{"not_picked":["Force Field","Fission"],"picked":"Ball Lightning","floor":10}],"player_experience":980167,"relics_obtained":[{"floor":6,"key":"Centennial Puzzle"},{"floor":9,"key":"Pantograph"}],"event_choices":[{"cards_removed":["Defend_B"],"damage_healed":0,"gold_gain":0,"player_choice":"Card Removal","damage_taken":7,"max_hp_gain":0,"max_hp_loss":0,"event_name":"Golden Wing","floor":5,"gold_loss":0},{"damage_healed":0,"gold_gain":0,"player_choice":"Ignored","damage_taken":0,"max_hp_gain":0,"max_hp_loss":0,"event_name":"Shining Light","floor":7,"gold_loss":0}],"is_beta":false,"boss_relics":[],"items_purged_floors":[3],"is_endless":false,"potions_floor_spawned":[4],"killed_by":"2 Fungi Beasts","ascension_level":18}