{"gold_per_floor":[109,124,142,67,142,142,161,174,198,223,223,223,223,48,48,168,168,189,189,189,64,64,64,102,102,182,182,201,234,249,174,174,304,304,320,170,503,503,516,551,551,586,586,600,652,85,85,100,100,100],"floor_reached":51,"playtime":4455,"items_purged":["Defend_G","Strike_G","Strike_G","Shame","Prepared+1","Prepared+1"],"score":864,"play_id":"5d2b8737-4cbf-43ed-bccf-79e3127804f7","local_time":"20190105210253","is_ascension_mode":false,"campfire_choices":[{"data":"Outmaneuver","floor":6.0,"key":"SMITH"},{"data":"Prepared","floor":13.0,"key":"SMITH"},{"data":"Reflex","floor":15.0,"key":"SMITH"},{"data":"Neutralize","floor":23.0,"key":"SMITH"},{"data":"Survivor","floor":25.0,"key":"SMITH"},{"floor":27.0,"key":"REST"},{"data":"Prepared","floor":32.0,"key":"SMITH"},{"data":"Underhanded Strike","floor":41.0,"key":"SMITH"},{"data":"Underhanded Strike","floor":47.0,"key":"SMITH"},{"data":"Defend_G","floor":49.0,"key":"PURGE"}],"neow_cost":"NONE","seed_source_timestamp":0,"circlet_count":0,"master_deck":["Survivor+1","Neutralize+1","Eviscerate+1","Acrobatics+1","All Out Attack+1","Dagger Throw","Outmaneuver+1","Escape Plan","Underhanded Strike+1","Reflex+1","Writhe","Escape Plan","Doppelganger","Deflect+1","Escape Plan+1","Calculated Gamble+1","Clumsy","Prepared+1","Underhanded Strike+1"],"special_seed":0,"relics":["Astrolabe","Boot","Omamori","Empty Cage","Dream Catcher","Nilry\u0027s Codex","Letter Opener","Snake Skull","Kunai","Shuriken","Cursed Key","Bottled Flame","Shovel","Bottled Lightning","Peace Pipe","Ornamental Fan","Vajra"],"potions_floor_usage":[50],"damage_taken":[{"damage":0.0,"enemies":"Jaw Worm","floor":1.0,"turns":4.0},{"damage":1.0,"enemies":"Cultist","floor":2.0,"turns":3.0},{"damage":0.0,"enemies":"2 Louse","floor":3.0,"turns":1.0},{"damage":16.0,"enemies":"Blue Slaver","floor":7.0,"turns":3.0},{"damage":4.0,"enemies":"2 Fungi Beasts","floor":8.0,"turns":3.0},{"damage":13.0,"enemies":"Lagavulin","floor":10.0,"turns":7.0},{"damage":6.0,"enemies":"Slime Boss","floor":16.0,"turns":7.0},{"damage":0.0,"enemies":"3 Byrds","floor":18.0,"turns":2.0},{"damage":29.0,"enemies":"Slavers","floor":24.0,"turns":4.0},{"damage":12.0,"enemies":"Shell Parasite","floor":28.0,"turns":2.0},{"damage":0.0,"enemies":"Gremlin Leader","floor":29.0,"turns":3.0},{"damage":0.0,"enemies":"Cultist and Chosen","floor":30.0,"turns":2.0},{"damage":7.0,"enemies":"Automaton","floor":33.0,"turns":5.0},{"damage":0.0,"enemies":"3 Shapes","floor":35.0,"turns":3.0},{"damage":0.0,"enemies":"Orb Walker","floor":39.0,"turns":2.0},{"damage":0.0,"enemies":"Giant Head","floor":40.0,"turns":3.0},{"damage":4.0,"enemies":"Nemesis","floor":42.0,"turns":3.0},{"damage":0.0,"enemies":"3 Darklings","floor":44.0,"turns":2.0},{"damage":4.0,"enemies":"2 Orb Walkers","floor":45.0,"turns":3.0},{"damage":0.0,"enemies":"Sphere and 2 Shapes","floor":48.0,"turns":3.0},{"damage":0,"enemies":"Awakened One","floor":50,"turns":7}],"seed_played":"2349948964654206093","potions_obtained":[{"floor":1.0,"key":"SteroidPotion"},{"floor":3.0,"key":"Energy Potion"},{"floor":7.0,"key":"GhostInAJar"},{"floor":24.0,"key":"GamblersBrew"},{"floor":40.0,"key":"Swift Potion"},{"floor":44.0,"key":"PowerPotion"},{"floor":45.0,"key":"Swift Potion"}],"is_trial":false,"path_per_floor":["M","M","M","$","?","R","M","M","T","E","?","?","R","$","R","B",null,"M","?","?","$","?","R","E","R","T","R","M","E","M","?","R","B",null,"M","$","?","?","M","E","R","E","T","M","?","$","R","M","R","B",null],"character_chosen":"THE_SILENT","items_purchased":["Reflex","Ornamental Fan","Vajra"],"campfire_rested":1,"item_purchase_floors":[14,46,46],"current_hp_per_floor":[70,69,69,69,62,62,46,42,42,29,29,46,46,46,46,40,70,70,70,54,54,54,54,25,25,25,46,34,34,34,34,34,27,70,70,70,70,70,70,70,70,66,66,66,62,62,62,62,62,62],"gold":100,"neow_bonus":"BOSS_RELIC","is_prod":false,"is_daily":false,"chose_seed":false,"campfire_upgraded":8,"win_rate":0.0,"timestamp":1546740173,"path_taken":["M","M","M","$","?","R","?","M","T","E","?","?","R","$","R","BOSS","M","?","?","$","?","R","E","R","T","R","?","E","M","?","R","BOSS","M","$","?","?","?","E","R","E","T","?","?","$","R","M","R","BOSS"],"build_version":"2019-01-03v4","purchased_purges":6,"victory":true,"max_hp_per_floor":[70,70,70,70,70,70,70,70,70,70,70,70,70,70,70,70,70,70,70,70,70,70,70,70,70,70,70,70,70,70,70,70,70,70,70,70,70,70,70,70,70,70,70,70,70,70,70,70,70,70],"card_choices":[{"not_picked":["Flying Knee","PiercingWail"],"picked":"Dagger Throw","floor":1.0},{"not_picked":["Blade Dance","PiercingWail"],"picked":"Outmaneuver","floor":2.0},{"not_picked":["Blade Dance","Endless Agony"],"picked":"Escape Plan","floor":3.0},{"not_picked":["Outmaneuver","Slice","Choke"],"picked":"SKIP","floor":7.0},{"not_picked":["Dagger Spray","Venomology"],"picked":"Prepared","floor":8.0},{"not_picked":["Quick Slash","Sucker Punch"],"picked":"Underhanded Strike","floor":10.0},{"not_picked":["Slice","Outmaneuver","Quick Slash"],"picked":"SKIP","floor":18.0},{"not_picked":["Dagger Spray","Crippling Poison+1","Terror+1"],"picked":"SKIP","floor":24.0},{"not_picked":["Bouncing Flask+1","Finisher"],"picked":"Escape Plan","floor":27.0},{"not_picked":["Blade Dance","Slice"],"picked":"Prepared","floor":28.0},{"not_picked":["Bane+1","Blade Dance","Skewer"],"picked":"SKIP","floor":29.0},{"not_picked":["Acrobatics","Outmaneuver+1","PiercingWail+1"],"picked":"SKIP","floor":30.0},{"not_picked":["Unload","Glass Knife"],"picked":"Doppelganger","floor":33.0},{"not_picked":["Masterful Stab","Dagger Spray"],"picked":"Deflect+1","floor":35.0},{"not_picked":["Eviscerate+1","Dagger Throw+1"],"picked":"Escape Plan+1","floor":39.0},{"not_picked":["Reflex","Prepared+1"],"picked":"Calculated Gamble+1","floor":40.0},{"not_picked":["Deadly Poison+1","Malaise","Backstab"],"picked":"SKIP","floor":42.0},{"not_picked":["PiercingWail","Quick Slash"],"picked":"Prepared+1","floor":44.0},{"not_picked":["Caltrops","Catalyst"],"picked":"Underhanded Strike","floor":45.0},{"not_picked":["Backflip","Underhanded Strike+1","Heel Hook+1"],"picked":"SKIP","floor":48.0}],"player_experience":37393,"relics_obtained":[{"floor":9.0,"key":"Boot"},{"floor":10.0,"key":"Omamori"},{"floor":20.0,"key":"Nilry\u0027s Codex"},{"floor":24.0,"key":"Snake Skull"},{"floor":26.0,"key":"Kunai"},{"floor":29.0,"key":"Shuriken"},{"floor":40.0,"key":"Bottled Flame"},{"floor":42.0,"key":"Shovel"},{"floor":43.0,"key":"Bottled Lightning"},{"floor":45.0,"key":"Peace Pipe"}],"event_choices":[{"damage_healed":0.0,"max_hp_gain":0.0,"max_hp_loss":0.0,"gold_gain":75.0,"event_name":"FaceTrader","player_choice":"Touch","floor":5.0,"gold_loss":0.0,"damage_taken":7.0},{"damage_healed":0.0,"max_hp_gain":0.0,"max_hp_loss":0.0,"gold_gain":0.0,"event_name":"Golden Idol","player_choice":"Take Wound","floor":11.0,"gold_loss":0.0,"damage_taken":0.0,"relics_obtained":["Golden Idol"],"cards_obtained":["Injury"]},{"damage_healed":17.0,"max_hp_gain":0.0,"max_hp_loss":0.0,"gold_gain":0.0,"event_name":"Mushrooms","player_choice":"Healed and dodged fight","floor":12.0,"gold_loss":0.0,"damage_taken":0.0,"cards_obtained":["Parasite"]},{"damage_healed":0.0,"max_hp_gain":0.0,"max_hp_loss":0.0,"gold_gain":0.0,"event_name":"The Mausoleum","player_choice":"Opened","floor":19.0,"gold_loss":0.0,"damage_taken":0.0,"relics_obtained":["Dream Catcher"],"cards_obtained":["Writhe"]},{"damage_healed":0.0,"max_hp_gain":0.0,"max_hp_loss":0.0,"gold_gain":0.0,"event_name":"Cursed Tome","player_choice":"Obtained Book","floor":20.0,"gold_loss":0.0,"damage_taken":16.0},{"damage_healed":0.0,"max_hp_gain":0.0,"max_hp_loss":0.0,"gold_gain":0.0,"event_name":"Addict","player_choice":"Stole Relic","floor":22.0,"gold_loss":0.0,"damage_taken":0.0,"relics_obtained":["Letter Opener"],"cards_obtained":["Shame"]},{"cards_removed":["Defend_G"],"damage_healed":0.0,"max_hp_gain":0.0,"max_hp_loss":0.0,"gold_gain":0.0,"event_name":"Beggar","player_choice":"Gave Gold","floor":31.0,"gold_loss":75.0,"damage_taken":0.0},{"damage_healed":0.0,"max_hp_gain":0.0,"max_hp_loss":0.0,"gold_gain":333.0,"event_name":"The Moai Head","player_choice":"Gave Idol","floor":37.0,"relics_lost":["Golden Idol"],"gold_loss":0.0,"damage_taken":0.0},{"damage_healed":0.0,"max_hp_gain":0.0,"max_hp_loss":0.0,"gold_gain":0.0,"event_name":"Tomb of Lord Red Mask","player_choice":"Ignored","floor":38.0,"gold_loss":0.0,"damage_taken":0.0},{"damage_healed":0.0,"max_hp_gain":0.0,"max_hp_loss":0.0,"gold_gain":0.0,"event_name":"Mysterious Sphere","player_choice":"Fight","floor":45.0,"gold_loss":0.0,"damage_taken":0.0}],"is_beta":false,"boss_relics":[{"not_picked":["HoveringKite","Runic Pyramid"],"picked":"Empty Cage"},{"not_picked":["Black Star","Fusion Hammer"],"picked":"Cursed Key"}],"items_purged_floors":[4,14,21,36,46,46],"is_endless":false,"potions_floor_spawned":[1,3,7,18,24,28,39,40,44,45],"ascension_level":0}