{"gold_per_floor":[109,109,124,124,142,142,160,179,256,33,33,33,33,46,46,146,146,165,177,192,66,66,66,78,78,78,96,96,111,211,211,211,312,312,328,328,328,339,120,120,133,148,202,216,216,216,316,0,0,0],"floor_reached":51,"playtime":5550,"items_purged":[],"score":691,"play_id":"27ec747a-8743-4465-bc7c-135341d437bc","local_time":"20190709171429","is_ascension_mode":false,"campfire_choices":[{"data":"Metallicize","floor":6,"key":"SMITH"},{"floor":11,"key":"REST"},{"data":"Armaments","floor":13,"key":"SMITH"},{"data":"Anger","floor":15,"key":"SMITH"},{"floor":23,"key":"REST"},{"floor":28,"key":"REST"},{"floor":32,"key":"REST"},{"floor":40,"key":"REST"},{"floor":46,"key":"REST"},{"floor":49,"key":"REST"}],"neow_cost":"NONE","seed_source_timestamp":2268842544857,"circlet_count":0,"master_deck":["Strike_R","Strike_R+1","Strike_R","Strike_R","Strike_R","Defend_R","Defend_R","Defend_R","Defend_R+1","Bash","Deep Breath","Hemokinesis","Metallicize+1","Rampage","Armaments+1","Rupture","Chrysalis","Anger+1","Reaper","Iron Wave","Blood for Blood+1","Headbutt","Feed","Shrug It Off+1","Anger","Anger","Cleave","Inflame","Shockwave+1","Demon Form","Anger+1","Whirlwind","Bash","Rampage+1","Demon Form","Dual Wield","Flame Barrier","Rage+1","Shrug It Off","Flame Barrier+1","Enlightenment","Sadistic Nature","Clothesline"],"relics":["Burning Blood","Bird Faced Urn","Bottled Flame","Fusion Hammer","MutagenicStrength","Pear","Mummified Hand","Thread and Needle","Runic Cube","War Paint","Kunai"],"potions_floor_usage":[19,33,33,50,50],"damage_taken":[{"damage":1,"enemies":"Cultist","floor":1,"turns":4},{"damage":3,"enemies":"2 Louse","floor":3,"turns":3},{"damage":6,"enemies":"Jaw Worm","floor":5,"turns":4},{"damage":17,"enemies":"Lots of Slimes","floor":7,"turns":6},{"damage":16,"enemies":"Exordium Thugs","floor":8,"turns":5},{"damage":20,"enemies":"Blue Slaver","floor":14,"turns":5},{"damage":49,"enemies":"Hexaghost","floor":16,"turns":10},{"damage":14,"enemies":"Spheric Guardian","floor":18,"turns":6},{"damage":5,"enemies":"Chosen","floor":19,"turns":4},{"damage":28,"enemies":"Snecko","floor":20,"turns":4},{"damage":41,"enemies":"Snake Plant","floor":24,"turns":5},{"damage":11,"enemies":"Chosen and Byrds","floor":27,"turns":7},{"damage":23,"enemies":"3 Cultists","floor":29,"turns":6},{"damage":19,"enemies":"Colosseum Slavers","floor":30,"turns":3},{"damage":51,"enemies":"Colosseum Nobs","floor":30,"turns":6},{"damage":10,"enemies":"Centurion and Healer","floor":31,"turns":5},{"damage":78,"enemies":"Collector","floor":33,"turns":13},{"damage":6,"enemies":"Orb Walker","floor":35,"turns":3},{"damage":10,"enemies":"3 Shapes","floor":38,"turns":3},{"damage":47,"enemies":"Spire Growth","floor":41,"turns":6},{"damage":51,"enemies":"Writhing Mass","floor":42,"turns":6},{"damage":12,"enemies":"3 Darklings","floor":44,"turns":6},{"damage":119,"enemies":"Awakened One","floor":50,"turns":12}],"seed_played":"317628317489507266","potions_obtained":[{"floor":3,"key":"Swift Potion"},{"floor":5,"key":"FairyPotion"},{"floor":8,"key":"SkillPotion"},{"floor":16,"key":"Strength Potion"},{"floor":19,"key":"Fruit Juice"},{"floor":27,"key":"PowerPotion"},{"floor":30,"key":"Block Potion"},{"floor":38,"key":"Fire Potion"},{"floor":42,"key":"Block Potion"},{"floor":44,"key":"SpeedPotion"}],"is_trial":false,"path_per_floor":["M","?","M","?","M","R","M","M","T","$","R","$","R","M","R","B",null,"M","M","M","$","?","R","M","?","T","M","R","M","?","M","R","B",null,"M","?","?","M","$","R","M","M","T","M","T","R","?","$","R","B",null],"character_chosen":"IRONCLAD","items_purchased":["Rupture","Chrysalis","Feed","Shrug It Off","Demon Form","Dual Wield","Flame Barrier","Enlightenment","Sadistic Nature","Clothesline"],"campfire_rested":7,"item_purchase_floors":[10,10,21,21,39,39,39,48,48,48],"current_hp_per_floor":[80,68,71,55,55,55,46,38,38,38,62,62,62,52,52,13,80,72,85,65,65,65,85,59,42,52,55,86,81,31,43,75,32,108,108,108,108,108,108,108,78,45,45,47,47,80,80,80,111,17],"gold":0,"neow_bonus":"RANDOM_COLORLESS","is_prod":false,"is_daily":false,"chose_seed":false,"campfire_upgraded":3,"win_rate":0.0,"timestamp":1562685269,"path_taken":["M","?","M","?","M","R","M","M","T","$","R","?","R","?","R","BOSS","M","M","M","$","?","R","M","?","T","M","R","M","?","M","R","BOSS","M","?","?","M","$","R","?","M","T","M","?","R","?","$","R","BOSS"],"build_version":"2019-07-05","purchased_purges":0,"victory":true,"max_hp_per_floor":[80,80,80,80,80,80,80,80,80,80,80,80,80,80,80,80,80,80,85,85,85,85,85,89,94,104,104,104,104,104,108,108,108,108,108,108,108,108,108,108,111,111,111,111,111,111,111,111,111,111],"card_choices":[{"not_picked":["Corruption","Body Slam"],"picked":"Sever Soul","floor":1},{"not_picked":["Flex","Body Slam"],"picked":"Hemokinesis","floor":3},{"not_picked":["True Grit","Sever Soul"],"picked":"Metallicize","floor":5},{"not_picked":["Fire Breathing","Flex"],"picked":"Rampage","floor":7},{"not_picked":["Flame Barrier","Shrug It Off"],"picked":"Armaments","floor":8},{"not_picked":["Clothesline","Dropkick"],"picked":"Anger","floor":14},{"not_picked":["Double Tap","Limit Break"],"picked":"Reaper","floor":16},{"not_picked":["Clothesline","Body Slam"],"picked":"Iron Wave","floor":18},{"not_picked":["Perfected Strike","Warcry"],"picked":"Blood for Blood+1","floor":19},{"not_picked":["Reckless Charge+1","Whirlwind"],"picked":"Headbutt","floor":20},{"not_picked":["Flex","Entrench"],"picked":"Anger","floor":24},{"not_picked":["Shrug It Off","Clothesline"],"picked":"Anger","floor":27},{"not_picked":["Body Slam","True Grit+1"],"picked":"Cleave","floor":29},{"not_picked":["Entrench","Shrug It Off"],"picked":"Inflame","floor":30},{"not_picked":["Battle Trance","Thunderclap"],"picked":"Shockwave+1","floor":31},{"not_picked":["Offering","Brutality"],"picked":"Demon Form","floor":33},{"not_picked":["Perfected Strike+1","Flex"],"picked":"Anger+1","floor":35},{"not_picked":["Burning Pact","Bloodletting"],"picked":"Rampage+1","floor":38},{"not_picked":["Shrug It Off","Uppercut+1"],"picked":"Rage","floor":41},{"not_picked":["Flame Barrier","Armaments+1"],"picked":"Shrug It Off","floor":42},{"not_picked":["Headbutt+1","Perfected Strike+1"],"picked":"Flame Barrier+1","floor":44}],"player_experience":23960,"relics_obtained":[{"floor":9,"key":"Bottled Flame"},{"floor":26,"key":"Pear"},{"floor":30,"key":"Mummified Hand"},{"floor":30,"key":"Thread and Needle"},{"floor":43,"key":"War Paint"},{"floor":45,"key":"Kunai"}],"event_choices":[{"damage_healed":0,"gold_gain":0,"player_choice":"Success","damage_taken":12,"relics_obtained":["Bird Faced Urn"],"max_hp_gain":0,"max_hp_loss":0,"event_name":"Scrap Ooze","floor":2,"gold_loss":0},{"damage_healed":0,"gold_gain":0,"player_choice":"Entered Light","damage_taken":16,"max_hp_gain":0,"max_hp_loss":0,"event_name":"Shining Light","floor":4,"gold_loss":0,"cards_upgraded":["Strike_R","Defend_R"]},{"damage_healed":0,"gold_gain":0,"player_choice":"Inject Mutagens","damage_taken":0,"relics_obtained":["MutagenicStrength"],"max_hp_gain":0,"max_hp_loss":0,"event_name":"Drug Dealer","floor":22,"gold_loss":0},{"damage_healed":0,"gold_gain":0,"player_choice":"Shed Blood","damage_taken":22,"max_hp_gain":5,"max_hp_loss":0,"event_name":"Forgotten Altar","floor":25,"gold_loss":0},{"damage_healed":0,"gold_gain":0,"player_choice":"Fight","damage_taken":0,"max_hp_gain":0,"max_hp_loss":0,"event_name":"Colosseum","floor":30,"gold_loss":0},{"damage_healed":0,"gold_gain":0,"player_choice":"Fought Nobs","damage_taken":0,"max_hp_gain":0,"max_hp_loss":0,"event_name":"Colosseum","floor":30,"gold_loss":0},{"cards_removed":["Sever Soul"],"damage_healed":0,"gold_gain":0,"player_choice":"Removed Attack","damage_taken":0,"max_hp_gain":0,"max_hp_loss":0,"event_name":"Falling","floor":36,"gold_loss":0},{"damage_healed":0,"gold_gain":0,"player_choice":"2 cards matched","damage_taken":0,"max_hp_gain":0,"max_hp_loss":0,"event_name":"Match and Keep!","floor":37,"gold_loss":0,"cards_obtained":["Whirlwind","Bash"]},{"damage_healed":0,"gold_gain":100,"player_choice":"Pray","damage_taken":0,"max_hp_gain":0,"max_hp_loss":0,"event_name":"Golden Shrine","floor":47,"gold_loss":0}],"is_beta":false,"boss_relics":[{"not_picked":["Black Blood","Coffee Dripper"],"picked":"Fusion Hammer"},{"not_picked":["Eternal Feather","Runic Dome"],"picked":"Runic Cube"}],"items_purged_floors":[],"is_endless":false,"potions_floor_spawned":[3,5,8,16,19,27,29,30,38,42,44],"ascension_level":0}