{"gold_per_floor":[113,263,293,305,305,340,340,372,372,387,387,400,46,64,64,138,138,150,162,162,62,72,72,0,0,78,78,95,95],"floor_reached":29,"playtime":1078,"items_purged":["Doubt","Strike_B"],"score":490,"play_id":"7044034a-63af-4af5-9334-a9402d3ceb47","local_time":"20190802205054","is_ascension_mode":true,"campfire_choices":[{"data":"Gash","floor":7.0,"key":"SMITH"},{"floor":11.0,"key":"REST"},{"data":"Zap","floor":15.0,"key":"SMITH"},{"floor":23.0,"key":"REST"},{"data":"Dualcast","floor":25.0,"key":"SMITH"},{"data":"Conserve Battery","floor":27.0,"key":"SMITH"}],"neow_cost":"NONE","seed_source_timestamp":1815313329970648,"circlet_count":0,"master_deck":["AscendersBane","Strike_B","Strike_B","Strike_B+1","Defend_B","Defend_B","Defend_B","Defend_B+1","Zap+1","Dualcast+1","Conserve Battery+1","Gash+1","Gash","Beam Cell","Gash","Seek","Tempest"],"special_seed":0,"relics":["Cracked Core","NeowsBlessing","Tiny Chest","Mango","Unceasing Top","Pantograph","Blue Candle","Busted Crown","MutagenicStrength","Sundial"],"potions_floor_usage":[29],"damage_taken":[{"damage":0.0,"enemies":"Jaw Worm","floor":1.0,"turns":1.0},{"damage":0.0,"enemies":"Small Slimes","floor":4.0,"turns":1.0},{"damage":0.0,"enemies":"3 Sentries","floor":6.0,"turns":1.0},{"damage":55.0,"enemies":"Gremlin Nob","floor":8.0,"turns":5.0},{"damage":0.0,"enemies":"Cultist","floor":10.0,"turns":3.0},{"damage":10.0,"enemies":"Large Slime","floor":12.0,"turns":5.0},{"damage":9.0,"enemies":"3 Louse","floor":14.0,"turns":3.0},{"damage":28.0,"enemies":"Slime Boss","floor":16.0,"turns":9.0},{"damage":4.0,"enemies":"3 Byrds","floor":18.0,"turns":4.0},{"damage":18.0,"enemies":"Shell Parasite","floor":19.0,"turns":3.0},{"damage":38.0,"enemies":"Sentry and Sphere","floor":22.0,"turns":6.0},{"damage":19,"enemies":"Chosen and Byrds","floor":28,"turns":5},{"damage":12,"enemies":"Slavers","floor":29,"turns":1}],"seed_played":"1416543346212335775","potions_obtained":[{"floor":1.0,"key":"Block Potion"},{"floor":12.0,"key":"SteroidPotion"},{"floor":16.0,"key":"AttackPotion"},{"floor":18.0,"key":"EssenceOfSteel"}],"is_trial":false,"path_per_floor":["M","?","T","M","?","E","R","E","T","M","R","M","$","M","R","B",null,"M","M","?","$","M","R","?","R","T","R","M","E"],"character_chosen":"DEFECT","items_purchased":["Blue Candle"],"campfire_rested":2,"item_purchase_floors":[13],"current_hp_per_floor":[64,64,64,64,43,57,57,2,2,2,27,17,17,8,8,5,65,61,43,43,43,5,30,30,30,30,30,11,0],"gold":95,"neow_bonus":"THREE_ENEMY_KILL","is_prod":false,"is_daily":false,"chose_seed":false,"campfire_upgraded":4,"win_rate":0,"timestamp":1564793454,"path_taken":["M","?","?","M","?","E","R","E","T","M","R","?","$","M","R","BOSS","M","?","?","$","M","R","?","R","T","R","M","E"],"build_version":"2019-07-17","purchased_purges":2,"victory":false,"max_hp_per_floor":[71,71,71,71,71,85,85,85,85,85,85,85,85,85,85,85,85,85,85,85,85,85,85,85,85,85,85,85,85],"card_choices":[{"not_picked":["Consume","Sweeping Beam"],"picked":"Conserve Battery","floor":1.0},{"not_picked":["Stack","Hologram"],"picked":"Gash","floor":4.0},{"not_picked":["Reinforced Body","Conserve Battery"],"picked":"Gash","floor":6.0},{"not_picked":["Creative AI","Blizzard","Static Discharge"],"picked":"SKIP","floor":8.0},{"not_picked":["Capacitor","Hologram"],"picked":"Beam Cell","floor":10.0},{"not_picked":["Undo","Barrage"],"picked":"Gash","floor":12.0},{"not_picked":["Steam Power","Streamline","Cold Snap"],"picked":"SKIP","floor":14.0},{"not_picked":["Rainbow","Multi-Cast"],"picked":"Seek","floor":16.0},{"not_picked":["Consume"],"picked":"SKIP","floor":18.0},{"not_picked":["Rebound+1"],"picked":"SKIP","floor":19.0},{"not_picked":["Ball Lightning"],"picked":"SKIP","floor":22.0},{"not_picked":[],"picked":"Tempest","floor":28}],"player_experience":971514,"relics_obtained":[{"floor":3.0,"key":"Tiny Chest"},{"floor":6.0,"key":"Mango"},{"floor":8.0,"key":"Unceasing Top"},{"floor":9.0,"key":"Pantograph"},{"floor":26.0,"key":"Sundial"}],"event_choices":[{"damage_healed":0.0,"max_hp_gain":0.0,"max_hp_loss":0.0,"gold_gain":150.0,"event_name":"Liars Game","player_choice":"AGREE","floor":2.0,"gold_loss":0.0,"damage_taken":0.0,"cards_obtained":["Doubt"]},{"damage_healed":0.0,"max_hp_gain":0.0,"max_hp_loss":0.0,"gold_gain":0.0,"event_name":"Shining Light","player_choice":"Entered Light","floor":5.0,"gold_loss":0.0,"damage_taken":21.0,"cards_upgraded":["Defend_B","Strike_B"]},{"damage_healed":0.0,"max_hp_gain":0.0,"max_hp_loss":0.0,"gold_gain":0.0,"event_name":"Drug Dealer","player_choice":"Inject Mutagens","floor":20.0,"gold_loss":0.0,"damage_taken":0.0,"relics_obtained":["MutagenicStrength"]},{"damage_healed":0.0,"max_hp_gain":0.0,"max_hp_loss":0.0,"gold_gain":0.0,"event_name":"Masked Bandits","player_choice":"Paid Fearfully","floor":24.0,"gold_loss":72.0,"damage_taken":0.0}],"is_beta":false,"boss_relics":[{"not_picked":["Astrolabe","Fusion Hammer"],"picked":"Busted Crown"}],"items_purged_floors":[13,21],"is_endless":false,"potions_floor_spawned":[1,12,16,18],"killed_by":"Slavers","ascension_level":18}