{"gold_per_floor":[115,115,115,80,80,95,107,125,125,125,31,31,31,46,46,175,175,189,189,10,23,123,123,137,137,162,180,203,239,199,224,224,349,349,364,387,387,405,132,132,147,163,163,163,56,75,75,90,90,90],"floor_reached":50,"playtime":4585,"items_purged":[],"score":529,"play_id":"4f84f038-09cd-4744-aa13-fc7759f50524","local_time":"20190809174751","is_ascension_mode":true,"campfire_choices":[{"data":"Noxious Fumes","floor":10.0,"key":"SMITH"},{"floor":13.0,"key":"RECALL"},{"floor":15.0,"key":"REST"},{"floor":23.0,"key":"REST"},{"floor":25.0,"key":"REST"},{"floor":32.0,"key":"REST"},{"floor":40.0,"key":"REST"},{"floor":44.0,"key":"REST"},{"floor":49.0,"key":"REST"}],"neow_cost":"NONE","seed_source_timestamp":29834151692419,"circlet_count":0,"master_deck":["Strike_G","Strike_G","Strike_G+1","Strike_G","Defend_G","Defend_G+1","Defend_G","Defend_G","Defend_G","Survivor","Neutralize+1","Slice","Noxious Fumes+1","Deflect","PiercingWail","Mind Blast","Injury","Escape Plan","Bullet Time","Deadly Poison","Deadly Poison","Well Laid Plans","Outmaneuver","Bane","Backflip+1","Escape Plan","Slice","Envenom+1","Dodge and Roll","After Image","Backflip","Deadly Poison+1","Poisoned Stab","Deadly Poison","Noxious Fumes","Catalyst","Dodge and Roll+1"],"special_seed":0,"relics":["Ring of the Snake","Peace Pipe","The Specimen","Golden Idol","Lizard Tail","Snake Skull","Du-Vu Doll","Fusion Hammer","Singing Bowl"],"potions_floor_usage":[],"damage_taken":[{"damage":0.0,"enemies":"Small Slimes","floor":1.0,"turns":5.0},{"damage":0.0,"enemies":"Jaw Worm","floor":6.0,"turns":5.0},{"damage":0.0,"enemies":"2 Louse","floor":7.0,"turns":3.0},{"damage":0.0,"enemies":"Large Slime","floor":8.0,"turns":5.0},{"damage":12.0,"enemies":"3 Louse","floor":14.0,"turns":4.0},{"damage":14.0,"enemies":"The Guardian","floor":16.0,"turns":11.0},{"damage":11.0,"enemies":"Shell Parasite","floor":18.0,"turns":6.0},{"damage":34.0,"enemies":"Chosen","floor":21.0,"turns":6.0},{"damage":36.0,"enemies":"3 Cultists","floor":24.0,"turns":6.0},{"damage":8.0,"enemies":"Snake Plant","floor":27.0,"turns":5.0},{"damage":1.0,"enemies":"Chosen and Byrds","floor":28.0,"turns":6.0},{"damage":23.0,"enemies":"Gremlin Leader","floor":29.0,"turns":9.0},{"damage":12.0,"enemies":"Centurion and Healer","floor":31.0,"turns":6.0},{"damage":57.0,"enemies":"Collector","floor":33.0,"turns":9.0},{"damage":18.0,"enemies":"3 Darklings","floor":35.0,"turns":7.0},{"damage":0.0,"enemies":"3 Shapes","floor":36.0,"turns":5.0},{"damage":26.0,"enemies":"3 Darklings","floor":38.0,"turns":5.0},{"damage":8.0,"enemies":"Sphere and 2 Shapes","floor":41.0,"turns":5.0},{"damage":12.0,"enemies":"Maw","floor":42.0,"turns":8.0},{"damage":8.0,"enemies":"4 Shapes","floor":46.0,"turns":5.0},{"damage":29.0,"enemies":"3 Darklings","floor":48.0,"turns":5.0},{"damage":54,"enemies":"Awakened One","floor":50,"turns":5}],"seed_played":"290266962474580897","potions_obtained":[{"floor":7.0,"key":"Poison Potion"},{"floor":14.0,"key":"SpeedPotion"},{"floor":16.0,"key":"Regen Potion"},{"floor":24.0,"key":"AttackPotion"},{"floor":28.0,"key":"GhostInAJar"},{"floor":29.0,"key":"SpeedPotion"},{"floor":31.0,"key":"Fire Potion"},{"floor":33.0,"key":"Swift Potion"},{"floor":36.0,"key":"Poison Potion"},{"floor":38.0,"key":"Weak Potion"},{"floor":42.0,"key":"GamblersBrew"}],"is_trial":false,"path_per_floor":["M","?","?","?","?","M","M","M","T","R","$","?","R","M","R","B",null,"M","?","$","M","?","R","M","R","T","M","M","E","?","M","R","B",null,"M","M","?","M","$","R","M","M","T","R","$","M","?","M","R","B"],"character_chosen":"THE_SILENT","items_purchased":["Mind Blast","Well Laid Plans","Outmaneuver","Bane","Poisoned Stab","Singing Bowl","Noxious Fumes","Catalyst"],"campfire_rested":7,"item_purchase_floors":[11,20,20,20,39,39,45,45],"current_hp_per_floor":[77,77,62,77,74,74,74,74,74,74,74,74,74,62,77,63,77,66,66,66,32,32,55,34,57,57,49,48,25,25,13,36,17,77,59,59,59,33,33,56,48,38,38,61,61,53,53,26,50,0],"gold":90,"neow_bonus":"TEN_PERCENT_HP_BONUS","is_prod":false,"is_daily":false,"chose_seed":false,"campfire_upgraded":1,"win_rate":0,"timestamp":1565365671,"path_taken":["M","?","?","?","?","M","M","M","T","R","$","?","R","M","R","BOSS","M","?","$","M","?","R","?","R","T","M","M","E","?","M","R","BOSS","M","?","?","M","$","R","M","M","T","R","?","M","?","M","R","BOSS"],"build_version":"2019-07-17","purchased_purges":0,"victory":false,"max_hp_per_floor":[77,77,77,77,77,77,77,77,77,77,77,77,77,77,77,77,77,77,77,77,77,77,77,77,77,77,77,77,77,77,77,77,77,77,77,77,77,77,77,77,77,79,79,79,79,79,79,81,81,81],"card_choices":[{"not_picked":["Blade Dance","Setup"],"picked":"Slice","floor":1.0},{"not_picked":["Cloak And Dagger","Dodge and Roll"],"picked":"Noxious Fumes","floor":6.0},{"not_picked":["Slice","Underhanded Strike"],"picked":"Deflect","floor":7.0},{"not_picked":["Flying Knee","Backflip"],"picked":"PiercingWail","floor":8.0},{"not_picked":["Dagger Spray","Storm of Steel"],"picked":"Escape Plan","floor":14.0},{"not_picked":["Venomology","Night Terror"],"picked":"Bullet Time","floor":16.0},{"not_picked":["Poisoned Stab","Sucker Punch"],"picked":"Deadly Poison","floor":18.0},{"not_picked":["Prepared","Cloak And Dagger"],"picked":"Backflip+1","floor":21.0},{"not_picked":["Finisher","Quick Slash","Underhanded Strike"],"picked":"SKIP","floor":24.0},{"not_picked":["Skewer","Backstab"],"picked":"Escape Plan","floor":27.0},{"not_picked":["Dagger Throw","Phantasmal Killer"],"picked":"Slice","floor":28.0},{"not_picked":["Night Terror","Prepared"],"picked":"Envenom","floor":29.0},{"not_picked":["Prepared","Flechettes+1"],"picked":"Dodge and Roll","floor":31.0},{"not_picked":["Night Terror","Wraith Form v2"],"picked":"After Image","floor":33.0},{"not_picked":["Underhanded Strike+1","Sucker Punch+1"],"picked":"Backflip","floor":35.0},{"not_picked":["Choke+1","Eviscerate","Flying Knee+1"],"picked":"SKIP","floor":36.0},{"not_picked":["Slice+1","Tactician+1"],"picked":"Deadly Poison+1","floor":38.0},{"not_picked":["Flying Knee+1","Acrobatics"],"picked":"Deadly Poison","floor":41.0},{"not_picked":["Riddle With Holes+1","Flying Knee","Accuracy+1"],"picked":"Singing Bowl","floor":42.0},{"not_picked":["Prepared+1","Glass Knife"],"picked":"Dodge and Roll+1","floor":46.0},{"not_picked":["Well Laid Plans+1","Accuracy","Prepared"],"picked":"Singing Bowl","floor":48.0}],"player_experience":327249,"relics_obtained":[{"floor":9.0,"key":"The Specimen"},{"floor":26.0,"key":"Snake Skull"},{"floor":29.0,"key":"Du-Vu Doll"}],"event_choices":[{"damage_healed":0.0,"max_hp_gain":0.0,"max_hp_loss":0.0,"gold_gain":0.0,"event_name":"Living Wall","player_choice":"Grow","floor":2.0,"gold_loss":0.0,"damage_taken":0.0,"cards_upgraded":["Neutralize"]},{"damage_healed":0.0,"max_hp_gain":0.0,"max_hp_loss":0.0,"gold_gain":0.0,"event_name":"Shining Light","player_choice":"Entered Light","floor":3.0,"gold_loss":0.0,"damage_taken":15.0,"cards_upgraded":["Strike_G","Defend_G"]},{"damage_healed":19.0,"max_hp_gain":0.0,"max_hp_loss":0.0,"gold_gain":0.0,"event_name":"The Cleric","player_choice":"Healed","floor":4.0,"gold_loss":35.0,"damage_taken":0.0},{"damage_healed":0.0,"max_hp_gain":0.0,"max_hp_loss":0.0,"gold_gain":0.0,"event_name":"Scrap Ooze","player_choice":"Success","floor":5.0,"gold_loss":0.0,"damage_taken":3.0,"relics_obtained":["Peace Pipe"]},{"damage_healed":0.0,"max_hp_gain":0.0,"max_hp_loss":0.0,"gold_gain":0.0,"event_name":"Golden Idol","player_choice":"Take Wound","floor":12.0,"gold_loss":0.0,"damage_taken":0.0,"relics_obtained":["Golden Idol"],"cards_obtained":["Injury"]},{"damage_healed":0.0,"max_hp_gain":0.0,"max_hp_loss":0.0,"gold_gain":0.0,"event_name":"The Library","player_choice":"Read","floor":19.0,"gold_loss":0.0,"damage_taken":0.0,"cards_obtained":["Deadly Poison"]},{"damage_healed":0.0,"max_hp_gain":0.0,"max_hp_loss":0.0,"gold_gain":100.0,"event_name":"Golden Shrine","player_choice":"Pray","floor":22.0,"gold_loss":0.0,"damage_taken":0.0},{"damage_healed":0.0,"max_hp_gain":0.0,"max_hp_loss":0.0,"gold_gain":0.0,"event_name":"Designer","player_choice":"Upgrade","floor":30.0,"gold_loss":40.0,"damage_taken":0.0,"cards_upgraded":["Envenom"]},{"damage_healed":0.0,"max_hp_gain":0.0,"max_hp_loss":0.0,"gold_gain":0.0,"event_name":"Tomb of Lord Red Mask","player_choice":"Ignored","floor":37.0,"gold_loss":0.0,"damage_taken":0.0},{"cards_removed":["Strike_G"],"damage_healed":0.0,"max_hp_gain":0.0,"max_hp_loss":0.0,"gold_gain":0.0,"event_name":"Falling","player_choice":"Removed Attack","floor":47.0,"gold_loss":0.0,"damage_taken":0.0}],"is_beta":false,"boss_relics":[{"not_picked":["Coffee Dripper","White Beast Statue"],"picked":"Lizard Tail"},{"not_picked":["Sozu","Busted Crown"],"picked":"Fusion Hammer"}],"items_purged_floors":[],"is_endless":false,"potions_floor_spawned":[7,14,16,24,28,29,31,33,36,38,42],"killed_by":"Awakened One","ascension_level":1}