{"gold_per_floor":[113,113,38,5,0,0,20,20,20,38,38,49,59,70,70,166,216,234,222,10,28,43,43,54,54,54,54],"floor_reached":27,"playtime":2685,"items_purged":["Strike_G","Strike_G"],"score":228,"play_id":"4546c911-40b0-4ea1-942b-decebe32324c","local_time":"20180801201222","is_ascension_mode":true,"campfire_choices":[{"data":"Adrenaline","floor":6,"key":"SMITH"},{"data":"Neutralize","floor":8,"key":"SMITH"},{"data":"Quick Slash","floor":11,"key":"SMITH"},{"data":"PiercingWail","floor":15,"key":"SMITH"},{"floor":23,"key":"REST"},{"data":"Noxious Fumes","floor":25,"key":"SMITH"}],"neow_cost":"NONE","seed_source_timestamp":880178989293530,"circlet_count":0,"master_deck":["Defend_G","Defend_G","Defend_G","Defend_G+1","Defend_G","Strike_G","Strike_G","Survivor","Neutralize+1","Adrenaline+1","Leg Sweep","Calculated Gamble","Poisoned Stab","Quick Slash+1","Bane","PiercingWail+1","Bane","Tools of the Trade","Crippling Poison","Leg Sweep+1","Catalyst","Noxious Fumes+1","Backflip","Deflect","Catalyst+1"],"relics":["Ring of the Snake","Ornamental Fan","Tiny House","Smiling Mask"],"potions_floor_usage":[16,16,16,18,21,21],"damage_taken":[{"damage":0,"enemies":"2 Louse","floor":1,"turns":2},{"damage":0,"enemies":"Small Slimes","floor":7,"turns":4},{"damage":0,"enemies":"Cultist","floor":10,"turns":3},{"damage":0,"enemies":"Looter","floor":12,"turns":4},{"damage":9,"enemies":"Exordium Thugs","floor":13,"turns":6},{"damage":2,"enemies":"Large Slime","floor":14,"turns":4},{"damage":33,"enemies":"The Guardian","floor":16,"turns":19},{"damage":20,"enemies":"Spheric Guardian","floor":18,"turns":9},{"damage":5,"enemies":"2 Thieves","floor":19,"turns":4},{"damage":11,"enemies":"Cultist and Chosen","floor":21,"turns":8},{"damage":67,"enemies":"3 Cultists","floor":22,"turns":8},{"damage":0,"enemies":"Centurion and Healer","floor":24,"turns":7},{"damage":0,"enemies":"Snake Plant","floor":27,"turns":1}],"seed_played":"5625304589841049444","potions_obtained":[{"floor":1,"key":"Poison Potion"},{"floor":10,"key":"GamblersBrew"},{"floor":13,"key":"Energy Potion"},{"floor":14,"key":"Explosive Potion"},{"floor":16,"key":"SkillPotion"},{"floor":17,"key":"SkillPotion"},{"floor":19,"key":"Regen Potion"},{"floor":21,"key":"SkillPotion"}],"is_trial":false,"path_per_floor":["M","?","$","$","?","R","M","R","T","M","R","M","M","M","R","B",null,"M","M","$","M","M","R","M","R","T"],"character_chosen":"THE_SILENT","items_purchased":["Calculated Gamble","Noxious Fumes","Regen Potion"],"campfire_rested":1,"item_purchase_floors":[4,20,20],"current_hp_per_floor":[70,63,63,63,63,63,63,63,63,63,63,63,54,52,52,19,75,55,50,50,70,3,25,25,25,25,25],"gold":54,"neow_bonus":"ONE_RANDOM_RARE_CARD","is_prod":false,"is_daily":false,"chose_seed":false,"campfire_upgraded":5,"win_rate":0,"timestamp":1533125542,"path_taken":["M","?","?","$","?","R","M","R","T","M","R","M","M","M","R","BOSS","M","M","$","M","M","R","M","R","T","M"],"build_version":"2018-07-26","purchased_purges":2,"victory":false,"max_hp_per_floor":[70,70,70,70,70,70,70,70,70,70,70,70,70,70,70,70,75,75,75,75,75,75,75,75,75,75,75],"card_choices":[{"not_picked":["Poisoned Stab","Masterful Stab"],"picked":"Leg Sweep","floor":1},{"not_picked":["Expertise","Flechettes"],"picked":"Poisoned Stab","floor":7},{"not_picked":["Distraction","Flechettes"],"picked":"Quick Slash","floor":10},{"not_picked":["Quick Slash","Crippling Poison"],"picked":"Bane","floor":12},{"not_picked":["Flying Knee","Backflip"],"picked":"PiercingWail","floor":13},{"not_picked":["Dodge and Roll","Distraction"],"picked":"Bane","floor":14},{"not_picked":["After Image","Doppelganger"],"picked":"Tools of the Trade","floor":16},{"not_picked":["Cloak And Dagger","Slice"],"picked":"Crippling Poison","floor":17},{"not_picked":["Slice","Backstab"],"picked":"Leg Sweep+1","floor":18},{"not_picked":["Blur","Well Laid Plans"],"picked":"Catalyst","floor":19},{"not_picked":["Flying Knee","Choke"],"picked":"Backflip","floor":21},{"not_picked":["All Out Attack+1","Cloak And Dagger"],"picked":"Deflect","floor":22},{"not_picked":["Dodge and Roll","Backflip"],"picked":"Catalyst+1","floor":24}],"player_experience":95744,"relics_obtained":[{"floor":9,"key":"Ornamental Fan"},{"floor":26,"key":"Smiling Mask"}],"event_choices":[{"event_name":"Golden Wing","player_choice":"Card Removal","floor":2,"damage_taken":0},{"event_name":"World of Goop","player_choice":"Left","floor":5,"damage_taken":0}],"is_beta":false,"boss_relics":[{"not_picked":["Ectoplasm","Runic Pyramid"],"picked":"Tiny House"}],"items_purged_floors":[3,20],"is_endless":false,"potions_floor_spawned":[1,10,13,14,16,19,21],"killed_by":"Snake Plant","ascension_level":2}