{"gold_per_floor":[112,72,88,13,88,88,119,119,119,132,9,29,29,29],"floor_reached":14,"playtime":403,"items_purged":["Strike_B","Strike_B"],"score":123,"play_id":"8bf9a050-2f19-4bf6-9305-3b04d1f65017","local_time":"20190821140335","is_ascension_mode":true,"campfire_choices":[{"floor":6,"key":"REST"}],"neow_cost":"PERCENT_DAMAGE","seed_source_timestamp":15280278983277,"circlet_count":0,"master_deck":["Strike_B","Defend_B","Defend_B","Defend_B","Defend_B","Zap","Dualcast","Creative AI","Gash","Self Repair","Hologram","Rebound","Gash"],"relics":["Cracked Core","Art of War","Sundial"],"potions_floor_usage":[3,7,12,14],"damage_taken":[{"damage":2,"enemies":"2 Louse","floor":1,"turns":4},{"damage":0,"enemies":"Cultist","floor":3,"turns":4},{"damage":58,"enemies":"Lagavulin","floor":7,"turns":7},{"damage":1,"enemies":"Small Slimes","floor":10,"turns":3},{"damage":0,"enemies":"3 Louse","floor":12,"turns":2},{"damage":18,"enemies":"Exordium Wildlife","floor":14,"turns":3}],"seed_played":"262487904109776872","potions_obtained":[{"floor":2,"key":"Block Potion"},{"floor":2,"key":"SpeedPotion"},{"floor":2,"key":"PowerPotion"},{"floor":10,"key":"SteroidPotion"}],"is_trial":false,"path_per_floor":["M","?","M","$","?","R","E","?","T","M","$","M","?","M"],"character_chosen":"DEFECT","items_purchased":["Rebound"],"campfire_rested":1,"item_purchase_floors":[11],"current_hp_per_floor":[48,48,48,48,37,59,8,8,8,14,14,14,14,0],"gold":29,"neow_bonus":"THREE_RARE_CARDS","is_prod":false,"is_daily":false,"chose_seed":false,"campfire_upgraded":0,"win_rate":0,"timestamp":1566392615,"path_taken":["M","?","?","$","?","R","E","?","T","M","?","?","?","M"],"build_version":"2019-07-17","purchased_purges":2,"victory":false,"max_hp_per_floor":[75,75,75,75,75,75,75,75,75,75,75,75,75,75],"card_choices":[{"not_picked":["Thunder Strike","Machine Learning"],"picked":"Creative AI","floor":0},{"not_picked":["Hologram","Steam"],"picked":"Gash","floor":1},{"not_picked":["Sweeping Beam","Turbo"],"picked":"Self Repair","floor":3},{"not_picked":["Stack","Static Discharge"],"picked":"Hologram","floor":7},{"not_picked":["Sweeping Beam","Blizzard","Aggregate"],"picked":"SKIP","floor":10},{"not_picked":["Leap","Hologram"],"picked":"Gash","floor":12}],"player_experience":481803,"relics_obtained":[{"floor":7,"key":"Art of War"},{"floor":9,"key":"Sundial"}],"event_choices":[{"damage_healed":0,"gold_gain":0,"player_choice":"Bought 3 Potions","damage_taken":0,"max_hp_gain":0,"max_hp_loss":0,"event_name":"The Woman in Blue","floor":2,"gold_loss":0},{"damage_healed":0,"gold_gain":75,"player_choice":"Gather Gold","damage_taken":11,"max_hp_gain":0,"max_hp_loss":0,"event_name":"World of Goop","floor":5,"gold_loss":0},{"damage_healed":0,"gold_gain":0,"player_choice":"Ignored","damage_taken":0,"max_hp_gain":0,"max_hp_loss":0,"event_name":"Golden Wing","floor":8,"gold_loss":0},{"cards_removed":["Strike_B"],"damage_healed":0,"gold_gain":0,"player_choice":"Offered Basic","damage_taken":0,"max_hp_gain":0,"max_hp_loss":0,"event_name":"Bonfire Elementals","floor":13,"gold_loss":0}],"is_beta":false,"boss_relics":[],"items_purged_floors":[4,11],"is_endless":false,"potions_floor_spawned":[10],"killed_by":"Exordium Wildlife","ascension_level":8}