{"gold_per_floor":[111,124,199,215,215,215,73,73,123,151,177,177,194,226,226,329,329,345,360,123,137,12,12,28,28,55,55,80,80,114,142,154,269,281,304,316,341,353,365,377,403,415,501,35,69,122,122,122,122,122],"floor_reached":50,"playtime":5581,"items_purged":["Strike_G","Strike_G","Strike_G"],"score":725,"play_id":"fa8ce836-a066-423f-b32c-487fbfe931d9","local_time":"20180809000544","is_ascension_mode":true,"campfire_choices":[{"data":"All Out Attack","floor":6,"key":"SMITH"},{"data":"Footwork","floor":8,"key":"SMITH"},{"data":"Neutralize","floor":12,"key":"SMITH"},{"data":"Calculated Gamble","floor":15,"key":"SMITH"},{"data":"Dagger Throw","floor":23,"key":"SMITH"},{"floor":27,"key":"REST"},{"data":"Adrenaline","floor":32,"key":"SMITH"},{"data":"PiercingWail","floor":40,"key":"SMITH"},{"data":"Acrobatics","floor":42,"key":"SMITH"},{"floor":47,"key":"REST"},{"floor":49,"key":"REST"}],"neow_cost":"","seed_source_timestamp":0,"circlet_count":0,"master_deck":["Defend_G+1","Defend_G+1","Defend_G+1","Defend_G+1","Defend_G+1","Strike_G+1","Survivor+1","Neutralize+1","All Out Attack+1","Underhanded Strike+1","Footwork+1","Eviscerate+1","Underhanded Strike+1","Calculated Gamble+1","Acrobatics+1","Adrenaline+1","PiercingWail+1","Dagger Throw+1","Unload+1","Tactician+1","PiercingWail+1","Well Laid Plans+1","Dagger Throw+1","Adrenaline+1","Prepared+1","Prepared+1","PiercingWail+1","Underhanded Strike+1","Flash of Steel+1","Thinking Ahead+1","Dark Shackles+1","Transmutation+1","Finesse+1","Deflect+1","Adrenaline+1"],"special_seed":0,"relics":["Ring of the Snake","Vajra","The Specimen","Odd Mushroom","Orichalcum","Black Star","Snake Skull","Ninja Scroll","Letter Opener","MawBank","Omamori","Orrery","Pear","Paper Crane","Centennial Puzzle","Art of War","Lantern","Juzu Bracelet","Mark of the Bloom"],"potions_floor_usage":[16,16,16,19,33,33,50],"damage_taken":[{"damage":0,"enemies":"2 Louse","floor":1,"turns":4},{"damage":0,"enemies":"Small Slimes","floor":2,"turns":3},{"damage":0,"enemies":"Jaw Worm","floor":4,"turns":4},{"damage":0,"enemies":"3 Sentries","floor":10,"turns":4},{"damage":0,"floor":11,"turns":4},{"damage":3,"enemies":"Looter","floor":13,"turns":3},{"damage":11,"enemies":"Lagavulin","floor":14,"turns":8},{"damage":0,"enemies":"Slime Boss","floor":16,"turns":8},{"damage":10,"enemies":"Shell Parasite","floor":18,"turns":8},{"damage":0,"enemies":"3 Byrds","floor":19,"turns":4},{"damage":5,"enemies":"Centurion and Healer","floor":21,"turns":7},{"damage":10,"enemies":"Snecko","floor":24,"turns":5},{"damage":0,"enemies":"Gremlin Leader","floor":28,"turns":8},{"damage":2,"enemies":"Book of Stabbing","floor":30,"turns":5},{"damage":3,"enemies":"3 Cultists","floor":31,"turns":6},{"damage":59,"enemies":"Collector","floor":33,"turns":11},{"damage":0,"enemies":"Orb Walker","floor":35,"turns":2},{"damage":4,"enemies":"3 Shapes","floor":37,"turns":2},{"damage":17,"enemies":"Transient","floor":41,"turns":5},{"damage":13,"enemies":"Nemesis","floor":45,"turns":7},{"damage":66,"enemies":"Time Eater","floor":50,"turns":9}],"seed_played":"645006304118539138","potions_obtained":[{"floor":4,"key":"Poison Potion"},{"floor":10,"key":"SteroidPotion"},{"floor":13,"key":"GhostInAJar"},{"floor":18,"key":"Fire Potion"},{"floor":21,"key":"SmokeBomb"},{"floor":24,"key":"AttackPotion"},{"floor":28,"key":"FearPotion"},{"floor":45,"key":"GamblersBrew"}],"is_trial":false,"path_per_floor":["M","M","?","M","?","R","$","R","T","E","?","R","M","E","R","B",null,"M","M","$","M","$","R","M","?","T","R","E","?","E","M","R","B",null,"M","?","M","?","?","R","M","R","T","$","E","T","R","?","R"],"character_chosen":"THE_SILENT","items_purchased":["Footwork","Unload","Transmutation","Finesse","Deflect","Centennial Puzzle"],"campfire_rested":3,"item_purchase_floors":[7,20,44,44,44,44],"current_hp_per_floor":[70,70,59,59,59,59,59,59,59,59,59,59,56,45,45,45,70,60,60,60,55,55,55,45,45,45,66,66,66,64,61,61,2,70,70,80,76,80,70,70,53,53,53,53,40,40,64,64,64,0],"gold":122,"neow_bonus":"","is_prod":false,"is_daily":false,"chose_seed":false,"campfire_upgraded":8,"win_rate":0,"timestamp":1533744344,"path_taken":["M","M","?","M","?","R","$","R","T","E","?","R","M","E","R","BOSS","M","M","$","M","$","R","M","?","T","R","E","?","E","M","R","BOSS","M","?","M","?","?","R","?","R","T","$","E","?","R","?","R","BOSS"],"build_version":"2018-08-02","purchased_purges":3,"victory":false,"max_hp_per_floor":[70,70,70,70,70,70,70,70,70,70,70,70,70,70,70,70,70,70,70,70,70,70,70,70,70,70,70,70,70,70,70,70,70,70,70,80,80,80,80,80,80,80,80,80,80,80,80,80,80,80],"card_choices":[{"not_picked":["Quick Slash","Sucker Punch"],"picked":"All Out Attack","floor":1},{"not_picked":["Quick Slash","Sucker Punch","Caltrops"],"picked":"SKIP","floor":2},{"not_picked":["Bane","Flying Knee"],"picked":"Underhanded Strike","floor":4},{"not_picked":["Wraith Form v2","Bane"],"picked":"Eviscerate","floor":10},{"not_picked":["Bane","Caltrops"],"picked":"Underhanded Strike","floor":11},{"not_picked":["Endless Agony","Blur"],"picked":"Calculated Gamble","floor":13},{"not_picked":["Deadly Poison","Deflect"],"picked":"Acrobatics","floor":14},{"not_picked":["Phantasmal Killer","Venomology"],"picked":"Adrenaline","floor":16},{"not_picked":["Catalyst","Eviscerate+1"],"picked":"PiercingWail+1","floor":18},{"not_picked":["Heel Hook","Dagger Spray"],"picked":"Dagger Throw","floor":19},{"not_picked":["Dagger Spray","Blade Dance"],"picked":"Tactician","floor":21},{"not_picked":["Deadly Poison+1","Die Die Die"],"picked":"PiercingWail","floor":24},{"not_picked":["Slice+1","Backstab","Flying Knee"],"picked":"SKIP","floor":28},{"not_picked":["Bane","Deflect"],"picked":"Well Laid Plans","floor":30},{"not_picked":["Slice","Storm of Steel"],"picked":"Dagger Throw","floor":31},{"not_picked":["Venomology","Corpse Explosion"],"picked":"Adrenaline","floor":33},{"not_picked":["Outmaneuver","Cloak And Dagger"],"picked":"Prepared","floor":34},{"not_picked":["Flying Knee","Slice"],"picked":"Prepared","floor":34},{"not_picked":["Deflect","Quick Slash"],"picked":"PiercingWail+1","floor":34},{"not_picked":["Venomology","Deadly Poison","Dagger Spray"],"picked":"SKIP","floor":35},{"not_picked":["Backstab+1","Blade Dance+1"],"picked":"Underhanded Strike","floor":37},{"not_picked":["Good Instincts","Madness"],"picked":"Flash of Steel","floor":39},{"not_picked":["Jack Of All Trades","Blind"],"picked":"Thinking Ahead","floor":39},{"not_picked":["Sadistic Nature","Dramatic Entrance"],"picked":"Dark Shackles","floor":39},{"not_picked":["Crippling Poison+1","Bouncing Flask","Predator+1"],"picked":"SKIP","floor":41},{"not_picked":["Unload","Bouncing Flask"],"picked":"Adrenaline","floor":45}],"player_experience":100017,"relics_obtained":[{"floor":9,"key":"Vajra"},{"floor":10,"key":"The Specimen"},{"floor":11,"key":"Odd Mushroom"},{"floor":14,"key":"Orichalcum"},{"floor":26,"key":"Snake Skull"},{"floor":28,"key":"Ninja Scroll"},{"floor":28,"key":"Letter Opener"},{"floor":30,"key":"MawBank"},{"floor":30,"key":"Omamori"},{"floor":43,"key":"Paper Crane"},{"floor":45,"key":"Art of War"},{"floor":45,"key":"Lantern"},{"floor":46,"key":"Juzu Bracelet"}],"event_choices":[{"event_name":"World of Goop","player_choice":"Gather Gold","floor":3,"damage_taken":0},{"event_name":"Bonfire Elementals","player_choice":"BASIC","floor":5,"damage_taken":0},{"event_name":"Mushrooms","player_choice":"Fought Mushrooms","floor":11,"damage_taken":0},{"event_name":"The Mausoleum","player_choice":"No","floor":25,"damage_taken":0},{"event_name":"Back to Basics","player_choice":"Simplicity","floor":29,"damage_taken":0},{"event_name":"Accursed Blacksmith","player_choice":"Rummage","floor":36,"damage_taken":0},{"event_name":"Winding Halls","player_choice":"Writhe","floor":38,"damage_taken":0},{"event_name":"SensoryStone","player_choice":"Memory 3","floor":39,"damage_taken":0},{"event_name":"MindBloom","player_choice":"Upgrade","floor":48,"damage_taken":0}],"is_beta":false,"boss_relics":[{"not_picked":["Astrolabe","Sozu"],"picked":"Black Star"},{"not_picked":["Runic Dome","Velvet Choker"],"picked":"Orrery"}],"items_purged_floors":[7,20,22],"is_endless":false,"potions_floor_spawned":[4,10,13,18,21,24,28,45],"killed_by":"Time Eater","ascension_level":2}