{"gold_per_floor":[114,14,14,29,29,56,56,76,147,162,172,189,189,224,224,224],"floor_reached":16,"playtime":728,"items_purged":[],"score":218,"play_id":"9844c69b-d86e-4ea0-9de9-d276b53eadae","local_time":"20190817151845","is_ascension_mode":true,"campfire_choices":[{"floor":7,"key":"REST"},{"floor":13,"key":"REST"},{"data":"Strike_B","floor":15,"key":"PURGE"}],"neow_cost":"PERCENT_DAMAGE","seed_source_timestamp":675703316265338,"circlet_count":0,"master_deck":["AscendersBane","Strike_B","Strike_B","Defend_B","Defend_B","Defend_B","Defend_B","Zap","Dualcast","Thunder Strike","Static Discharge","Conserve Battery","FTL","Hologram","Cold Snap","Static Discharge","Storm","Heatsinks","Auto Shields","Go for the Eyes","Streamline","Machine Learning"],"relics":["Cracked Core","Dream Catcher","Pantograph","Peace Pipe"],"potions_floor_usage":[6,14],"damage_taken":[{"damage":9,"enemies":"Jaw Worm","floor":1,"turns":4},{"damage":1,"enemies":"Cultist","floor":4,"turns":3},{"damage":23,"enemies":"3 Sentries","floor":6,"turns":7},{"damage":1,"enemies":"2 Louse","floor":8,"turns":3},{"damage":9,"enemies":"Blue Slaver","floor":10,"turns":4},{"damage":3,"enemies":"Exordium Wildlife","floor":11,"turns":3},{"damage":4,"enemies":"Red Slaver","floor":12,"turns":3},{"damage":6,"enemies":"Lagavulin","floor":14,"turns":6},{"damage":58,"enemies":"Slime Boss","floor":16,"turns":10}],"seed_played":"8934387153667250712","potions_obtained":[{"floor":1,"key":"Fire Potion"},{"floor":10,"key":"Swift Potion"}],"is_trial":false,"path_per_floor":["M","$","?","M","$","E","R","M","T","M","M","M","R","E","R","B"],"character_chosen":"DEFECT","items_purchased":["Conserve Battery","FTL"],"campfire_rested":2,"item_purchase_floors":[2,2],"current_hp_per_floor":[37,37,37,36,36,13,34,33,33,24,21,17,38,32,32,0],"gold":224,"neow_bonus":"THREE_RARE_CARDS","is_prod":false,"is_daily":false,"chose_seed":false,"campfire_upgraded":0,"win_rate":0,"timestamp":1566069525,"path_taken":["M","$","?","M","$","E","R","M","T","?","M","M","R","E","R","BOSS"],"build_version":"2019-07-17","purchased_purges":0,"victory":false,"max_hp_per_floor":[71,71,71,71,71,71,71,71,71,71,71,71,71,71,71,71],"card_choices":[{"not_picked":["Echo Form","Seek"],"picked":"Thunder Strike","floor":0},{"not_picked":["Reprogram","Go for the Eyes"],"picked":"Static Discharge","floor":1},{"not_picked":["Hologram","Leap"],"picked":"Cold Snap","floor":4},{"not_picked":["Rebound","Sweeping Beam"],"picked":"Static Discharge","floor":6},{"not_picked":["Gash","Streamline"],"picked":"Storm","floor":8},{"not_picked":["Streamline","Steam Power"],"picked":"Heatsinks","floor":10},{"not_picked":["Steam","Redo"],"picked":"Auto Shields","floor":11},{"not_picked":["Reinforced Body","Leap"],"picked":"Go for the Eyes","floor":12},{"not_picked":["Gash","Steam Power"],"picked":"Streamline","floor":13},{"not_picked":["Barrage","Aggregate"],"picked":"Machine Learning","floor":14}],"player_experience":1057825,"relics_obtained":[{"floor":6,"key":"Dream Catcher"},{"floor":9,"key":"Pantograph"},{"floor":14,"key":"Peace Pipe"}],"event_choices":[{"damage_healed":0,"gold_gain":0,"cards_transformed":["Strike_B"],"player_choice":"Transformed","damage_taken":0,"max_hp_gain":0,"max_hp_loss":0,"event_name":"Transmorgrifier","floor":3,"gold_loss":0,"cards_obtained":["Hologram"]}],"is_beta":false,"boss_relics":[],"items_purged_floors":[],"is_endless":false,"potions_floor_spawned":[1,10],"killed_by":"Slime Boss","ascension_level":19}