{"gold_per_floor":[164,22,41,41,61,61,96,96,121,166,143,170,201,223,235,247],"floor_reached":16,"playtime":766,"items_purged":["Strike_G"],"score":185,"play_id":"3065cf24-3aa3-4e7d-a2d0-8d5f5eb97af4","local_time":"20190202211342","is_ascension_mode":true,"campfire_choices":[{"data":"Blade Dance","floor":6,"key":"SMITH"},{"data":"Survivor","floor":8,"key":"SMITH"},{"floor":15,"key":"REST"}],"neow_cost":"NONE","seed_source_timestamp":5102475824311749,"circlet_count":0,"master_deck":["Defend_G","Defend_G","Defend_G+1","Defend_G","Defend_G","Strike_G","Strike_G","Strike_G","Strike_G","Survivor+1","Neutralize","Dagger Throw","Blade Dance+1","Footwork","Footwork","Footwork","Blade Dance","Deflect"],"relics":["Tiny House","Potion Belt","MawBank","Ginger"],"potions_floor_usage":[7,10,14],"damage_taken":[{"damage":5,"enemies":"Small Slimes","floor":1,"turns":4},{"damage":5,"enemies":"2 Louse","floor":3,"turns":3},{"damage":0,"enemies":"Cultist","floor":5,"turns":4},{"damage":0,"enemies":"Lagavulin","floor":7,"turns":10},{"damage":46,"enemies":"Gremlin Nob","floor":10,"turns":6},{"damage":14,"enemies":"3 Louse","floor":12,"turns":4},{"damage":1,"enemies":"Looter","floor":13,"turns":5},{"damage":13,"enemies":"Lots of Slimes","floor":14,"turns":4},{"damage":32,"enemies":"Hexaghost","floor":16,"turns":14}],"seed_played":"-4072136336907304977","potions_obtained":[{"floor":0,"key":"FearPotion"},{"floor":5,"key":"Weak Potion"},{"floor":10,"key":"SkillPotion"}],"is_trial":false,"path_per_floor":["M","$","M","?","M","R","E","R","T","E","?","M","M","M","R","B"],"character_chosen":"THE_SILENT","items_purchased":["Footwork"],"campfire_rested":1,"item_purchase_floors":[2],"current_hp_per_floor":[63,63,58,58,58,58,58,58,58,12,30,16,15,2,24,0],"gold":247,"neow_bonus":"BOSS_RELIC","is_prod":false,"is_daily":false,"chose_seed":false,"campfire_upgraded":2,"win_rate":0,"timestamp":1549160022,"path_taken":["M","$","M","?","M","R","E","R","T","E","?","M","M","M","R","BOSS"],"build_version":"2019-01-23","purchased_purges":1,"victory":false,"max_hp_per_floor":[75,75,75,75,75,75,75,75,75,75,75,75,75,75,75,75],"card_choices":[{"not_picked":["Outmaneuver","Prepared"],"picked":"Dagger Throw","floor":0},{"not_picked":["Bane","Eviscerate"],"picked":"Blade Dance","floor":1},{"not_picked":["Acrobatics","Flying Knee"],"picked":"Footwork","floor":3},{"not_picked":["Reflex","Flying Knee"],"picked":"Footwork","floor":5},{"not_picked":["Tactician","Blur","Catalyst"],"picked":"SKIP","floor":7},{"not_picked":["Quick Slash","Bane","Flying Knee"],"picked":"SKIP","floor":10},{"not_picked":["All Out Attack","Prepared","Leg Sweep"],"picked":"SKIP","floor":12},{"not_picked":["Dagger Throw","Quick Slash"],"picked":"Blade Dance","floor":13},{"not_picked":["Slice","Doppelganger"],"picked":"Deflect","floor":14}],"player_experience":390932,"relics_obtained":[{"floor":7,"key":"Potion Belt"},{"floor":9,"key":"MawBank"},{"floor":10,"key":"Ginger"}],"event_choices":[{"damage_healed":0,"gold_gain":0,"player_choice":"Ignored","damage_taken":0,"max_hp_gain":0,"max_hp_loss":0,"event_name":"Liars Game","floor":4,"gold_loss":0},{"damage_healed":18,"gold_gain":0,"player_choice":"Healed","damage_taken":0,"max_hp_gain":0,"max_hp_loss":0,"event_name":"The Cleric","floor":11,"gold_loss":35}],"is_beta":false,"boss_relics":[],"items_purged_floors":[2],"is_endless":false,"potions_floor_spawned":[5,10],"killed_by":"Hexaghost","ascension_level":7}