{"gold_per_floor":[117,136,156,173,184,218,218,92,92,58,58],"floor_reached":11,"playtime":1922,"items_purged":["Defend_R"],"score":104,"play_id":"5ca6891c-bc46-4d1b-a430-2e53f416cde4","local_time":"20190821235208","is_ascension_mode":true,"campfire_choices":[],"neow_cost":"NONE","seed_source_timestamp":2512518294455100,"circlet_count":0,"master_deck":["Strike_R","Strike_R","Strike_R","Strike_R","Strike_R","Defend_R","Defend_R","Defend_R","Bash","Impatience","Armaments","Limit Break","Pummel","Intimidate","Rupture","Shrug It Off","Flame Barrier"],"relics":["Burning Blood","Magic Flower","Mercury Hourglass"],"potions_floor_usage":[4,6,7],"damage_taken":[{"damage":6,"enemies":"Cultist","floor":1,"turns":4},{"damage":13,"enemies":"Jaw Worm","floor":2,"turns":4},{"damage":5,"enemies":"2 Louse","floor":3,"turns":4},{"damage":20,"enemies":"Large Slime","floor":4,"turns":11},{"damage":14,"enemies":"Blue Slaver","floor":5,"turns":5},{"damage":47,"enemies":"Gremlin Nob","floor":6,"turns":5},{"damage":0,"enemies":"Exordium Wildlife","floor":7,"turns":1},{"damage":17,"enemies":"Large Slime","floor":11,"turns":2}],"seed_played":"-1113433665182703042","potions_obtained":[{"floor":1,"key":"SteroidPotion"},{"floor":3,"key":"SmokeBomb"},{"floor":4,"key":"Fruit Juice"}],"is_trial":false,"path_per_floor":["M","M","M","M","M","E","M","$","T","$","M"],"character_chosen":"IRONCLAD","items_purchased":["Shrug It Off","Flame Barrier"],"campfire_rested":0,"item_purchase_floors":[8,10],"current_hp_per_floor":[72,65,66,57,49,8,17,17,17,17,0],"gold":58,"neow_bonus":"RANDOM_COLORLESS","is_prod":false,"is_daily":false,"chose_seed":false,"campfire_upgraded":0,"win_rate":0,"timestamp":1566402728,"path_taken":["M","M","M","M","M","E","M","?","T","$","?"],"build_version":"2019-07-17","purchased_purges":1,"victory":false,"max_hp_per_floor":[80,80,80,85,85,85,85,85,85,85,85],"card_choices":[{"not_picked":["Warcry","Sword Boomerang"],"picked":"Armaments","floor":1},{"not_picked":["Body Slam","Entrench","Armaments"],"picked":"SKIP","floor":2},{"not_picked":["Pommel Strike","Headbutt"],"picked":"Limit Break","floor":3},{"not_picked":["Seeing Red","Warcry"],"picked":"Pummel","floor":4},{"not_picked":["Clothesline","Cleave"],"picked":"Intimidate","floor":5},{"not_picked":["Ghostly Armor","Burning Pact"],"picked":"Rupture","floor":6}],"player_experience":830372,"relics_obtained":[{"floor":6,"key":"Magic Flower"},{"floor":9,"key":"Mercury Hourglass"}],"event_choices":[],"is_beta":false,"boss_relics":[],"items_purged_floors":[8],"is_endless":false,"potions_floor_spawned":[1,3,4,7],"killed_by":"Large Slime","ascension_level":7}