{"gold_per_floor":[119,138,138,68,68,68,80,0,0,62,112,112,145,20,20,118,118,130,149,43,8,58,91,91,111,136,213,233,283,333],"floor_reached":30,"playtime":2584,"items_purged":[],"score":296,"play_id":"4376b1b2-1fcd-463d-a55f-7b7f6a120e31","local_time":"20190721122429","is_ascension_mode":false,"campfire_choices":[{"data":"Noxious Fumes","floor":6,"key":"SMITH"},{"data":"Storm of Steel","floor":12,"key":"SMITH"},{"data":"Noxious Fumes","floor":15,"key":"SMITH"},{"floor":24,"key":"REST"}],"neow_cost":"NONE","seed_source_timestamp":10421101303165,"circlet_count":0,"master_deck":["Strike_G","Strike_G","Strike_G","Strike_G","Strike_G","Defend_G","Defend_G","Defend_G","Defend_G","Defend_G","Survivor","Neutralize","Storm of Steel+1","Backflip","Noxious Fumes+1","Footwork","Leg Sweep","Distraction+1","Cloak And Dagger","Outmaneuver","Noxious Fumes+1","Deadly Poison","Outmaneuver","Envenom","Caltrops","Terror","Acrobatics","Accuracy","Cloak And Dagger","Slice+1","Distraction+1","Well Laid Plans","Terror","PiercingWail","Deflect","Dash"],"relics":["Ring of the Snake","SsserpentHead","FossilizedHelix","Blood Vial","Orrery","Centennial Puzzle","Question Card","Lantern","Ancient Tea Set"],"potions_floor_usage":[16],"damage_taken":[{"damage":6,"enemies":"Jaw Worm","floor":1,"turns":5},{"damage":0,"enemies":"Small Slimes","floor":2,"turns":4},{"damage":0,"enemies":"Cultist","floor":7,"turns":4},{"damage":0,"enemies":"Looter","floor":10,"turns":5},{"damage":0,"enemies":"3 Sentries","floor":13,"turns":7},{"damage":14,"enemies":"The Guardian","floor":16,"turns":9},{"damage":14,"enemies":"Spheric Guardian","floor":18,"turns":5},{"damage":8,"enemies":"3 Byrds","floor":19,"turns":4},{"damage":29,"enemies":"Gremlin Leader","floor":23,"turns":7},{"damage":14,"enemies":"Snake Plant","floor":25,"turns":5},{"damage":16,"enemies":"Snecko","floor":28,"turns":7},{"damage":15,"enemies":"Colosseum Slavers","floor":30,"turns":2}],"seed_played":"-386800741371237848","potions_obtained":[{"floor":7,"key":"Dexterity Potion"},{"floor":13,"key":"Poison Potion"},{"floor":19,"key":"Ancient Potion"},{"floor":25,"key":"Strength Potion"}],"is_trial":false,"path_per_floor":["M","M","?","$","?","R","M","$","T","M","?","R","E","$","R","B",null,"M","M","$","?","?","E","R","M","T","T","M","?","?"],"character_chosen":"THE_SILENT","items_purchased":["Footwork","Distraction","Noxious Fumes","Deadly Poison","Outmaneuver","Well Laid Plans","Terror"],"campfire_rested":1,"item_purchase_floors":[4,8,14,14,14,20,20],"current_hp_per_floor":[64,64,64,64,64,64,64,64,64,64,64,64,64,64,64,52,70,56,50,50,50,37,10,32,20,20,20,6,6,0],"gold":333,"neow_bonus":"ONE_RANDOM_RARE_CARD","is_prod":false,"is_daily":false,"chose_seed":false,"campfire_upgraded":3,"win_rate":0.0,"timestamp":1563704669,"path_taken":["M","M","?","$","?","R","M","$","T","?","?","R","E","?","R","BOSS","M","M","$","?","?","E","R","M","T","?","M","?","?"],"build_version":"2019-07-17","purchased_purges":0,"victory":false,"max_hp_per_floor":[70,70,70,70,70,70,70,70,70,70,70,70,70,70,70,70,70,70,70,70,70,75,75,75,75,75,75,75,75,75],"card_choices":[{"not_picked":["Masterful Stab","Dagger Spray"],"picked":"Backflip","floor":1},{"not_picked":["Outmaneuver","Masterful Stab"],"picked":"Noxious Fumes","floor":2},{"not_picked":["Slice","Quick Slash"],"picked":"Leg Sweep","floor":7},{"not_picked":["Sucker Punch","Dagger Spray"],"picked":"Cloak And Dagger","floor":10},{"not_picked":["Dagger Throw","Blade Dance"],"picked":"Outmaneuver","floor":13},{"not_picked":["Malaise","Doppelganger"],"picked":"Envenom","floor":16},{"not_picked":["Flechettes","Acrobatics"],"picked":"Caltrops","floor":17},{"not_picked":["Heel Hook","Cloak And Dagger"],"picked":"Terror","floor":17},{"not_picked":["Quick Slash","Sucker Punch"],"picked":"Acrobatics","floor":17},{"not_picked":["Leg Sweep","Riddle With Holes"],"picked":"Accuracy","floor":17},{"not_picked":["Acrobatics","Underhanded Strike"],"picked":"Cloak And Dagger","floor":17},{"not_picked":["Masterful Stab","Dodge and Roll"],"picked":"Slice+1","floor":18},{"not_picked":["Slice+1","Underhanded Strike"],"picked":"Distraction+1","floor":19},{"not_picked":["Masterful Stab","Reflex+1"],"picked":"PiercingWail","floor":23},{"not_picked":["Grand Finale","Predator","Dagger Spray"],"picked":"Deflect","floor":25},{"not_picked":["Acrobatics+1","Flying Knee","Blade Dance+1"],"picked":"Dash","floor":28}],"player_experience":157630,"relics_obtained":[{"floor":9,"key":"FossilizedHelix"},{"floor":13,"key":"Blood Vial"},{"floor":23,"key":"Question Card"},{"floor":26,"key":"Lantern"},{"floor":27,"key":"Ancient Tea Set"}],"event_choices":[{"damage_healed":0,"gold_gain":0,"player_choice":"Ignored","damage_taken":0,"max_hp_gain":0,"max_hp_loss":0,"event_name":"Golden Idol","floor":3,"gold_loss":0},{"damage_healed":0,"gold_gain":0,"player_choice":"Trade","damage_taken":0,"relics_obtained":["SsserpentHead"],"max_hp_gain":0,"max_hp_loss":0,"event_name":"FaceTrader","floor":5,"gold_loss":0},{"damage_healed":0,"gold_gain":0,"player_choice":"Upgraded","damage_taken":0,"max_hp_gain":0,"max_hp_loss":0,"event_name":"Upgrade Shrine","floor":11,"gold_loss":0,"cards_upgraded":["Distraction"]},{"damage_healed":0,"gold_gain":0,"player_choice":"Obtained Relic","damage_taken":0,"relics_obtained":["Centennial Puzzle"],"max_hp_gain":0,"max_hp_loss":0,"event_name":"Addict","floor":21,"gold_loss":85},{"damage_healed":0,"gold_gain":0,"player_choice":"Shed Blood","damage_taken":18,"max_hp_gain":5,"max_hp_loss":0,"event_name":"Forgotten Altar","floor":22,"gold_loss":0},{"damage_healed":0,"gold_gain":0,"player_choice":"Ignored","damage_taken":0,"max_hp_gain":0,"max_hp_loss":0,"event_name":"Vampires","floor":29,"gold_loss":0},{"damage_healed":0,"gold_gain":0,"player_choice":"Fight","damage_taken":0,"max_hp_gain":0,"max_hp_loss":0,"event_name":"Colosseum","floor":30,"gold_loss":0}],"is_beta":false,"boss_relics":[{"not_picked":["Ectoplasm","Cursed Key"],"picked":"Orrery"}],"items_purged_floors":[],"is_endless":false,"potions_floor_spawned":[7,13,19,25,28],"killed_by":"Colosseum Slavers","ascension_level":0}