{"gold_per_floor":[219,48,48,24,24,24,40,99,99,110,136,148,148,168,168,242,242,256,268,268,62,62],"floor_reached":22,"playtime":1062,"items_purged":[],"score":405,"play_id":"8b1c3de7-924d-410b-8036-dbeace8d9208","local_time":"20190822131416","is_ascension_mode":true,"campfire_choices":[{"data":"Armaments","floor":6.0,"key":"SMITH"},{"floor":13.0,"key":"REST"},{"floor":15.0,"key":"REST"}],"neow_cost":"NONE","seed_source_timestamp":0,"circlet_count":0,"master_deck":["AscendersBane","Bash+1","Sword Boomerang","Armaments+1","Spot Weakness","Inflame+1","Infernal Blade","Brutality+1","Pummel","Pummel","Reaper","Bludgeon","Entrench","Berserk+1","Impervious","Thunderclap","Disarm","Second Wind","Combust+1","Demon Form+1","Cleave","Sword Boomerang","Ghostly Armor"],"special_seed":0,"relics":["Burning Blood","Happy Flower","Frozen Egg 2","Tiny Chest","Matryoshka","Nunchaku","Pandora\u0027s Box","Blood Vial"],"potions_floor_usage":[22,22],"damage_taken":[{"damage":11.0,"enemies":"Jaw Worm","floor":1.0,"turns":5.0},{"damage":0.0,"enemies":"Cultist","floor":7.0,"turns":3.0},{"damage":17.0,"enemies":"Lagavulin","floor":8.0,"turns":4.0},{"damage":10.0,"enemies":"Small Slimes","floor":10.0,"turns":3.0},{"damage":2.0,"enemies":"Gremlin Nob","floor":11.0,"turns":2.0},{"damage":37.0,"enemies":"Gremlin Gang","floor":12.0,"turns":4.0},{"damage":33.0,"enemies":"Lots of Slimes","floor":14.0,"turns":3.0},{"damage":30.0,"enemies":"The Guardian","floor":16.0,"turns":7.0},{"damage":18.0,"enemies":"Chosen","floor":18.0,"turns":5.0},{"damage":25.0,"enemies":"Spheric Guardian","floor":19.0,"turns":4.0},{"damage":25,"enemies":"Cultist and Chosen","floor":22,"turns":4}],"seed_played":"6019199987560157493","potions_obtained":[{"floor":1.0,"key":"Swift Potion"},{"floor":10.0,"key":"AttackPotion"},{"floor":16.0,"key":"Dexterity Potion"},{"floor":18.0,"key":"Energy Potion"}],"is_trial":false,"path_per_floor":["M","$","?","$","?","R","M","E","T","M","E","M","R","M","R","B",null,"M","M","?","$","M"],"character_chosen":"IRONCLAD","items_purchased":["Happy Flower","Armaments","Blood Vial","Ghostly Armor"],"campfire_rested":2,"item_purchase_floors":[2,4,21,21],"current_hp_per_floor":[63,63,63,63,63,63,69,58,58,54,58,27,49,22,44,20,61,62,43,22,22,0],"gold":62,"neow_bonus":"HUNDRED_GOLD","is_prod":false,"is_daily":false,"chose_seed":false,"campfire_upgraded":1,"win_rate":0,"timestamp":1566504856,"path_taken":["M","$","?","?","?","R","?","E","T","M","E","M","R","M","R","BOSS","M","?","?","$","M"],"build_version":"2019-07-17","purchased_purges":0,"victory":false,"max_hp_per_floor":[75,75,75,75,75,75,75,75,75,75,75,75,75,75,75,75,75,75,75,80,80,80],"card_choices":[{"not_picked":["Dual Wield","Shockwave"],"picked":"Sword Boomerang","floor":1.0},{"not_picked":["Corruption+1","Intimidate"],"picked":"Spot Weakness","floor":7.0},{"not_picked":["Perfected Strike","Seeing Red"],"picked":"Inflame+1","floor":8.0},{"not_picked":["Perfected Strike","Blood for Blood"],"picked":"Infernal Blade","floor":10.0},{"not_picked":["Perfected Strike","Rage"],"picked":"Brutality+1","floor":11.0},{"not_picked":["Wild Strike","Sword Boomerang"],"picked":"Pummel","floor":12.0},{"not_picked":["Intimidate","Clothesline"],"picked":"Pummel","floor":14.0},{"not_picked":["Double Tap","Immolate"],"picked":"Reaper","floor":16.0},{"not_picked":["Armaments","Flex"],"picked":"Cleave","floor":18.0},{"not_picked":["Warcry","Body Slam"],"picked":"Sword Boomerang","floor":19.0}],"player_experience":728418,"relics_obtained":[{"floor":8.0,"key":"Tiny Chest"},{"floor":9.0,"key":"Matryoshka"},{"floor":11.0,"key":"Nunchaku"}],"event_choices":[{"damage_healed":0.0,"max_hp_gain":0.0,"max_hp_loss":0.0,"gold_gain":0.0,"event_name":"Upgrade Shrine","player_choice":"Upgraded","floor":3.0,"gold_loss":0.0,"damage_taken":0.0,"cards_upgraded":["Bash"]},{"damage_healed":0.0,"max_hp_gain":0.0,"max_hp_loss":0.0,"gold_gain":0.0,"event_name":"WeMeetAgain","player_choice":"Gave Potion","floor":5.0,"gold_loss":0.0,"damage_taken":0.0,"relics_obtained":["Frozen Egg 2"]},{"damage_healed":0.0,"max_hp_gain":5.0,"max_hp_loss":0.0,"gold_gain":0.0,"event_name":"Forgotten Altar","player_choice":"Shed Blood","floor":20.0,"gold_loss":0.0,"damage_taken":26.0}],"is_beta":false,"boss_relics":[{"not_picked":["Snecko Eye","Runic Pyramid"],"picked":"Pandora\u0027s Box"}],"items_purged_floors":[],"is_endless":false,"potions_floor_spawned":[1,10,16,18],"killed_by":"Cultist and Chosen","ascension_level":17}