{"gold_per_floor":[213,28,40,58,72,72,106,116,116,116,147,147,157,3,3,101,101,115,115,129,146,46,46,73,73,73,73,73,73,85,419,419,518,518,532,532,532,532,551,551,565,440,440,459,470,481,481,165,165,165],"floor_reached":50,"playtime":9020,"items_purged":["Strike_G","Strike_G","Normality","Injury"],"score":680,"play_id":"c52cf383-6bef-4e71-999b-43614a75a9ed","local_time":"20181014120335","is_ascension_mode":true,"campfire_choices":[{"data":"Apotheosis","floor":6,"key":"SMITH"},{"data":"Infinite Blades","floor":10,"key":"SMITH"},{"data":"Neutralize","floor":15,"key":"SMITH"},{"data":"Tools of the Trade","floor":23,"key":"SMITH"},{"data":"Eviscerate","floor":25,"key":"SMITH"},{"data":"Prepared","floor":27,"key":"SMITH"},{"data":"Calculated Gamble","floor":29,"key":"SMITH"},{"data":"Calculated Gamble","floor":32,"key":"SMITH"},{"data":"Prepared","floor":40,"key":"SMITH"},{"data":"Adrenaline","floor":47,"key":"SMITH"},{"data":"Mind Blast","floor":49,"key":"SMITH"}],"neow_cost":"NONE","seed_source_timestamp":309037498664700,"circlet_count":0,"master_deck":["Defend_G","Defend_G","Defend_G","Defend_G","Defend_G","Strike_G","Survivor","Neutralize+1","Prepared+1","Apotheosis+1","Calculated Gamble+1","Deflect","Infinite Blades+1","PiercingWail","Eviscerate+1","Acrobatics","Venomology","Tools of the Trade+1","Footwork+1","Dagger Throw+1","Calculated Gamble+1","Setup+1","Adrenaline+1","Clumsy","Writhe","Dark Shackles","Master of Strategy","Prepared+1","Dagger Throw","Mind Blast+1"],"special_seed":0,"relics":["Ring of the Snake","Thread and Needle","Letter Opener","Oddly Smooth Stone","Mummified Hand","Pantograph","Old Coin","Calling Bell","Potion Belt","Meat on the Bone","Unceasing Top","Matryoshka"],"potions_floor_usage":[7,16,16,20,20,24,24,31,33,33,33,44,45,45,45,50,50,50,50,50,50],"damage_taken":[{"damage":0.0,"enemies":"Cultist","floor":1.0,"turns":4.0},{"damage":0.0,"enemies":"Jaw Worm","floor":3.0,"turns":4.0},{"damage":5,"enemies":"2 Louse","floor":4,"turns":4},{"damage":0,"enemies":"Blue Slaver","floor":5,"turns":5},{"damage":16,"enemies":"3 Sentries","floor":7,"turns":10},{"damage":0,"enemies":"Red Slaver","floor":8,"turns":4},{"damage":2,"enemies":"Lagavulin","floor":11,"turns":8},{"damage":0,"enemies":"Exordium Thugs","floor":13,"turns":5},{"damage":0,"enemies":"Hexaghost","floor":16,"turns":10},{"damage":0,"enemies":"Shell Parasite","floor":18,"turns":7},{"damage":5,"enemies":"Chosen","floor":20,"turns":6},{"damage":0,"enemies":"Centurion and Healer","floor":21,"turns":7},{"damage":14,"enemies":"Book of Stabbing","floor":24,"turns":5},{"damage":0,"enemies":"Cultist and Chosen","floor":30,"turns":5},{"damage":0,"enemies":"Gremlin Leader","floor":31,"turns":9},{"damage":19,"enemies":"Automaton","floor":33,"turns":14},{"damage":39,"enemies":"3 Darklings","floor":35,"turns":5},{"damage":2,"enemies":"Orb Walker","floor":39,"turns":5},{"damage":21,"enemies":"Reptomancer","floor":41,"turns":7},{"damage":0,"enemies":"Transient","floor":44,"turns":5},{"damage":14,"enemies":"Spire Growth","floor":45,"turns":7},{"damage":1,"enemies":"3 Darklings","floor":46,"turns":4},{"damage":72,"enemies":"Awakened One","floor":50,"turns":23}],"seed_played":"4303965277001368283","potions_obtained":[{"floor":1.0,"key":"Fire Potion"},{"floor":3,"key":"Weak Potion"},{"floor":7,"key":"Weak Potion"},{"floor":8,"key":"LiquidBronze"},{"floor":20,"key":"Weak Potion"},{"floor":21,"key":"Regen Potion"},{"floor":30,"key":"Swift Potion"},{"floor":39,"key":"LiquidBronze"},{"floor":44,"key":"FearPotion"}],"is_trial":false,"path_per_floor":["M","$","M","M","M","R","E","M","T","R","E","?","M","$","R","B",null,"M","?","M","M","$","R","E","R","T","R","?","R","M","E","R","B",null,"M","?","?","?","M","R","M","$","T","M","M","M","R","$","R"],"character_chosen":"THE_SILENT","items_purchased":["Apotheosis","Venomology","Mind Blast","EssenceOfSteel"],"campfire_rested":0,"item_purchase_floors":[2,14,48,48],"current_hp_per_floor":[70,70,70,65,65,65,49,49,49,49,47,40,40,40,40,40,70,70,70,65,65,65,65,60,60,60,60,60,60,60,60,60,66,70,43,61,56,56,54,54,45,45,45,45,43,42,42,42,42,0],"gold":165,"neow_bonus":"HUNDRED_GOLD","is_prod":false,"is_daily":false,"chose_seed":false,"campfire_upgraded":11,"win_rate":0,"timestamp":1539489815,"path_taken":["M","$","M","M","M","R","E","?","T","R","E","?","M","$","R","BOSS","M","?","M","M","$","R","E","R","T","R","?","R","M","E","R","BOSS","M","?","?","?","M","R","M","$","T","M","M","M","R","$","R","BOSS"],"build_version":"2018-10-11","purchased_purges":4,"victory":false,"max_hp_per_floor":[70,70,70,70,70,70,70,70,70,70,70,70,70,70,70,70,70,70,70,70,70,70,70,70,70,70,70,70,70,70,70,70,70,70,70,70,70,70,70,70,70,70,70,70,70,70,70,70,70,70],"card_choices":[{"not_picked":["Expertise","Dash"],"picked":"Prepared","floor":1.0},{"not_picked":["Deadly Poison","Acrobatics"],"picked":"Calculated Gamble","floor":3},{"not_picked":["Endless Agony","Poisoned Stab"],"picked":"Deflect","floor":4},{"not_picked":["Dash","Outmaneuver","Footwork"],"picked":"SKIP","floor":5},{"not_picked":["Dagger Throw","After Image"],"picked":"Infinite Blades","floor":7},{"not_picked":["Outmaneuver","Skewer"],"picked":"PiercingWail","floor":8},{"not_picked":["Poisoned Stab","Choke"],"picked":"Eviscerate","floor":11},{"not_picked":["Dodge and Roll","PiercingWail"],"picked":"Acrobatics","floor":13},{"not_picked":["After Image","Bullet Time"],"picked":"Tools of the Trade","floor":16},{"not_picked":["Sucker Punch","Backstab"],"picked":"Footwork+1","floor":18},{"not_picked":["Dodge and Roll","Dash"],"picked":"Dagger Throw+1","floor":20},{"not_picked":["Finisher","Accuracy+1","Masterful Stab"],"picked":"SKIP","floor":21},{"not_picked":["Well Laid Plans","Backflip"],"picked":"Calculated Gamble","floor":24},{"not_picked":["Slice","Skewer+1","Flying Knee"],"picked":"SKIP","floor":30},{"not_picked":["Backflip","Masterful Stab"],"picked":"Setup+1","floor":31},{"not_picked":["Malaise","Venomology"],"picked":"Adrenaline","floor":33},{"not_picked":["Deflect+1","Slice","Dodge and Roll"],"picked":"SKIP","floor":35},{"not_picked":["Good Instincts","Forethought"],"picked":"Dark Shackles","floor":37},{"not_picked":["Dark Shackles","Mind Blast"],"picked":"Master of Strategy","floor":37},{"not_picked":["Slice+1","Finisher+1"],"picked":"Prepared","floor":39},{"not_picked":["Masterful Stab","Deflect","Bane+1"],"picked":"SKIP","floor":41},{"not_picked":["Deadly Poison","Quick Slash","Cloak And Dagger"],"picked":"SKIP","floor":44},{"not_picked":["Dash","Catalyst"],"picked":"Dagger Throw","floor":45},{"not_picked":["Distraction","Dodge and Roll","Slice"],"picked":"SKIP","floor":46}],"player_experience":400372,"relics_obtained":[{"floor":7,"key":"Thread and Needle"},{"floor":9,"key":"Letter Opener"},{"floor":11,"key":"Oddly Smooth Stone"},{"floor":24,"key":"Mummified Hand"},{"floor":26,"key":"Pantograph"},{"floor":31,"key":"Old Coin"},{"floor":34,"key":"Potion Belt"},{"floor":34,"key":"Meat on the Bone"},{"floor":34,"key":"Unceasing Top"},{"floor":43,"key":"Matryoshka"}],"event_choices":[{"event_name":"Golden Wing","player_choice":"Card Removal","floor":12,"damage_taken":0},{"event_name":"Vampires","player_choice":"Ignored","floor":19,"damage_taken":0},{"event_name":"Beggar","player_choice":"Ignored","floor":28,"damage_taken":0},{"event_name":"Winding Halls","player_choice":"Writhe","floor":36,"damage_taken":0},{"event_name":"SensoryStone","player_choice":"Memory 2","floor":37,"damage_taken":0},{"event_name":"Falling","player_choice":"Removed Attack","floor":38,"damage_taken":0}],"is_beta":false,"boss_relics":[{"not_picked":["Sozu","Philosopher\u0027s Stone","HoveringKite"]},{"not_picked":["Busted Crown","Fusion Hammer"],"picked":"Calling Bell"}],"items_purged_floors":[14,22,42,48],"is_endless":false,"potions_floor_spawned":[1,3,7,8,20,21,30,39,44],"killed_by":"Awakened One","ascension_level":4}