{"gold_per_floor":[119,69,83,158,222,222,234,246,246,246,278,135,135],"floor_reached":13,"playtime":656,"items_purged":[],"score":87,"play_id":"7a06efd6-09fa-466a-99dc-0da934bf86fc","local_time":"20190725182913","is_ascension_mode":true,"campfire_choices":[{"data":"Armaments","floor":6,"key":"SMITH"}],"neow_cost":"NONE","seed_source_timestamp":12600133970862,"circlet_count":0,"master_deck":["Strike_R","Strike_R","Strike_R","Strike_R","Strike_R","Defend_R","Defend_R+1","Defend_R","Defend_R","Bash+1","Burning Pact","Armaments+1","Dual Wield+1","Headbutt","Berserk","Searing Blow","Anger","Warcry","Body Slam"],"special_seed":0,"relics":["Burning Blood","Potion Belt","Pantograph"],"potions_floor_usage":[],"damage_taken":[{"damage":3.0,"enemies":"Jaw Worm","floor":1.0,"turns":4.0},{"damage":2,"enemies":"Small Slimes","floor":3,"turns":4},{"damage":5,"enemies":"2 Louse","floor":7,"turns":3},{"damage":10,"enemies":"Looter","floor":8,"turns":4},{"damage":42,"enemies":"Gremlin Nob","floor":11,"turns":4},{"damage":18,"enemies":"Lagavulin","floor":13,"turns":5}],"seed_played":"348423818255561492","potions_obtained":[{"floor":1.0,"key":"Regen Potion"}],"is_trial":false,"path_per_floor":["M","$","M","?","?","R","M","M","T","?","E","$","E"],"character_chosen":"IRONCLAD","items_purchased":["Armaments","Anger","Warcry","Body Slam"],"campfire_rested":0,"item_purchase_floors":[2,12,12,12],"current_hp_per_floor":[80,80,80,69,69,69,70,66,66,50,14,14,0],"gold":135,"neow_bonus":"UPGRADE_CARD","is_prod":false,"is_daily":false,"chose_seed":false,"campfire_upgraded":1,"win_rate":0,"timestamp":1564072153,"path_taken":["M","$","M","?","?","R","M","M","T","?","E","$","E"],"build_version":"2019-07-17","purchased_purges":0,"victory":false,"max_hp_per_floor":[80,80,80,80,80,80,80,80,80,80,80,80,80],"card_choices":[{"not_picked":["Perfected Strike","Power Through"],"picked":"Burning Pact","floor":1.0},{"not_picked":["Flame Barrier","Feel No Pain"],"picked":"Dual Wield","floor":3},{"not_picked":["Whirlwind","Thunderclap"],"picked":"Headbutt","floor":7},{"not_picked":["Second Wind","Entrench"],"picked":"Berserk","floor":8},{"not_picked":["Sword Boomerang","Perfected Strike"],"picked":"Searing Blow","floor":11}],"player_experience":217965,"relics_obtained":[{"floor":9,"key":"Potion Belt"},{"floor":11,"key":"Pantograph"}],"event_choices":[{"damage_healed":0,"gold_gain":75,"player_choice":"Gather Gold","damage_taken":11,"max_hp_gain":0,"max_hp_loss":0,"event_name":"World of Goop","floor":4,"gold_loss":0},{"damage_healed":0,"gold_gain":64,"player_choice":"Gained Gold","damage_taken":0,"max_hp_gain":0,"max_hp_loss":0,"event_name":"Golden Wing","floor":5,"gold_loss":0},{"damage_healed":0,"gold_gain":0,"player_choice":"Entered Light","damage_taken":16,"max_hp_gain":0,"max_hp_loss":0,"event_name":"Shining Light","floor":10,"gold_loss":0,"cards_upgraded":["Defend_R","Dual Wield"]}],"is_beta":false,"boss_relics":[],"items_purged_floors":[],"is_endless":false,"potions_floor_spawned":[1],"killed_by":"Lagavulin","ascension_level":1}