{"gold_per_floor":[118,137,153,169,12,12,12,25,25,25,25,25,25,100,100,179,179,195,195,195,208,223,223,249,249,302,321,321],"floor_reached":28,"playtime":1160,"items_purged":[],"score":447,"play_id":"54d3694f-38d7-4ffd-99d4-c600303f79ad","local_time":"20190822125110","is_ascension_mode":true,"campfire_choices":[{"data":"Wild Strike","floor":6,"key":"SMITH"},{"data":"Bash","floor":11,"key":"SMITH"},{"floor":13,"key":"RECALL"},{"floor":15,"key":"REST"},{"floor":23,"key":"REST"}],"neow_cost":"NONE","seed_source_timestamp":8280735712435,"circlet_count":0,"master_deck":["AscendersBane","Defend_R","Defend_R","Defend_R","Defend_R","Bash+1","Twin Strike","Pommel Strike","Shrug It Off","Infernal Blade+1","Wild Strike+1","Offering","Fiend Fire","Pummel+1","Bite","Bite","Bite","Bite","Bite","Headbutt+1","Clothesline","Limit Break","Decay","Evolve"],"relics":["Burning Blood","Bronze Scales","Cursed Key","Enchiridion","Dream Catcher","Tiny Chest"],"potions_floor_usage":[4,16,21,24,28,28],"damage_taken":[{"damage":1,"enemies":"Cultist","floor":1,"turns":3},{"damage":7,"enemies":"Small Slimes","floor":2,"turns":3},{"damage":14,"enemies":"Jaw Worm","floor":3,"turns":4},{"damage":19,"enemies":"Exordium Wildlife","floor":4,"turns":5},{"damage":5,"enemies":"2 Fungi Beasts","floor":8,"turns":3},{"damage":42,"enemies":"Hexaghost","floor":16,"turns":7},{"damage":14,"enemies":"3 Byrds","floor":18,"turns":3},{"damage":0,"enemies":"Chosen","floor":21,"turns":3},{"damage":30,"enemies":"Snake Plant","floor":22,"turns":3},{"damage":39,"enemies":"Gremlin Leader","floor":24,"turns":5},{"damage":30,"enemies":"Shelled Parasite and Fungi","floor":27,"turns":3},{"damage":39,"enemies":"Centurion and Healer","floor":28,"turns":5}],"seed_played":"-5306540878395505960","potions_obtained":[{"floor":2,"key":"FearPotion"},{"floor":3,"key":"Fire Potion"},{"floor":8,"key":"PowerPotion"},{"floor":22,"key":"Block Potion"},{"floor":24,"key":"LiquidBronze"},{"floor":27,"key":"Energy Potion"}],"is_trial":false,"path_per_floor":["M","M","M","M","$","R","?","M","T","?","R","$","R","?","R","B",null,"M","?","?","M","M","R","E","?","T","M","M"],"character_chosen":"IRONCLAD","items_purchased":["Bronze Scales"],"campfire_rested":2,"item_purchase_floors":[5],"current_hp_per_floor":[73,72,64,51,51,51,56,57,57,57,57,57,57,46,70,34,69,61,56,35,49,35,51,38,38,38,24,0],"gold":321,"neow_bonus":"THREE_CARDS","is_prod":false,"is_daily":false,"chose_seed":false,"campfire_upgraded":2,"win_rate":0,"timestamp":1566503470,"path_taken":["M","M","M","?","$","R","?","M","T","?","R","?","R","?","R","BOSS","M","?","?","M","M","R","E","?","T","?","?"],"build_version":"2019-07-17","purchased_purges":0,"victory":false,"max_hp_per_floor":[75,75,75,75,75,75,80,80,80,80,80,80,80,80,80,80,80,80,56,56,56,56,56,56,56,56,56,56],"card_choices":[{"not_picked":["Clothesline","Evolve"],"picked":"Twin Strike","floor":0},{"not_picked":["Iron Wave","Shockwave"],"picked":"Pommel Strike","floor":1},{"not_picked":["Twin Strike","Entrench"],"picked":"Shrug It Off","floor":2},{"not_picked":["Sever Soul","Disarm"],"picked":"Infernal Blade","floor":3},{"not_picked":["Anger","Sword Boomerang"],"picked":"Wild Strike","floor":4},{"not_picked":["Clash","Perfected Strike"],"picked":"Offering","floor":8},{"not_picked":["Juggernaut","Bludgeon"],"picked":"Fiend Fire","floor":16},{"not_picked":["Anger+1","Sword Boomerang+1"],"picked":"Pummel+1","floor":18},{"not_picked":["Dual Wield","Corruption"],"picked":"Headbutt+1","floor":21},{"not_picked":["Warcry","Headbutt"],"picked":"Clothesline","floor":22},{"not_picked":["Body Slam","Clash"],"picked":"Limit Break","floor":24},{"not_picked":["Fire Breathing+1","Twin Strike+1"],"picked":"Evolve","floor":27}],"player_experience":727258,"relics_obtained":[{"floor":20,"key":"Enchiridion"},{"floor":24,"key":"Dream Catcher"},{"floor":26,"key":"Tiny Chest"}],"event_choices":[{"damage_healed":0,"gold_gain":0,"player_choice":"Donut","damage_taken":0,"max_hp_gain":5,"max_hp_loss":0,"event_name":"Big Fish","floor":7,"gold_loss":0},{"damage_healed":0,"gold_gain":0,"player_choice":"Grow","damage_taken":0,"max_hp_gain":0,"max_hp_loss":0,"event_name":"Living Wall","floor":10,"gold_loss":0,"cards_upgraded":["Infernal Blade"]},{"damage_healed":0,"gold_gain":75,"player_choice":"Gather Gold","damage_taken":11,"max_hp_gain":0,"max_hp_loss":0,"event_name":"World of Goop","floor":14,"gold_loss":0},{"damage_healed":0,"gold_gain":0,"player_choice":"Became a vampire","damage_taken":0,"max_hp_gain":0,"max_hp_loss":24,"event_name":"Vampires","floor":19,"gold_loss":0,"cards_obtained":["Bite","Bite","Bite","Bite","Bite"]},{"damage_healed":0,"gold_gain":0,"player_choice":"Obtained Book","damage_taken":21,"max_hp_gain":0,"max_hp_loss":0,"event_name":"Cursed Tome","floor":20,"gold_loss":0},{"damage_healed":0,"gold_gain":0,"player_choice":"Leave","damage_taken":0,"max_hp_gain":0,"max_hp_loss":0,"event_name":"FaceTrader","floor":25,"gold_loss":0}],"is_beta":false,"boss_relics":[{"not_picked":["Empty Cage","Sozu"],"picked":"Cursed Key"}],"items_purged_floors":[],"is_endless":false,"potions_floor_spawned":[2,3,8,22,24,27],"killed_by":"Centurion and Healer","ascension_level":17}