{"gold_per_floor":[11,27,27,27,27,61,86,86,86,86,86],"floor_reached":11,"playtime":338,"items_purged":[],"score":142,"play_id":"4435e7bb-1092-4ba9-a334-56873fad67e9","local_time":"20190822103514","is_ascension_mode":true,"campfire_choices":[{"floor":8.0,"key":"REST"}],"neow_cost":"NO_GOLD","seed_source_timestamp":1091041557042012,"circlet_count":0,"master_deck":["AscendersBane","Strike_B","Strike_B","Strike_B","Strike_B","Defend_B","Defend_B","Defend_B","Defend_B","Zap","Dualcast","Buffer","Go for the Eyes","Ball Lightning","Self Repair","Gash"],"special_seed":0,"relics":["Cracked Core","Golden Idol","Peace Pipe","Singing Bowl"],"potions_floor_usage":[],"damage_taken":[{"damage":0.0,"enemies":"Jaw Worm","floor":1.0,"turns":3.0},{"damage":0.0,"enemies":"Small Slimes","floor":2.0,"turns":3.0},{"damage":40.0,"enemies":"3 Sentries","floor":6.0,"turns":8.0},{"damage":0.0,"enemies":"2 Louse","floor":7.0,"turns":2.0},{"damage":50,"enemies":"Gremlin Nob","floor":11,"turns":4}],"seed_played":"-2382911603622821877","potions_obtained":[{"floor":6.0,"key":"Energy Potion"}],"is_trial":false,"path_per_floor":["M","M","?","?","$","E","M","R","T","$","E"],"character_chosen":"DEFECT","items_purchased":[],"campfire_rested":1,"item_purchase_floors":[],"current_hp_per_floor":[64,64,64,57,57,17,17,38,38,38,0],"gold":86,"neow_bonus":"THREE_RARE_CARDS","is_prod":false,"is_daily":false,"chose_seed":false,"campfire_upgraded":0,"win_rate":0,"timestamp":1566484514,"path_taken":["M","M","?","?","?","E","M","R","T","$","E"],"build_version":"2019-07-17","purchased_purges":0,"victory":false,"max_hp_per_floor":[71,71,71,71,71,71,71,71,71,71,71],"card_choices":[{"not_picked":["All For One","Biased Cognition"],"picked":"Buffer","floor":0.0},{"not_picked":["Rebound","Beam Cell"],"picked":"Go for the Eyes","floor":1.0},{"not_picked":["Coolheaded","Hologram"],"picked":"Ball Lightning","floor":2.0},{"not_picked":["Cold Snap","Hello World"],"picked":"Self Repair","floor":6.0},{"not_picked":["Consume","Sweeping Beam"],"picked":"Gash","floor":7.0}],"player_experience":1092931,"relics_obtained":[{"floor":6.0,"key":"Peace Pipe"},{"floor":9.0,"key":"Singing Bowl"}],"event_choices":[{"damage_healed":0.0,"max_hp_gain":0.0,"max_hp_loss":0.0,"gold_gain":0.0,"event_name":"Golden Idol","player_choice":"Take Wound","floor":3.0,"gold_loss":0.0,"damage_taken":0.0,"relics_obtained":["Golden Idol"],"cards_obtained":["Injury"]},{"cards_removed":["Injury"],"damage_healed":0.0,"max_hp_gain":0.0,"max_hp_loss":0.0,"gold_gain":0.0,"event_name":"Golden Wing","player_choice":"Card Removal","floor":4.0,"gold_loss":0.0,"damage_taken":7.0}],"is_beta":false,"boss_relics":[],"items_purged_floors":[],"is_endless":false,"potions_floor_spawned":[6],"killed_by":"Gremlin Nob","ascension_level":20}