{"gold_per_floor":[115,133,133,133,147,147,185,205,278,278,145,163,183,4,4,124,124,124],"floor_reached":18,"playtime":1940,"items_purged":["Strike_G"],"score":178,"play_id":"dac7d98a-1bfb-4e13-a3a1-eb9d65b5a4c9","local_time":"20180730204014","is_ascension_mode":true,"campfire_choices":[{"floor":6,"key":"REST"},{"floor":10,"key":"REST"},{"data":"Apotheosis","floor":15,"key":"SMITH"}],"neow_cost":"FIFTY_PERCENT_DAMAGE","seed_source_timestamp":709797269544317,"circlet_count":0,"master_deck":["Defend_G","Defend_G","Defend_G","Defend_G","Defend_G","Strike_G","Strike_G","Strike_G","Strike_G","Survivor","Neutralize","Flechettes","Acrobatics","Injury","Dodge and Roll","Good Instincts","Prepared","Backflip","Apotheosis+1","Dagger Throw","Storm of Steel","Injury","Writhe","Clumsy"],"relics":["Ring of the Snake","Tingsha","Golden Idol","StoneCalendar","The Courier","Calling Bell","Ancient Tea Set","Kunai","Peace Pipe"],"potions_floor_usage":[7,16],"damage_taken":[{"damage":5,"enemies":"Small Slimes","floor":1,"turns":6},{"damage":0,"enemies":"2 Louse","floor":2,"turns":4},{"damage":0,"enemies":"Cultist","floor":5,"turns":4},{"damage":21,"enemies":"3 Sentries","floor":7,"turns":13},{"damage":0,"enemies":"Looter","floor":8,"turns":4},{"damage":4,"enemies":"Blue Slaver","floor":12,"turns":4},{"damage":15,"enemies":"Exordium Thugs","floor":13,"turns":7},{"damage":28,"enemies":"Slime Boss","floor":16,"turns":7},{"damage":10,"enemies":"Shell Parasite","floor":18,"turns":5}],"seed_played":"3870795958573732639","potions_obtained":[{"floor":5,"key":"SkillPotion"},{"floor":13,"key":"PowerPotion"}],"is_trial":false,"path_per_floor":["M","M","?","?","M","R","E","M","T","R","$","M","M","$","R","B",null],"character_chosen":"THE_SILENT","items_purchased":["Good Instincts","Apotheosis","Dagger Throw"],"campfire_rested":2,"item_purchase_floors":[11,14,14],"current_hp_per_floor":[30,30,30,30,30,51,30,30,30,51,51,47,32,32,32,4,70,60],"gold":124,"neow_bonus":"ONE_RARE_RELIC","is_prod":false,"is_daily":false,"chose_seed":false,"campfire_upgraded":1,"win_rate":0,"timestamp":1532954414,"path_taken":["M","M","?","?","M","R","E","M","T","R","?","M","?","$","R","BOSS","M"],"build_version":"2018-07-26","purchased_purges":1,"victory":false,"max_hp_per_floor":[70,70,70,70,70,70,70,70,70,70,70,70,70,70,70,70,70,70],"card_choices":[{"not_picked":["Sucker Punch","Poisoned Stab"],"picked":"Flechettes","floor":1},{"not_picked":["Caltrops","Sucker Punch"],"picked":"Acrobatics","floor":2},{"not_picked":["Deadly Poison","Poisoned Stab","Acrobatics"],"picked":"SKIP","floor":5},{"not_picked":["Deadly Poison","Poisoned Stab"],"picked":"Dodge and Roll","floor":7},{"not_picked":["Crippling Poison","Dagger Spray","Reflex"],"picked":"SKIP","floor":8},{"not_picked":["Infinite Blades","Crippling Poison"],"picked":"Prepared","floor":12},{"not_picked":["Riddle With Holes","A Thousand Cuts"],"picked":"Backflip","floor":13},{"not_picked":["Burst","Die Die Die"],"picked":"Storm of Steel","floor":16}],"player_experience":84801,"relics_obtained":[{"floor":7,"key":"StoneCalendar"},{"floor":9,"key":"The Courier"},{"floor":17,"key":"Ancient Tea Set"},{"floor":17,"key":"Kunai"},{"floor":17,"key":"Peace Pipe"}],"event_choices":[{"event_name":"Golden Idol","player_choice":"Take Wound","floor":3,"damage_taken":0},{"event_name":"Shining Light","player_choice":"Ignored","floor":4,"damage_taken":0}],"is_beta":false,"boss_relics":[{"not_picked":["White Beast Statue","Black Star"],"picked":"Calling Bell"}],"items_purged_floors":[11],"is_endless":false,"potions_floor_spawned":[5,13],"killed_by":"Shell Parasite","ascension_level":2}