{"gold_per_floor":[113,113,132,132,142,142,167,167,192,222,236,236],"floor_reached":12,"playtime":1060,"items_purged":[],"score":92,"play_id":"f985ed2f-0b39-4516-a593-94b8b5a1352d","local_time":"20190810132444","is_ascension_mode":true,"campfire_choices":[{"floor":6.0,"key":"RECALL"},{"floor":8.0,"key":"REST"}],"neow_cost":"NONE","seed_source_timestamp":19353296181571,"circlet_count":0,"master_deck":["Strike_G","Strike_G","Strike_G","Strike_G","Strike_G","Defend_G","Defend_G","Defend_G","Defend_G","Defend_G","Survivor","Neutralize","Bouncing Flask","Outmaneuver","Regret","Backflip","Bouncing Flask","Slice","Bouncing Flask"],"special_seed":0,"relics":["Ring of the Snake","Art of War","Darkstone Periapt","Tough Bandages","Ancient Tea Set"],"potions_floor_usage":[12,12,12],"damage_taken":[{"damage":0.0,"enemies":"2 Louse","floor":1.0,"turns":4.0},{"damage":5.0,"enemies":"Jaw Worm","floor":3.0,"turns":5.0},{"damage":5.0,"enemies":"Small Slimes","floor":5.0,"turns":4.0},{"damage":28.0,"enemies":"Lagavulin","floor":7.0,"turns":7.0},{"damage":25.0,"enemies":"3 Sentries","floor":10.0,"turns":9.0},{"damage":8,"enemies":"Red Slaver","floor":11,"turns":5},{"damage":36,"enemies":"Lagavulin","floor":12,"turns":8}],"seed_played":"7044571150157577630","potions_obtained":[{"floor":1.0,"key":"Ancient Potion"},{"floor":7.0,"key":"PowerPotion"},{"floor":10,"key":"Strength Potion"}],"is_trial":false,"path_per_floor":["M","?","M","?","M","R","E","R","T","E","M","E"],"character_chosen":"THE_SILENT","items_purchased":[],"campfire_rested":1,"item_purchase_floors":[],"current_hp_per_floor":[77,74,69,75,70,70,42,66,66,41,33,0],"gold":236,"neow_bonus":"TEN_PERCENT_HP_BONUS","is_prod":false,"is_daily":false,"chose_seed":false,"campfire_upgraded":0,"win_rate":0,"timestamp":1565436284,"path_taken":["M","?","M","?","M","R","E","R","T","E","M","E"],"build_version":"2019-07-17","purchased_purges":0,"victory":false,"max_hp_per_floor":[77,77,77,83,83,83,83,83,83,83,83,83],"card_choices":[{"not_picked":["Endless Agony","Blade Dance"],"picked":"Bouncing Flask","floor":1.0},{"not_picked":["Dodge and Roll","Sucker Punch"],"picked":"Outmaneuver","floor":3.0},{"not_picked":["Flechettes","Acrobatics"],"picked":"Backflip","floor":5.0},{"not_picked":["Quick Slash","Adrenaline"],"picked":"Bouncing Flask","floor":7.0},{"not_picked":["Quick Slash","Flying Knee"],"picked":"Slice","floor":10},{"not_picked":["Concentrate","Sucker Punch"],"picked":"Bouncing Flask","floor":11}],"player_experience":346793,"relics_obtained":[{"floor":7.0,"key":"Tough Bandages"},{"floor":10,"key":"Ancient Tea Set"}],"event_choices":[{"damage_healed":0.0,"max_hp_gain":0.0,"max_hp_loss":0.0,"gold_gain":0.0,"event_name":"Scrap Ooze","player_choice":"Success","floor":2.0,"gold_loss":0.0,"damage_taken":3.0,"relics_obtained":["Art of War"]},{"damage_healed":0.0,"max_hp_gain":0.0,"max_hp_loss":0.0,"gold_gain":0.0,"event_name":"Big Fish","player_choice":"Box","floor":4.0,"gold_loss":0.0,"damage_taken":0.0,"relics_obtained":["Darkstone Periapt"],"cards_obtained":["Regret"]}],"is_beta":false,"boss_relics":[],"items_purged_floors":[],"is_endless":false,"potions_floor_spawned":[1,7,10,11],"killed_by":"Lagavulin","ascension_level":1}