{"gold_per_floor":[115,115,40,40,40,75,25,25,52,67,67,105,66,87,87,208,208,226,226,37,37,37,37,71,71,71,91,111,111,19,37,37,37],"floor_reached":33,"playtime":2308,"items_purged":["Strike_G","Defend_G"],"score":323,"play_id":"5c3f9080-76cd-4442-ba7f-83e14c4348c2","local_time":"20181024214850","is_ascension_mode":true,"campfire_choices":[{"floor":8,"key":"REST"},{"floor":11,"key":"REST"},{"data":"Infinite Blades","floor":15,"key":"SMITH"},{"data":"Dark Shackles","floor":23,"key":"SMITH"},{"floor":25,"key":"REST"},{"floor":32,"key":"REST"}],"neow_cost":"NONE","seed_source_timestamp":1214888423447100,"circlet_count":0,"master_deck":["Defend_G","Defend_G","Defend_G","Defend_G","Strike_G","Strike_G","Strike_G","Strike_G","Survivor+1","Neutralize+1","Finisher","Slice","PiercingWail","Expertise","Concentrate","Infinite Blades+1","Venomology+1","Dark Shackles+1","Slice+1","Endless Agony","Acrobatics","Slice"],"relics":["Ring of the Snake","Golden Idol","Lantern","Vajra","Juzu Bracelet","MutagenicStrength","Art of War","Bottled Tornado","Nilry\u0027s Codex"],"potions_floor_usage":[6,18,18,24,24,28,28,33,33],"damage_taken":[{"damage":0,"enemies":"Small Slimes","floor":1,"turns":3},{"damage":20,"enemies":"Lagavulin","floor":6,"turns":9},{"damage":0,"enemies":"Cultist","floor":10,"turns":4},{"damage":10,"enemies":"3 Sentries","floor":12,"turns":8},{"damage":2,"enemies":"2 Louse","floor":14,"turns":2},{"damage":36,"enemies":"Slime Boss","floor":16,"turns":12},{"damage":21,"enemies":"2 Thieves","floor":18,"turns":5},{"damage":0,"enemies":"Colosseum Slavers","floor":22,"turns":4},{"damage":28,"enemies":"Book of Stabbing","floor":24,"turns":7},{"damage":0,"enemies":"Chosen","floor":27,"turns":4},{"damage":9,"enemies":"Shelled Parasite and Fungi","floor":28,"turns":4},{"damage":16,"enemies":"Snecko","floor":31,"turns":6},{"damage":105,"enemies":"Automaton","floor":33,"turns":10}],"seed_played":"1428965610145465810","potions_obtained":[{"floor":1,"key":"AttackPotion"},{"floor":14,"key":"SteroidPotion"},{"floor":16,"key":"SpeedPotion"},{"floor":24,"key":"Poison Potion"},{"floor":27,"key":"LiquidBronze"}],"is_trial":false,"path_per_floor":["M","?","$","?","?","E","$","R","T","M","R","E","?","M","R","B",null,"M","?","$","?","?","R","E","R","T","M","M","?","$","M","R"],"character_chosen":"THE_SILENT","items_purchased":["PiercingWail","Dark Shackles","Acrobatics","Slice"],"campfire_rested":4,"item_purchase_floors":[7,20,30,30],"current_hp_per_floor":[77,62,62,43,43,23,23,46,46,46,69,59,59,57,57,21,77,56,56,56,56,56,56,28,51,51,51,54,38,38,22,45,0],"gold":37,"neow_bonus":"TEN_PERCENT_HP_BONUS","is_prod":false,"is_daily":false,"chose_seed":false,"campfire_upgraded":2,"win_rate":0,"timestamp":1540388930,"path_taken":["M","?","$","?","?","E","$","R","T","M","R","E","?","M","R","BOSS","M","?","$","?","?","R","E","R","T","M","M","?","?","M","R","BOSS"],"build_version":"2018-10-18","purchased_purges":2,"victory":false,"max_hp_per_floor":[77,77,77,77,77,77,77,77,77,77,77,77,77,77,77,77,77,77,77,77,77,77,77,77,77,77,77,77,77,77,77,77,77],"card_choices":[{"not_picked":["Reflex","Bane"],"picked":"Finisher","floor":1},{"not_picked":["Flechettes","Deadly Poison"],"picked":"Slice","floor":6},{"not_picked":["Dagger Throw","Dodge and Roll"],"picked":"Expertise","floor":10},{"not_picked":["Dagger Throw","Poisoned Stab"],"picked":"Concentrate","floor":12},{"not_picked":["Deadly Poison","Catalyst"],"picked":"Infinite Blades","floor":14},{"not_picked":["Corpse Explosion","A Thousand Cuts"],"picked":"Venomology","floor":16},{"not_picked":["Prepared","Bouncing Flask","Concentrate"],"picked":"SKIP","floor":18},{"not_picked":["Bullet Time","Bouncing Flask"],"picked":"Slice+1","floor":24},{"not_picked":["Slice","Deflect+1"],"picked":"Endless Agony","floor":27},{"not_picked":["Poisoned Stab+1","Underhanded Strike","Noxious Fumes"],"picked":"SKIP","floor":28},{"not_picked":["Deadly Poison","Acrobatics","Dodge and Roll"],"picked":"SKIP","floor":31}],"player_experience":445009,"relics_obtained":[{"floor":6,"key":"Lantern"},{"floor":9,"key":"Vajra"},{"floor":12,"key":"Juzu Bracelet"},{"floor":24,"key":"Art of War"},{"floor":26,"key":"Bottled Tornado"},{"floor":29,"key":"Nilry\u0027s Codex"}],"event_choices":[{"damage_healed":0,"gold_gain":0,"player_choice":"Entered Light","damage_taken":15,"max_hp_gain":0,"max_hp_loss":0,"event_name":"Shining Light","floor":2,"gold_loss":0,"cards_upgraded":["Survivor","Neutralize"]},{"damage_healed":0,"gold_gain":0,"player_choice":"Take Damage","damage_taken":19,"relics_obtained":["Golden Idol"],"max_hp_gain":0,"max_hp_loss":0,"event_name":"Golden Idol","floor":4,"gold_loss":0},{"damage_healed":0,"gold_gain":0,"player_choice":"Ignored","damage_taken":0,"max_hp_gain":0,"max_hp_loss":0,"event_name":"Liars Game","floor":5,"gold_loss":0},{"damage_healed":0,"gold_gain":0,"player_choice":"Left Gold","damage_taken":0,"max_hp_gain":0,"max_hp_loss":0,"event_name":"World of Goop","floor":13,"gold_loss":39},{"damage_healed":0,"gold_gain":0,"player_choice":"Inject Mutagens","damage_taken":0,"relics_obtained":["MutagenicStrength"],"max_hp_gain":0,"max_hp_loss":0,"event_name":"Drug Dealer","floor":19,"gold_loss":0},{"damage_healed":0,"gold_gain":0,"player_choice":"Forge","damage_taken":0,"max_hp_gain":0,"max_hp_loss":0,"event_name":"Accursed Blacksmith","floor":21,"gold_loss":0,"cards_upgraded":["Venomology"]},{"damage_healed":0,"gold_gain":0,"player_choice":"Fight","damage_taken":0,"max_hp_gain":0,"max_hp_loss":0,"event_name":"Colosseum","floor":22,"gold_loss":0},{"damage_healed":0,"gold_gain":0,"player_choice":"Fled From Nobs","damage_taken":0,"max_hp_gain":0,"max_hp_loss":0,"event_name":"Colosseum","floor":22,"gold_loss":0},{"damage_healed":0,"gold_gain":0,"player_choice":"Obtained Book","damage_taken":16,"max_hp_gain":0,"max_hp_loss":0,"event_name":"Cursed Tome","floor":29,"gold_loss":0}],"is_beta":false,"boss_relics":[{"not_picked":["Ectoplasm","Pandora\u0027s Box","Coffee Dripper"]}],"items_purged_floors":[3,20],"is_endless":false,"potions_floor_spawned":[1,14,16,22,24,27],"killed_by":"Automaton","ascension_level":4}