{"gold_per_floor":[111,124,135,15,0,34,46,72,72,72],"floor_reached":10,"playtime":771,"items_purged":[],"score":78,"play_id":"e93326f8-5118-4b86-b7cd-38a342cff8fa","local_time":"20190711114023","is_ascension_mode":false,"campfire_choices":[],"neow_cost":"NONE","seed_source_timestamp":18751256496241,"circlet_count":0,"master_deck":["Strike_R","Strike_R","Strike_R","Strike_R","Strike_R","Defend_R","Defend_R","Defend_R","Defend_R","Bash","Anger","Infernal Blade","Anger","Metallicize","Sword Boomerang","Iron Wave","Shrug It Off","Dark Embrace"],"relics":["Burning Blood","Letter Opener","Bottled Flame","Dodecahedron"],"potions_floor_usage":[],"damage_taken":[{"damage":0,"enemies":"Small Slimes","floor":1,"turns":3},{"damage":0,"enemies":"2 Louse","floor":2,"turns":2},{"damage":1,"enemies":"Cultist","floor":3,"turns":3},{"damage":31,"enemies":"Lagavulin","floor":6,"turns":6},{"damage":0,"enemies":"Looter","floor":7,"turns":3},{"damage":66,"enemies":"Gremlin Nob","floor":8,"turns":6},{"damage":11,"enemies":"Large Slime","floor":10,"turns":1}],"seed_played":"-2346971060882651320","potions_obtained":[{"floor":1,"key":"Fruit Juice"},{"floor":8,"key":"Ancient Potion"}],"is_trial":false,"path_per_floor":["M","M","M","$","?","E","M","E","T","M"],"character_chosen":"IRONCLAD","items_purchased":["Metallicize","Sword Boomerang"],"campfire_rested":0,"item_purchase_floors":[4,4],"current_hp_per_floor":[88,88,88,88,88,63,69,9,9,0],"gold":72,"neow_bonus":"TEN_PERCENT_HP_BONUS","is_prod":false,"is_daily":false,"chose_seed":false,"campfire_upgraded":0,"win_rate":0,"timestamp":1562838023,"path_taken":["M","M","M","$","?","E","M","E","T","M"],"build_version":"2019-07-05","purchased_purges":0,"victory":false,"max_hp_per_floor":[88,88,88,88,88,88,88,88,88,88],"card_choices":[{"not_picked":["Power Through","Sword Boomerang"],"picked":"Anger","floor":1},{"not_picked":["Twin Strike","Burning Pact"],"picked":"Infernal Blade","floor":2},{"not_picked":["Body Slam","Heavy Blade"],"picked":"Anger","floor":3},{"not_picked":["Hemokinesis","Uppercut"],"picked":"Iron Wave","floor":6},{"not_picked":["Sever Soul","Warcry"],"picked":"Shrug It Off","floor":7},{"not_picked":["Intimidate","Reckless Charge"],"picked":"Dark Embrace","floor":8}],"player_experience":76319,"relics_obtained":[{"floor":6,"key":"Letter Opener"},{"floor":8,"key":"Bottled Flame"},{"floor":9,"key":"Dodecahedron"}],"event_choices":[{"damage_healed":0,"gold_gain":0,"player_choice":"Left Gold","damage_taken":0,"max_hp_gain":0,"max_hp_loss":0,"event_name":"World of Goop","floor":5,"gold_loss":15}],"is_beta":false,"boss_relics":[],"items_purged_floors":[],"is_endless":false,"potions_floor_spawned":[1,8],"killed_by":"Large Slime","ascension_level":0}