{"gold_per_floor":[116,116,41,56,56,56,72,103,130,130,140,140,154,104,104,200,200,213,227,227,240,257,257],"floor_reached":23,"playtime":1404,"items_purged":["Strike_R"],"score":222,"play_id":"8cf5a818-b689-4732-a810-6c4e76b298c2","local_time":"20190801233446","is_ascension_mode":true,"campfire_choices":[{"data":"Rage","floor":6,"key":"SMITH"},{"data":"Limit Break","floor":10,"key":"SMITH"},{"floor":15,"key":"REST"}],"neow_cost":"NONE","seed_source_timestamp":784029768451700,"circlet_count":0,"master_deck":["Strike_R","Strike_R","Strike_R","Defend_R","Defend_R","Defend_R","Defend_R","Bash","Limit Break+1","Twin Strike","Rage+1","Spot Weakness","Pummel","Berserk","Cleave"],"relics":["Burning Blood","Regal Pillow","Blood Vial","Paper Frog","Velvet Choker"],"potions_floor_usage":[16,22,22,22],"damage_taken":[{"damage":24,"enemies":"Small Slimes","floor":1,"turns":5},{"damage":5,"enemies":"Jaw Worm","floor":4,"turns":6},{"damage":1,"enemies":"Cultist","floor":7,"turns":3},{"damage":36,"enemies":"Lagavulin","floor":8,"turns":6},{"damage":1,"enemies":"2 Fungi Beasts","floor":11,"turns":3},{"damage":19,"enemies":"Exordium Thugs","floor":13,"turns":7},{"damage":15,"enemies":"Slime Boss","floor":16,"turns":7},{"damage":8,"enemies":"3 Byrds","floor":18,"turns":6},{"damage":15,"enemies":"Spheric Guardian","floor":19,"turns":4},{"damage":28,"enemies":"Snake Plant","floor":21,"turns":4},{"damage":25,"enemies":"Snecko","floor":22,"turns":6},{"damage":30,"enemies":"Book of Stabbing","floor":23,"turns":2}],"seed_played":"-8996178249997391503","potions_obtained":[{"floor":7,"key":"SteroidPotion"},{"floor":8,"key":"Block Potion"},{"floor":11,"key":"Weak Potion"},{"floor":16,"key":"Swift Potion"},{"floor":22,"key":"Ancient Potion"}],"is_trial":false,"path_per_floor":["M","?","$","M","?","R","M","E","T","R","M","T","M","?","R","B",null,"M","M","?","M","M","E"],"character_chosen":"IRONCLAD","items_purchased":[],"campfire_rested":1,"item_purchase_floors":[],"current_hp_per_floor":[62,67,67,68,68,68,73,43,43,43,50,50,39,39,79,72,85,83,76,60,40,23,0],"gold":257,"neow_bonus":"ONE_RANDOM_RARE_CARD","is_prod":false,"is_daily":false,"chose_seed":false,"campfire_upgraded":2,"win_rate":0,"timestamp":1564673686,"path_taken":["M","?","$","M","?","R","M","E","T","R","M","?","?","?","R","BOSS","M","M","?","M","M","E"],"build_version":"2019-07-17","purchased_purges":1,"victory":false,"max_hp_per_floor":[80,85,85,85,85,85,85,85,85,85,85,85,85,85,85,85,85,85,85,90,90,90,90],"card_choices":[{"not_picked":["Flex","Iron Wave"],"picked":"Twin Strike","floor":1},{"not_picked":["Warcry","Clash"],"picked":"Rage","floor":4},{"not_picked":["Shrug It Off","Evolve"],"picked":"Spot Weakness","floor":7},{"not_picked":["Hemokinesis","Fire Breathing","Pommel Strike"],"picked":"SKIP","floor":8},{"not_picked":["Wild Strike","Evolve","Dark Embrace"],"picked":"SKIP","floor":11},{"not_picked":["Sword Boomerang","Burning Pact"],"picked":"Pummel","floor":13},{"not_picked":["Impervious","Offering"],"picked":"Berserk","floor":16},{"not_picked":["Flame Barrier","Hemokinesis"],"picked":"Cleave","floor":18},{"not_picked":["Anger","Perfected Strike","Blood for Blood"],"picked":"SKIP","floor":19},{"not_picked":["Burning Pact","Bloodletting+1","Hemokinesis"],"picked":"SKIP","floor":21},{"not_picked":["Dropkick","Disarm","Headbutt"],"picked":"SKIP","floor":22}],"player_experience":710631,"relics_obtained":[{"floor":8,"key":"Regal Pillow"},{"floor":9,"key":"Blood Vial"},{"floor":12,"key":"Paper Frog"}],"event_choices":[{"damage_healed":0,"gold_gain":0,"player_choice":"Donut","damage_taken":0,"max_hp_gain":5,"max_hp_loss":0,"event_name":"Big Fish","floor":2,"gold_loss":0},{"damage_healed":0,"gold_gain":0,"player_choice":"Ignored","damage_taken":0,"max_hp_gain":0,"max_hp_loss":0,"event_name":"Liars Game","floor":5,"gold_loss":0},{"cards_removed":["Strike_R"],"damage_healed":0,"gold_gain":0,"player_choice":"Card Removal","damage_taken":0,"max_hp_gain":0,"max_hp_loss":0,"event_name":"The Cleric","floor":14,"gold_loss":50},{"damage_healed":0,"gold_gain":0,"player_choice":"Shed Blood","damage_taken":21,"max_hp_gain":5,"max_hp_loss":0,"event_name":"Forgotten Altar","floor":20,"gold_loss":0}],"is_beta":false,"boss_relics":[{"not_picked":["Runic Pyramid","Orrery"],"picked":"Velvet Choker"}],"items_purged_floors":[3],"is_endless":false,"potions_floor_spawned":[7,8,11,13,16,19,21,22],"killed_by":"Book of Stabbing","ascension_level":3}