{"gold_per_floor":[112,124,49,65,65,65,65,30,56,89,106,116,116,132,132,228,228,228,111,51,51,51,51,51,51,51,51,51,51,51,1,1,1,1,1,1,1,1,1,1,1,1,1,1,1,1,1,1,1,1],"floor_reached":50,"playtime":3889,"items_purged":["Pain","Strike_R"],"score":657,"play_id":"c17fe7f3-7f16-4955-8ef8-136530da89c1","local_time":"20190125223531","is_ascension_mode":true,"campfire_choices":[{"data":"Metallicize","floor":6,"key":"SMITH"},{"data":"Shrug It Off","floor":13,"key":"SMITH"},{"floor":15,"key":"REST"},{"floor":24,"key":"REST"},{"floor":28,"key":"REST"},{"data":"Reaper","floor":32,"key":"SMITH"},{"data":"Transmutation","floor":40,"key":"SMITH"},{"data":"Flame Barrier","floor":49,"key":"SMITH"}],"neow_cost":"NONE","seed_source_timestamp":4413030811451358,"circlet_count":0,"master_deck":["Strike_R","Strike_R+1","Strike_R","Strike_R+1","Defend_R+1","Defend_R","Defend_R+1","Bash","Clumsy","Fire Breathing","Burning Pact","Metallicize+1","Shrug It Off+1","Iron Wave","Demon Form","Combust","Sword Boomerang+1","Reaper+1","Sword Boomerang+1","Pommel Strike+1","Iron Wave","Offering","Shrug It Off+1","Pommel Strike+1","Deep Breath","Transmutation+1","Parasite","Flame Barrier+1","Rage+1","Writhe","Fire Breathing"],"relics":["Calling Bell","Shuriken","Bird Faced Urn","War Paint","Art of War","Smiling Mask","Ectoplasm","MutagenicStrength","Mercury Hourglass","FossilizedHelix","Philosopher\u0027s Stone","Gambling Chip","Lantern","Spirit Poop"],"potions_floor_usage":[16,16,16,21,33,33,35,39,39,44,50,50],"damage_taken":[{"damage":15,"enemies":"Cultist","floor":1,"turns":5},{"damage":13,"enemies":"Small Slimes","floor":2,"turns":4},{"damage":0,"enemies":"2 Louse","floor":4,"turns":4},{"damage":19,"enemies":"3 Sentries","floor":10,"turns":10},{"damage":0,"enemies":"2 Fungi Beasts","floor":11,"turns":4},{"damage":1,"enemies":"Looter","floor":12,"turns":4},{"damage":6,"enemies":"3 Louse","floor":14,"turns":5},{"damage":31,"enemies":"The Guardian","floor":16,"turns":18},{"damage":17,"enemies":"3 Byrds","floor":18,"turns":7},{"damage":18,"enemies":"2 Thieves","floor":20,"turns":4},{"damage":16,"enemies":"Shelled Parasite and Fungi","floor":21,"turns":8},{"damage":29,"enemies":"Centurion and Healer","floor":22,"turns":9},{"damage":12,"enemies":"3 Cultists","floor":27,"turns":5},{"damage":25,"enemies":"Gremlin Leader","floor":29,"turns":5},{"damage":14,"enemies":"Sentry and Sphere","floor":30,"turns":6},{"damage":34,"enemies":"Champ","floor":33,"turns":9},{"damage":13,"enemies":"Orb Walker","floor":35,"turns":4},{"damage":25,"enemies":"3 Darklings","floor":36,"turns":4},{"damage":36,"enemies":"Mind Bloom Boss Battle","floor":38,"turns":7},{"damage":0,"enemies":"Writhing Mass","floor":39,"turns":6},{"damage":22,"enemies":"Sphere and 2 Shapes","floor":41,"turns":6},{"damage":16,"enemies":"Jaw Worm Horde","floor":44,"turns":5},{"damage":18,"enemies":"Maw","floor":45,"turns":8},{"damage":8,"enemies":"Sphere and 2 Shapes","floor":46,"turns":4},{"damage":18,"enemies":"3 Darklings","floor":47,"turns":6},{"damage":68,"enemies":"Time Eater","floor":50,"turns":9}],"seed_played":"2292670163414038138","potions_obtained":[{"floor":2,"key":"GamblersBrew"},{"floor":11,"key":"Block Potion"},{"floor":14,"key":"Weak Potion"},{"floor":18,"key":"Weak Potion"},{"floor":22,"key":"SteroidPotion"},{"floor":29,"key":"EssenceOfSteel"},{"floor":30,"key":"Strength Potion"},{"floor":33,"key":"Block Potion"},{"floor":38,"key":"Energy Potion"},{"floor":39,"key":"Fire Potion"},{"floor":44,"key":"Swift Potion"},{"floor":47,"key":"FearPotion"}],"is_trial":false,"path_per_floor":["M","M","$","M","?","R","?","?","T","E","M","M","R","M","R","B",null,"M","$","M","M","M","?","R","?","T","M","R","E","M","?","R","B",null,"M","M","?","?","M","R","M","?","T","M","M","M","M","?","R","B"],"character_chosen":"IRONCLAD","items_purchased":["Combust"],"campfire_rested":3,"item_purchase_floors":[19],"current_hp_per_floor":[57,46,46,48,41,41,25,45,45,30,34,33,33,31,55,28,67,52,52,40,28,7,7,31,31,31,30,54,59,53,53,53,35,69,62,55,50,20,35,35,35,55,55,59,53,67,55,55,55,0],"gold":1,"neow_bonus":"BOSS_RELIC","is_prod":false,"is_daily":false,"chose_seed":false,"campfire_upgraded":5,"win_rate":0,"timestamp":1548473731,"path_taken":["M","M","$","M","?","R","?","?","T","E","M","M","R","M","R","BOSS","M","$","M","M","M","?","R","?","T","M","R","E","M","?","R","BOSS","M","?","?","?","M","R","M","?","T","?","M","M","M","?","R","BOSS"],"build_version":"2019-01-23","purchased_purges":2,"victory":false,"max_hp_per_floor":[80,80,80,80,80,80,80,80,80,80,80,80,80,80,80,80,80,80,80,80,80,80,80,80,80,80,80,80,80,80,80,80,80,80,80,80,80,80,80,80,80,80,80,80,80,80,80,77,77,77],"card_choices":[{"not_picked":["Body Slam","Armaments"],"picked":"Fire Breathing","floor":1},{"not_picked":["Blood for Blood","Sentinel"],"picked":"Burning Pact","floor":2},{"not_picked":["Flex","Heavy Blade"],"picked":"Metallicize","floor":4},{"not_picked":["True Grit","Entrench"],"picked":"Shrug It Off","floor":10},{"not_picked":["Clash","Warcry"],"picked":"Iron Wave","floor":11},{"not_picked":["Corruption","Offering","Armaments"],"picked":"SKIP","floor":12},{"not_picked":["Headbutt","Body Slam","Bloodletting"],"picked":"SKIP","floor":14},{"not_picked":["Impervious","Limit Break"],"picked":"Demon Form","floor":16},{"not_picked":["Armaments","Wild Strike","Headbutt"],"picked":"SKIP","floor":18},{"not_picked":["Disarm","Havoc","Anger"],"picked":"SKIP","floor":20},{"not_picked":["Clothesline","True Grit"],"picked":"Sword Boomerang+1","floor":21},{"not_picked":["Reckless Charge","Headbutt"],"picked":"Reaper","floor":22},{"not_picked":["Thunderclap","Power Through+1"],"picked":"Sword Boomerang+1","floor":27},{"not_picked":["Havoc","Armaments"],"picked":"Pommel Strike+1","floor":29},{"not_picked":["Twin Strike","Havoc"],"picked":"Iron Wave","floor":30},{"not_picked":["Immolate","Bludgeon"],"picked":"Offering","floor":33},{"not_picked":["Uppercut","Clothesline"],"picked":"Shrug It Off+1","floor":35},{"not_picked":["Body Slam+1","Havoc"],"picked":"Pommel Strike+1","floor":36},{"not_picked":["Mind Blast","Enlightenment"],"picked":"Deep Breath","floor":37},{"not_picked":["PanicButton","The Bomb"],"picked":"Transmutation","floor":37},{"not_picked":["Armaments","Dual Wield"],"picked":"Flame Barrier","floor":39},{"not_picked":["Power Through+1","Rampage+1"],"picked":"Rage+1","floor":41},{"not_picked":["Heavy Blade+1","Feel No Pain","Second Wind+1"],"picked":"SKIP","floor":44},{"not_picked":["Perfected Strike","Dual Wield","Havoc"],"picked":"SKIP","floor":45},{"not_picked":["Battle Trance","Armaments+1"],"picked":"Fire Breathing","floor":46},{"not_picked":["Armaments","Exhume","Warcry+1"],"picked":"SKIP","floor":47}],"player_experience":333037,"relics_obtained":[{"floor":0,"key":"Shuriken"},{"floor":0,"key":"Bird Faced Urn"},{"floor":0,"key":"War Paint"},{"floor":9,"key":"Art of War"},{"floor":10,"key":"Smiling Mask"},{"floor":26,"key":"Mercury Hourglass"},{"floor":29,"key":"FossilizedHelix"},{"floor":38,"key":"Gambling Chip"},{"floor":43,"key":"Lantern"}],"event_choices":[{"cards_removed":["Defend_R"],"damage_healed":0,"gold_gain":0,"player_choice":"Card Removal","damage_taken":7,"max_hp_gain":0,"max_hp_loss":0,"event_name":"Golden Wing","floor":5,"gold_loss":0},{"damage_healed":0,"gold_gain":0,"player_choice":"Entered Light","damage_taken":16,"max_hp_gain":0,"max_hp_loss":0,"event_name":"Shining Light","floor":7,"gold_loss":0,"cards_upgraded":["Strike_R","Strike_R"]},{"damage_healed":20,"gold_gain":0,"player_choice":"Healed","damage_taken":0,"max_hp_gain":0,"max_hp_loss":0,"event_name":"The Cleric","floor":8,"gold_loss":35},{"damage_healed":0,"gold_gain":99,"player_choice":"Stole From Cult","damage_taken":0,"max_hp_gain":0,"max_hp_loss":0,"event_name":"Nest","floor":23,"gold_loss":0},{"damage_healed":0,"gold_gain":0,"player_choice":"Inject Mutagens","damage_taken":0,"relics_obtained":["MutagenicStrength"],"max_hp_gain":0,"max_hp_loss":0,"event_name":"Drug Dealer","floor":25,"gold_loss":0},{"damage_healed":0,"gold_gain":250,"player_choice":"Bet on Owner","damage_taken":0,"max_hp_gain":0,"max_hp_loss":0,"event_name":"The Joust","floor":31,"gold_loss":50},{"damage_healed":0,"gold_gain":0,"player_choice":"Memory 2","damage_taken":5,"max_hp_gain":0,"max_hp_loss":0,"event_name":"SensoryStone","floor":37,"gold_loss":0},{"damage_healed":0,"gold_gain":0,"player_choice":"Fight","damage_taken":0,"max_hp_gain":0,"max_hp_loss":0,"event_name":"MindBloom","floor":38,"gold_loss":0},{"damage_healed":20,"gold_gain":0,"player_choice":"Writhe","damage_taken":0,"max_hp_gain":0,"max_hp_loss":0,"event_name":"Winding Halls","floor":42,"gold_loss":0,"cards_obtained":["Writhe"]},{"cards_removed":["Parasite"],"damage_healed":0,"gold_gain":0,"player_choice":"Offered Curse","damage_taken":0,"relics_obtained":["Spirit Poop"],"max_hp_gain":0,"max_hp_loss":0,"event_name":"Bonfire Elementals","floor":48,"gold_loss":0}],"is_beta":false,"boss_relics":[{"not_picked":["Empty Cage","Black Star"],"picked":"Ectoplasm"},{"not_picked":["Fusion Hammer","Tiny House"],"picked":"Philosopher\u0027s Stone"}],"items_purged_floors":[3,19],"is_endless":false,"potions_floor_spawned":[2,11,14,18,22,29,30,33,38,39,44,47],"killed_by":"Time Eater","ascension_level":8}