{"gold_per_floor":[119,134,134,151,164,164,196,196,222,240,251,275,288,317,317,418,418,429,447,333,344,344,344,344,375,400,431,530,455,472,492,492,492],"floor_reached":33,"playtime":2795,"items_purged":["Strike_B"],"score":324,"play_id":"ee47f078-a2fc-4164-9590-b814588a7a98","local_time":"20190104231240","is_ascension_mode":false,"campfire_choices":[{"data":"Zap","floor":6,"key":"SMITH"},{"data":"Redo","floor":8,"key":"SMITH"},{"data":"Hello World","floor":15,"key":"SMITH"},{"data":"Scrape","floor":23,"key":"SMITH"},{"floor":32,"key":"REST"}],"neow_cost":"NONE","seed_source_timestamp":2601866086396804,"circlet_count":0,"master_deck":["Strike_B","Defend_B","Defend_B","Defend_B","Defend_B","Zap+1","Dualcast+1","Beam Cell","Reprogram","Hello World+1","Go for the Eyes","Redo+1","Chill","Static Discharge","Go for the Eyes","Machine Learning","Redo","Scrape+1","Redo+1","Leap"],"relics":["Cracked Core","Anchor","Centennial Puzzle","Juzu Bracelet","Lantern","Inserter","Pear","PreservedInsect","Boot","Ice Cream"],"potions_floor_usage":[7,7,16,19,25,27,27,33],"damage_taken":[{"damage":1,"enemies":"Cultist","floor":1,"turns":3},{"damage":2,"enemies":"Small Slimes","floor":2,"turns":2},{"damage":3,"enemies":"Jaw Worm","floor":4,"turns":3},{"damage":10,"enemies":"Looter","floor":5,"turns":3},{"damage":6,"enemies":"Gremlin Nob","floor":7,"turns":3},{"damage":11,"enemies":"Exordium Thugs","floor":10,"turns":4},{"damage":0,"enemies":"3 Louse","floor":11,"turns":2},{"damage":0,"enemies":"Large Slime","floor":13,"turns":4},{"damage":19,"enemies":"Lagavulin","floor":14,"turns":5},{"damage":12,"enemies":"Hexaghost","floor":16,"turns":9},{"damage":1,"enemies":"Chosen","floor":18,"turns":5},{"damage":6,"enemies":"Spheric Guardian","floor":19,"turns":4},{"damage":19,"enemies":"Centurion and Healer","floor":21,"turns":9},{"damage":45,"enemies":"Slavers","floor":25,"turns":6},{"damage":7,"enemies":"Book of Stabbing","floor":27,"turns":3},{"damage":16,"enemies":"Snake Plant","floor":30,"turns":4},{"damage":2,"enemies":"Shelled Parasite and Fungi","floor":31,"turns":5},{"damage":30,"enemies":"Collector","floor":33,"turns":15}],"seed_played":"7566813289060468281","potions_obtained":[{"floor":2,"key":"Explosive Potion"},{"floor":5,"key":"SteroidPotion"},{"floor":7,"key":"GamblersBrew"},{"floor":11,"key":"Fire Potion"},{"floor":13,"key":"SkillPotion"},{"floor":16,"key":"Fruit Juice"},{"floor":19,"key":"AttackPotion"},{"floor":31,"key":"Swift Potion"}],"is_trial":false,"path_per_floor":["M","M","?","M","M","R","E","R","T","M","M","T","M","E","R","B",null,"M","M","$","M","?","R","T","E","T","E","?","?","M","M","R","B"],"character_chosen":"DEFECT","items_purchased":["Scrape"],"campfire_rested":1,"item_purchase_floors":[20],"current_hp_per_floor":[81,79,79,76,66,66,60,60,60,49,49,49,49,30,30,18,82,81,80,80,61,61,61,71,26,26,19,19,19,3,1,30,0],"gold":492,"neow_bonus":"TEN_PERCENT_HP_BONUS","is_prod":false,"is_daily":false,"chose_seed":false,"campfire_upgraded":4,"win_rate":0,"timestamp":1546661560,"path_taken":["M","?","?","?","M","R","E","R","T","M","M","?","M","E","R","BOSS","M","M","$","M","?","R","?","E","T","E","?","?","M","M","R","BOSS"],"build_version":"2019-01-03v4","purchased_purges":1,"victory":false,"max_hp_per_floor":[82,82,82,82,82,82,82,82,82,82,82,82,82,82,82,82,82,82,87,87,87,87,87,97,97,97,97,97,97,97,97,97,97],"card_choices":[{"not_picked":["Undo","Steam"],"picked":"Beam Cell","floor":1},{"not_picked":["Conserve Battery","Stack"],"picked":"Reprogram","floor":2},{"not_picked":["Compile Driver","Double Energy"],"picked":"Hello World","floor":4},{"not_picked":["Stack","Ball Lightning"],"picked":"Go for the Eyes","floor":5},{"not_picked":["Rebound","Go for the Eyes"],"picked":"Redo","floor":7},{"not_picked":["Go for the Eyes","Beam Cell"],"picked":"Chill","floor":10},{"not_picked":["Melter","Steam","Auto Shields"],"picked":"SKIP","floor":11},{"not_picked":["Multi-Cast","Blizzard"],"picked":"Static Discharge","floor":13},{"not_picked":["Blizzard","Storm"],"picked":"Go for the Eyes","floor":14},{"not_picked":["Biased Cognition","Electrodynamics"],"picked":"Machine Learning","floor":16},{"not_picked":["Consume","Leap","Hologram"],"picked":"SKIP","floor":18},{"not_picked":["Coolheaded","Streamline"],"picked":"Redo","floor":19},{"not_picked":["Beam Cell","Compile Driver","Steam+1"],"picked":"SKIP","floor":21},{"not_picked":["Capacitor","Gash"],"picked":"Redo+1","floor":25},{"not_picked":["Coolheaded","Compile Driver","Stack"],"picked":"SKIP","floor":27},{"not_picked":["Sweeping Beam","Buffer","Lockon"],"picked":"SKIP","floor":30},{"not_picked":["Steam","Steam Power+1"],"picked":"Leap","floor":31}],"player_experience":27813,"relics_obtained":[{"floor":7,"key":"Anchor"},{"floor":9,"key":"Centennial Puzzle"},{"floor":12,"key":"Juzu Bracelet"},{"floor":14,"key":"Lantern"},{"floor":24,"key":"Pear"},{"floor":25,"key":"PreservedInsect"},{"floor":26,"key":"Boot"},{"floor":27,"key":"Ice Cream"}],"event_choices":[{"damage_healed":0,"gold_gain":0,"player_choice":"Upgraded","damage_taken":0,"max_hp_gain":0,"max_hp_loss":0,"event_name":"Upgrade Shrine","floor":3,"gold_loss":0,"cards_upgraded":["Dualcast"]},{"cards_removed":["Strike_B"],"damage_healed":0,"gold_gain":0,"player_choice":"Elegance","damage_taken":0,"max_hp_gain":0,"max_hp_loss":0,"event_name":"Back to Basics","floor":22,"gold_loss":0},{"damage_healed":0,"gold_gain":99,"player_choice":"Stole From Cult","damage_taken":0,"max_hp_gain":0,"max_hp_loss":0,"event_name":"Nest","floor":28,"gold_loss":0},{"cards_removed":["Strike_B"],"damage_healed":0,"gold_gain":0,"player_choice":"Gave Gold","damage_taken":0,"max_hp_gain":0,"max_hp_loss":0,"event_name":"Beggar","floor":29,"gold_loss":75}],"is_beta":false,"boss_relics":[{"not_picked":["Runic Dome","Philosopher\u0027s Stone"],"picked":"Inserter"}],"items_purged_floors":[20],"is_endless":false,"potions_floor_spawned":[2,5,7,11,13,16,18,19,31],"killed_by":"Collector","ascension_level":0}