{"gold_per_floor":[109,121,121,121,121,121,121,138,183,197,197,213,213,224,224,323,373,386,399,146,157,257,257],"floor_reached":23,"playtime":983,"items_purged":["Strike_B"],"score":201,"play_id":"b7078f39-3c2d-470e-b367-422a34657f95","local_time":"20190820231516","is_ascension_mode":true,"campfire_choices":[{"data":"Finesse","floor":6,"key":"SMITH"},{"data":"Doom and Gloom","floor":11,"key":"SMITH"},{"data":"Hologram","floor":13,"key":"SMITH"},{"data":"Defend_B","floor":15,"key":"SMITH"}],"neow_cost":"NONE","seed_source_timestamp":459831824472900,"circlet_count":0,"master_deck":["Strike_B","Strike_B","Defend_B","Defend_B+1","Defend_B+1","Defend_B+1","Zap+1","Dualcast+1","Finesse+1","Double Energy","Doom and Gloom+1","Hologram+1","Defragment","Streamline","Apotheosis","Gash"],"relics":["Cracked Core","Dream Catcher","Tiny House"],"potions_floor_usage":[18,21,21,21,23,23,23],"damage_taken":[{"damage":8,"enemies":"Small Slimes","floor":1,"turns":3},{"damage":9,"enemies":"2 Louse","floor":2,"turns":2},{"damage":0,"enemies":"Cultist","floor":8,"turns":2},{"damage":2,"enemies":"Looter","floor":10,"turns":3},{"damage":5,"enemies":"Gremlin Gang","floor":12,"turns":2},{"damage":7,"enemies":"3 Louse","floor":14,"turns":2},{"damage":20,"enemies":"Hexaghost","floor":16,"turns":10},{"damage":0,"enemies":"Spheric Guardian","floor":18,"turns":3},{"damage":31,"enemies":"3 Byrds","floor":19,"turns":5},{"damage":28,"enemies":"Centurion and Healer","floor":21,"turns":5},{"damage":26,"enemies":"Book of Stabbing","floor":23,"turns":5}],"seed_played":"-5057907114551483762","potions_obtained":[{"floor":8,"key":"FearPotion"},{"floor":10,"key":"Block Potion"},{"floor":16,"key":"Strength Potion"},{"floor":17,"key":"EssenceOfSteel"},{"floor":18,"key":"EntropicBrew"}],"is_trial":false,"path_per_floor":["M","M","$","?","?","R","?","M","T","M","R","M","R","M","R","B",null,"M","M","$","M","?","E"],"character_chosen":"DEFECT","items_purchased":["Apotheosis"],"campfire_rested":0,"item_purchase_floors":[20],"current_hp_per_floor":[67,58,58,58,43,43,43,43,43,41,41,36,36,29,29,9,80,80,49,49,21,21,0],"gold":257,"neow_bonus":"RANDOM_COLORLESS","is_prod":false,"is_daily":false,"chose_seed":false,"campfire_upgraded":4,"win_rate":0,"timestamp":1566306916,"path_taken":["M","M","$","?","?","R","?","M","T","M","R","?","R","M","R","BOSS","M","M","$","M","?","E"],"build_version":"2019-07-17","purchased_purges":1,"victory":false,"max_hp_per_floor":[75,75,75,75,75,75,75,75,75,75,75,75,75,75,75,75,80,80,80,80,80,80,80],"card_choices":[{"not_picked":["Leap","Rebound","Barrage"],"picked":"SKIP","floor":1},{"not_picked":["Fusion","Steam","Redo"],"picked":"SKIP","floor":2},{"not_picked":["Blizzard","Reprogram"],"picked":"Double Energy","floor":8},{"not_picked":["Stack","Reboot"],"picked":"Doom and Gloom","floor":10},{"not_picked":["Compile Driver","Double Energy"],"picked":"Hologram","floor":12},{"not_picked":["Beam Cell","Go for the Eyes","Static Discharge"],"picked":"SKIP","floor":14},{"not_picked":["Barrage","Sweeping Beam"],"picked":"Defragment","floor":17},{"not_picked":["Compile Driver","Static Discharge"],"picked":"Streamline","floor":18},{"not_picked":["Storm+1","Skim","Steam Power"],"picked":"SKIP","floor":19},{"not_picked":["Go for the Eyes","White Noise"],"picked":"Gash","floor":21}],"player_experience":75180,"relics_obtained":[{"floor":9,"key":"Dream Catcher"}],"event_choices":[{"damage_healed":0,"gold_gain":0,"player_choice":"Grow","damage_taken":0,"max_hp_gain":0,"max_hp_loss":0,"event_name":"Living Wall","floor":4,"gold_loss":0,"cards_upgraded":["Dualcast"]},{"damage_healed":0,"gold_gain":0,"player_choice":"Entered Light","damage_taken":15,"max_hp_gain":0,"max_hp_loss":0,"event_name":"Shining Light","floor":5,"gold_loss":0,"cards_upgraded":["Zap","Defend_B"]},{"cards_removed":["Strike_B"],"damage_healed":0,"gold_gain":0,"player_choice":"Offered Basic","damage_taken":0,"max_hp_gain":0,"max_hp_loss":0,"event_name":"Bonfire Elementals","floor":7,"gold_loss":0},{"damage_healed":0,"gold_gain":100,"player_choice":"Pray","damage_taken":0,"max_hp_gain":0,"max_hp_loss":0,"event_name":"Golden Shrine","floor":22,"gold_loss":0}],"is_beta":false,"boss_relics":[{"not_picked":["Empty Cage","Black Star"],"picked":"Tiny House"}],"items_purged_floors":[20],"is_endless":false,"potions_floor_spawned":[8,10,16,18,21],"killed_by":"Book of Stabbing","ascension_level":2}