{"gold_per_floor":[418,432,144,144,164,189,201,260,260,260,260,260,280,299,299,375,375,375,375,375,375,375,375,375,375,375,375,375,375,375,375,375,375],"floor_reached":33,"playtime":11513,"items_purged":[],"score":532,"play_id":"f1f4f28b-f746-4a8d-b992-2aca15646ced","local_time":"20190815131140","is_ascension_mode":true,"campfire_choices":[{"floor":10.0,"key":"REST"},{"data":"Defragment","floor":12,"key":"SMITH"},{"data":"Go for the Eyes","floor":15,"key":"SMITH"},{"data":"Conserve Battery","floor":24,"key":"SMITH"},{"floor":29,"key":"REST"},{"floor":32,"key":"REST"}],"neow_cost":"PERCENT_DAMAGE","seed_source_timestamp":484446526521873,"circlet_count":0,"master_deck":["AscendersBane","Strike_B","Strike_B","Strike_B","Strike_B","Defend_B","Defend_B","Defend_B","Zap","Dualcast","Conserve Battery+1","Ball Lightning","Melter","Defragment+1","Go for the Eyes+1","Compile Driver","Stack","BootSequence","Undo","Conserve Battery","Core Surge","Static Discharge","Writhe","Ball Lightning","Undo+1","Conserve Battery","Lockon","Coolheaded+1","Doom and Gloom+1","Stack"],"special_seed":0,"relics":["Cracked Core","Old Coin","Orichalcum","Dodecahedron","Emotion Chip","Mango","Ectoplasm","Centennial Puzzle","Mercury Hourglass","Lantern"],"potions_floor_usage":[16,21,22,23,27,30,33,33],"damage_taken":[{"damage":0.0,"enemies":"2 Louse","floor":1.0,"turns":2.0},{"damage":1.0,"enemies":"Cultist","floor":2.0,"turns":3.0},{"damage":6.0,"enemies":"Jaw Worm","floor":5.0,"turns":3.0},{"damage":28.0,"enemies":"Lagavulin","floor":6.0,"turns":6.0},{"damage":1.0,"enemies":"Looter","floor":7.0,"turns":2.0},{"damage":4.0,"enemies":"3 Sentries","floor":8.0,"turns":3.0},{"damage":1,"enemies":"Exordium Thugs","floor":13,"turns":2},{"damage":1,"enemies":"Exordium Wildlife","floor":14,"turns":3},{"damage":32,"enemies":"The Guardian","floor":16,"turns":11},{"damage":0,"enemies":"Chosen","floor":18,"turns":5},{"damage":8,"enemies":"3 Byrds","floor":21,"turns":3},{"damage":8,"enemies":"Centurion and Healer","floor":22,"turns":4},{"damage":24,"enemies":"Book of Stabbing","floor":23,"turns":5},{"damage":5,"enemies":"Cultist and Chosen","floor":25,"turns":5},{"damage":7,"enemies":"Shelled Parasite and Fungi","floor":27,"turns":5},{"damage":2,"enemies":"Snecko","floor":28,"turns":5},{"damage":4,"enemies":"Cultist and Chosen","floor":30,"turns":4},{"damage":8,"enemies":"Centurion and Healer","floor":31,"turns":6},{"damage":61,"enemies":"Collector","floor":33,"turns":7}],"seed_played":"-7986646842355413053","potions_obtained":[{"floor":6.0,"key":"PowerPotion"},{"floor":13,"key":"SteroidPotion"},{"floor":14,"key":"Weak Potion"},{"floor":16,"key":"Fire Potion"},{"floor":22,"key":"SpeedPotion"},{"floor":23,"key":"GamblersBrew"},{"floor":25,"key":"Block Potion"},{"floor":27,"key":"GamblersBrew"},{"floor":31,"key":"Fire Potion"}],"is_trial":false,"path_per_floor":["M","M","$","?","M","E","M","?","T","R","?","R","M","M","R","B",null,"M","?","T","M","M","E","R","M","T","M","M","R","M","M","R","B"],"character_chosen":"DEFECT","items_purchased":["Orichalcum","Melter","Defragment"],"campfire_rested":3,"item_purchase_floors":[3,3,3],"current_hp_per_floor":[46,45,45,45,39,11,10,6,20,45,45,45,44,43,43,11,67,67,67,67,59,51,27,27,22,22,15,13,38,34,26,51,0],"gold":375,"neow_bonus":"ONE_RARE_RELIC","is_prod":false,"is_daily":false,"chose_seed":false,"campfire_upgraded":3,"win_rate":0,"timestamp":1565889100,"path_taken":["M","M","$","?","M","E","?","?","T","R","?","R","M","M","R","BOSS","M","?","?","M","M","E","R","?","T","M","M","R","M","M","R","BOSS"],"build_version":"2019-07-17","purchased_purges":0,"victory":false,"max_hp_per_floor":[71,71,71,71,71,71,71,71,85,85,85,85,85,85,85,85,85,85,85,85,85,85,85,85,85,85,85,85,85,85,85,85,85],"card_choices":[{"not_picked":["Hologram","Turbo"],"picked":"Conserve Battery","floor":1.0},{"not_picked":["Blizzard","Loop"],"picked":"Ball Lightning","floor":2.0},{"not_picked":["Redo","Coolheaded"],"picked":"Go for the Eyes","floor":5.0},{"not_picked":["Reprogram","Tempest"],"picked":"Compile Driver","floor":6.0},{"not_picked":["Skim","Capacitor"],"picked":"Stack","floor":7.0},{"not_picked":["Skim","Rip and Tear"],"picked":"BootSequence","floor":8.0},{"not_picked":["Compile Driver","Sweeping Beam"],"picked":"Undo","floor":13},{"not_picked":["Go for the Eyes","Machine Learning"],"picked":"Conserve Battery","floor":14},{"not_picked":["Thunder Strike","Hyperbeam"],"picked":"Core Surge","floor":16},{"not_picked":["Turbo","Reprogram"],"picked":"Static Discharge","floor":18},{"not_picked":["Darkness","Beam Cell+1"],"picked":"Ball Lightning","floor":21},{"not_picked":["Turbo","Double Energy"],"picked":"Undo+1","floor":22},{"not_picked":["Streamline","Chaos"],"picked":"Conserve Battery","floor":23},{"not_picked":["Sweeping Beam","Rebound"],"picked":"Lockon","floor":25},{"not_picked":["Defragment","Rebound+1","Recycle"],"picked":"SKIP","floor":27},{"not_picked":["Turbo","Compile Driver"],"picked":"Coolheaded+1","floor":28},{"not_picked":["White Noise","Go for the Eyes"],"picked":"Doom and Gloom+1","floor":30},{"not_picked":["Beam Cell","Conserve Battery"],"picked":"Stack","floor":31}],"player_experience":1034146,"relics_obtained":[{"floor":6.0,"key":"Dodecahedron"},{"floor":8.0,"key":"Emotion Chip"},{"floor":9.0,"key":"Mango"},{"floor":20,"key":"Mercury Hourglass"},{"floor":23,"key":"Lantern"}],"event_choices":[{"cards_removed":["Defend_B"],"damage_healed":0.0,"max_hp_gain":0.0,"max_hp_loss":0.0,"gold_gain":0.0,"event_name":"Bonfire Elementals","player_choice":"Offered Basic","floor":4.0,"gold_loss":0.0,"damage_taken":0.0},{"damage_healed":0.0,"max_hp_gain":0.0,"max_hp_loss":0.0,"gold_gain":0.0,"event_name":"Dead Adventurer","player_choice":"Searched \u00271\u0027 times","floor":8.0,"gold_loss":0.0,"damage_taken":0.0},{"damage_healed":0,"gold_gain":0,"player_choice":"Fled","damage_taken":0,"max_hp_gain":0,"max_hp_loss":0,"event_name":"Scrap Ooze","floor":11,"gold_loss":0},{"damage_healed":0,"gold_gain":0,"player_choice":"Opened","damage_taken":0,"relics_obtained":["Centennial Puzzle"],"max_hp_gain":0,"max_hp_loss":0,"event_name":"The Mausoleum","floor":19,"gold_loss":0,"cards_obtained":["Writhe"]}],"is_beta":false,"boss_relics":[{"not_picked":["Orrery","Coffee Dripper"],"picked":"Ectoplasm"}],"items_purged_floors":[],"is_endless":false,"potions_floor_spawned":[6,13,14,16,22,23,25,27,31],"killed_by":"Collector","ascension_level":19}