{"gold_per_floor":[115,134,146,159,16,16,30,65,65,125,125,125,139,156,156,256,256,266,21,40,1,20,20,20,36,36,52,52,30,30],"floor_reached":30,"playtime":2833,"items_purged":[],"score":284,"play_id":"7d6609b9-9a36-4bf4-ac39-22b3abe2d3c8","local_time":"20190723163320","is_ascension_mode":false,"campfire_choices":[{"data":"Footwork","floor":6.0,"key":"SMITH"},{"floor":12.0,"key":"REST"},{"data":"A Thousand Cuts","floor":15.0,"key":"SMITH"},{"floor":23,"key":"REST"}],"neow_cost":"NONE","seed_source_timestamp":4889881264157,"circlet_count":0,"master_deck":["Strike_G+1","Strike_G+1","Strike_G+1","Strike_G+1","Strike_G+1","Defend_G+1","Defend_G+1","Defend_G+1","Defend_G+1","Defend_G+1","Survivor","Neutralize+1","Deflect","Cloak And Dagger","Dodge and Roll","All Out Attack","Footwork+1","Deadly Poison","Backflip","Bouncing Flask+1","PiercingWail","Deflect","A Thousand Cuts+1","Slice","Burst","Endless Agony","Dodge and Roll","Deflect","Choke","Dagger Throw","Bullet Time","Footwork","Infinite Blades","Infinite Blades","Caltrops","Cloak And Dagger+1","Deflect","Accuracy","Catalyst","Accuracy","Cloak And Dagger"],"special_seed":0,"relics":["Ring of the Snake","Oddly Smooth Stone","The Courier","Bottled Flame","Orrery","Pantograph"],"potions_floor_usage":[],"damage_taken":[{"damage":0.0,"enemies":"Small Slimes","floor":1.0,"turns":4.0},{"damage":0.0,"enemies":"Cultist","floor":2.0,"turns":5.0},{"damage":0.0,"enemies":"Jaw Worm","floor":3.0,"turns":4.0},{"damage":5.0,"enemies":"Exordium Wildlife","floor":4.0,"turns":7.0},{"damage":0.0,"enemies":"Blue Slaver","floor":7.0,"turns":5.0},{"damage":20.0,"enemies":"Gremlin Nob","floor":8.0,"turns":5.0},{"damage":10.0,"enemies":"Lagavulin Event","floor":10.0,"turns":7.0},{"damage":0.0,"enemies":"Looter","floor":13.0,"turns":4.0},{"damage":0.0,"enemies":"Large Slime","floor":14.0,"turns":6.0},{"damage":16.0,"enemies":"Hexaghost","floor":16.0,"turns":12.0},{"damage":9.0,"enemies":"2 Thieves","floor":18.0,"turns":5.0},{"damage":15.0,"enemies":"3 Byrds","floor":20.0,"turns":3.0},{"damage":12,"enemies":"Snake Plant","floor":22,"turns":6},{"damage":25,"enemies":"Sentry and Sphere","floor":25,"turns":6},{"damage":10,"enemies":"Shelled Parasite and Fungi","floor":27,"turns":7},{"damage":25,"enemies":"Cultist and Chosen","floor":30,"turns":4}],"seed_played":"2996244568204929596","potions_obtained":[{"floor":7.0,"key":"Swift Potion"},{"floor":8.0,"key":"Energy Potion"},{"floor":14.0,"key":"SkillPotion"},{"floor":22,"key":"FearPotion"},{"floor":25,"key":"GhostInAJar"}],"is_trial":false,"path_per_floor":["M","M","M","M","$","R","M","E","T","?","?","R","M","M","R","B",null,"M","$","M","$","M","R","?","M","T","M","$","$","M"],"character_chosen":"THE_SILENT","items_purchased":["Footwork","Deadly Poison","Backflip","Footwork","Infinite Blades","Infinite Blades","Caltrops","Deflect","Cloak And Dagger"],"campfire_rested":2,"item_purchase_floors":[5,5,5,19,19,19,19,21,29],"current_hp_per_floor":[70,70,70,65,65,65,65,45,45,35,35,56,56,56,56,40,70,61,61,46,46,34,55,55,30,30,20,20,20,0],"gold":30,"neow_bonus":"UPGRADE_CARD","is_prod":false,"is_daily":false,"chose_seed":false,"campfire_upgraded":2,"win_rate":0.0,"timestamp":1563892400,"path_taken":["M","M","M","M","$","R","M","E","T","?","?","R","M","?","R","BOSS","M","?","M","$","M","R","?","M","T","M","?","$","M"],"build_version":"2019-07-17","purchased_purges":0,"victory":false,"max_hp_per_floor":[70,70,70,70,70,70,70,70,70,70,70,70,70,70,70,70,70,70,70,70,70,70,70,70,70,70,70,70,70,70],"card_choices":[{"not_picked":["Finisher","PiercingWail"],"picked":"Deflect","floor":1.0},{"not_picked":["Skewer","Prepared"],"picked":"Cloak And Dagger","floor":2.0},{"not_picked":["Finisher","Cloak And Dagger"],"picked":"Dodge and Roll","floor":3.0},{"not_picked":["Prepared","Bane"],"picked":"All Out Attack","floor":4.0},{"not_picked":["Escape Plan","Cloak And Dagger"],"picked":"Bouncing Flask","floor":7.0},{"not_picked":["Eviscerate","Underhanded Strike"],"picked":"PiercingWail","floor":8.0},{"not_picked":["Acrobatics","Reflex"],"picked":"Deflect","floor":10.0},{"not_picked":["Concentrate","Heel Hook"],"picked":"A Thousand Cuts","floor":13.0},{"not_picked":["Underhanded Strike","Finisher"],"picked":"Slice","floor":14.0},{"not_picked":["Die Die Die","Phantasmal Killer"],"picked":"Burst","floor":16.0},{"not_picked":["Cloak And Dagger","Blade Dance"],"picked":"Endless Agony","floor":17.0},{"not_picked":["Tactician","Leg Sweep"],"picked":"Dodge and Roll","floor":17.0},{"not_picked":["Slice","Bane"],"picked":"Deflect","floor":17.0},{"not_picked":["Dodge and Roll","Bane"],"picked":"Choke","floor":17.0},{"not_picked":["Expertise","Concentrate"],"picked":"Dagger Throw","floor":17.0},{"not_picked":["Acrobatics","PiercingWail"],"picked":"Bullet Time","floor":18.0},{"not_picked":["Acrobatics+1","Prepared"],"picked":"Cloak And Dagger+1","floor":20.0},{"not_picked":["Escape Plan","Bane"],"picked":"Accuracy","floor":22},{"not_picked":["Underhanded Strike+1","Distraction+1"],"picked":"Catalyst","floor":25},{"not_picked":["Dagger Throw","Dagger Spray+1"],"picked":"Accuracy","floor":27}],"player_experience":184794,"relics_obtained":[{"floor":8.0,"key":"Oddly Smooth Stone"},{"floor":9.0,"key":"The Courier"},{"floor":10.0,"key":"Bottled Flame"},{"floor":26,"key":"Pantograph"}],"event_choices":[{"damage_healed":0.0,"max_hp_gain":0.0,"max_hp_loss":0.0,"gold_gain":0.0,"event_name":"Dead Adventurer","player_choice":"Searched \u00271\u0027 times","floor":10.0,"gold_loss":0.0,"damage_taken":0.0},{"damage_healed":0.0,"max_hp_gain":0.0,"max_hp_loss":0.0,"gold_gain":0.0,"event_name":"Upgrade Shrine","player_choice":"Upgraded","floor":11.0,"gold_loss":0.0,"damage_taken":0.0,"cards_upgraded":["Bouncing Flask"]},{"damage_healed":0,"gold_gain":0,"player_choice":"Simplicity","damage_taken":0,"max_hp_gain":0,"max_hp_loss":0,"event_name":"Back to Basics","floor":24,"gold_loss":0,"cards_upgraded":["Strike_G","Strike_G","Strike_G","Strike_G","Strike_G","Defend_G","Defend_G","Defend_G","Defend_G","Defend_G"]}],"is_beta":false,"boss_relics":[{"not_picked":["Astrolabe","White Beast Statue"],"picked":"Orrery"}],"items_purged_floors":[],"is_endless":false,"potions_floor_spawned":[2,7,8,14,22,25],"killed_by":"Cultist and Chosen","ascension_level":0}