{"gold_per_floor":[116,21,39,39,39,56,56,3,75,75,90,103,133,163,175,261,273,297,309,321,350,362,374],"floor_reached":23,"playtime":1103,"items_purged":[],"score":353,"play_id":"2c92442a-0d8d-4cac-a1ba-4c41458099c1","local_time":"20190821164025","is_ascension_mode":true,"campfire_choices":[{"data":"Neutralize","floor":7,"key":"SMITH"},{"data":"Sucker Punch","floor":10,"key":"SMITH"},{"data":"Envenom","floor":15,"key":"SMITH"}],"neow_cost":"NONE","seed_source_timestamp":1363798035963,"circlet_count":0,"master_deck":["AscendersBane","Strike_G","Strike_G","Defend_G","Defend_G","Defend_G","Defend_G","Defend_G","Survivor","Neutralize+1","Bouncing Flask","Jack Of All Trades+1","Quick Slash","Skewer","Sucker Punch+1","Envenom+1","Bane","Terror","Backstab","Corpse Explosion","Heel Hook+1","Decay","Leg Sweep","Infinite Blades","Terror"],"relics":["Ring of the Snake","NeowsBlessing","Gremlin Horn","MawBank","White Beast Statue"],"potions_floor_usage":[11,13,16,21,23,23],"damage_taken":[{"damage":0,"enemies":"Cultist","floor":1,"turns":1},{"damage":0,"enemies":"Small Slimes","floor":3,"turns":1},{"damage":0,"enemies":"Jaw Worm","floor":6,"turns":1},{"damage":4,"enemies":"Large Slime","floor":11,"turns":5},{"damage":1,"enemies":"Exordium Thugs","floor":12,"turns":4},{"damage":8,"enemies":"Lagavulin","floor":13,"turns":6},{"damage":6,"enemies":"2 Fungi Beasts","floor":14,"turns":2},{"damage":8,"enemies":"The Guardian","floor":16,"turns":8},{"damage":17,"enemies":"Spheric Guardian","floor":18,"turns":4},{"damage":28,"enemies":"Shell Parasite","floor":21,"turns":4},{"damage":25,"enemies":"Book of Stabbing","floor":23,"turns":3}],"seed_played":"-5038047958465206092","potions_obtained":[{"floor":6,"key":"PowerPotion"},{"floor":12,"key":"Weak Potion"},{"floor":14,"key":"PowerPotion"},{"floor":18,"key":"SneckoOil"},{"floor":21,"key":"Swift Potion"}],"is_trial":false,"path_per_floor":["M","$","M","?","?","M","R","$","T","R","M","M","E","M","R","B",null,"M","?","?","M","?","E"],"character_chosen":"THE_SILENT","items_purchased":["Jack Of All Trades","Explosive Potion"],"campfire_rested":0,"item_purchase_floors":[2,8],"current_hp_per_floor":[59,59,59,59,59,59,59,59,59,59,55,54,46,40,40,32,58,41,41,41,13,13,0],"gold":374,"neow_bonus":"THREE_ENEMY_KILL","is_prod":false,"is_daily":false,"chose_seed":false,"campfire_upgraded":3,"win_rate":0,"timestamp":1566430825,"path_taken":["M","$","M","?","?","?","R","?","T","R","M","M","E","?","R","BOSS","M","?","?","?","?","E"],"build_version":"2019-07-17","purchased_purges":0,"victory":false,"max_hp_per_floor":[66,66,66,66,66,66,66,66,66,66,66,66,66,66,66,66,66,66,66,66,66,66,66],"card_choices":[{"not_picked":["Prepared","Deadly Poison"],"picked":"Bouncing Flask","floor":1},{"not_picked":["Riddle With Holes","Flechettes"],"picked":"Quick Slash","floor":3},{"not_picked":["Deadly Poison","Skewer"],"picked":"Sucker Punch","floor":6},{"not_picked":["All Out Attack","Well Laid Plans"],"picked":"Envenom","floor":11},{"not_picked":["PiercingWail","Dodge and Roll"],"picked":"Bane","floor":12},{"not_picked":["Deflect","Bane"],"picked":"Terror","floor":13},{"not_picked":["Dodge and Roll","Deflect"],"picked":"Backstab","floor":14},{"not_picked":["Bullet Time","Venomology"],"picked":"Corpse Explosion","floor":16},{"not_picked":["Footwork","Bane"],"picked":"Heel Hook+1","floor":18},{"not_picked":["Flying Knee+1","Reflex"],"picked":"Leg Sweep","floor":21}],"player_experience":713311,"relics_obtained":[{"floor":9,"key":"Gremlin Horn"},{"floor":13,"key":"MawBank"}],"event_choices":[{"damage_healed":0,"gold_gain":0,"player_choice":"Grow","damage_taken":0,"max_hp_gain":0,"max_hp_loss":0,"event_name":"Living Wall","floor":4,"gold_loss":0,"cards_upgraded":["Jack Of All Trades"]},{"damage_healed":0,"gold_gain":0,"cards_transformed":["Strike_G"],"player_choice":"Transformed","damage_taken":0,"max_hp_gain":0,"max_hp_loss":0,"event_name":"Transmorgrifier","floor":5,"gold_loss":0,"cards_obtained":["Skewer"]},{"damage_healed":0,"gold_gain":0,"player_choice":"Smashed Altar","damage_taken":0,"max_hp_gain":0,"max_hp_loss":0,"event_name":"Forgotten Altar","floor":19,"gold_loss":0,"cards_obtained":["Decay"]},{"damage_healed":0,"gold_gain":0,"player_choice":"Ignored","damage_taken":0,"max_hp_gain":0,"max_hp_loss":0,"event_name":"Ghosts","floor":20,"gold_loss":0},{"damage_healed":0,"gold_gain":0,"cards_transformed":["Strike_G","Strike_G"],"player_choice":"Became Test Subject","damage_taken":0,"max_hp_gain":0,"max_hp_loss":0,"event_name":"Drug Dealer","floor":22,"gold_loss":0,"cards_obtained":["Infinite Blades","Terror"]}],"is_beta":false,"boss_relics":[{"not_picked":["Fusion Hammer","HoveringKite"],"picked":"White Beast Statue"}],"items_purged_floors":[],"is_endless":false,"potions_floor_spawned":[6,12,14,18,21],"killed_by":"Book of Stabbing","ascension_level":17}