{"gold_per_floor":[111,36,36,36,48,74,93,93,93,93,93,125,145,45,45,150,150,165,177,13,27,47,47,72,92,168,168,168,168,267,282,282,382,382,401,412,262,362,381,381,0,0,0,0,18,45,45,60,60,60],"floor_reached":51,"playtime":4269,"items_purged":["Defend_G","Regret","Strike_G","Strike_G"],"score":1025,"play_id":"f5b4cebe-095a-4f71-a574-607140571c3a","local_time":"20190726012602","is_ascension_mode":true,"campfire_choices":[{"floor":8,"key":"REST"},{"data":"Catalyst","floor":11,"key":"SMITH"},{"floor":15,"key":"REST"},{"floor":23,"key":"REST"},{"floor":29,"key":"REST"},{"floor":32,"key":"REST"},{"floor":40,"key":"REST"},{"data":"Burst","floor":42,"key":"SMITH"},{"data":"Defend_G","floor":47,"key":"SMITH"},{"data":"Defend_G","floor":49,"key":"SMITH"}],"neow_cost":"NONE","seed_source_timestamp":183012200608200,"circlet_count":0,"master_deck":["Strike_G","Strike_G","Strike_G","Defend_G","Defend_G","Defend_G+1","Defend_G+1","Survivor+1","Neutralize","Catalyst+1","Deadly Poison","Deadly Poison+1","Noxious Fumes+1","Noxious Fumes+1","Burst+1","Leg Sweep+1","Noxious Fumes+1","Footwork+1","PiercingWail","PiercingWail","Footwork+1","Catalyst+1"],"relics":["Ring of the Snake","Kunai","Frozen Egg 2","Ancient Tea Set","Anchor","Velvet Choker","Strawberry","Gremlin Horn","Lizard Tail","Tingsha","Red Mask","Letter Opener","Mummified Hand","War Paint"],"potions_floor_usage":[6,6,16,21,27,36,50,50,50],"damage_taken":[{"damage":1,"enemies":"Small Slimes","floor":1,"turns":4},{"damage":16,"enemies":"Cultist","floor":5,"turns":5},{"damage":23,"enemies":"Gremlin Nob","floor":6,"turns":5},{"damage":4,"enemies":"2 Louse","floor":7,"turns":4},{"damage":21,"enemies":"Lagavulin","floor":12,"turns":5},{"damage":7,"enemies":"Looter","floor":13,"turns":4},{"damage":11,"enemies":"Slime Boss","floor":16,"turns":8},{"damage":23,"enemies":"2 Thieves","floor":18,"turns":5},{"damage":1,"enemies":"Shell Parasite","floor":19,"turns":4},{"damage":0,"enemies":"Chosen and Byrds","floor":21,"turns":4},{"damage":21,"enemies":"Centurion and Healer","floor":22,"turns":6},{"damage":20,"enemies":"Slavers","floor":24,"turns":5},{"damage":10,"enemies":"Snake Plant","floor":25,"turns":4},{"damage":0,"enemies":"3 Cultists","floor":27,"turns":1},{"damage":15,"enemies":"Sentry and Sphere","floor":31,"turns":4},{"damage":32,"enemies":"Collector","floor":33,"turns":6},{"damage":3,"enemies":"3 Shapes","floor":35,"turns":5},{"damage":6,"enemies":"3 Darklings","floor":36,"turns":5},{"damage":0,"enemies":"Mind Bloom Boss Battle","floor":38,"turns":3},{"damage":6,"enemies":"Spire Growth","floor":39,"turns":6},{"damage":5,"enemies":"Sphere and 2 Shapes","floor":45,"turns":5},{"damage":0,"enemies":"Reptomancer","floor":46,"turns":2},{"damage":4,"enemies":"Jaw Worm Horde","floor":48,"turns":6},{"damage":23,"enemies":"Donu and Deca","floor":50,"turns":8}],"seed_played":"2219206837473108912","potions_obtained":[{"floor":1,"key":"GhostInAJar"},{"floor":5,"key":"Fire Potion"},{"floor":10,"key":"SmokeBomb"},{"floor":10,"key":"SneckoOil"},{"floor":10,"key":"GhostInAJar"},{"floor":16,"key":"Ancient Potion"},{"floor":21,"key":"Explosive Potion"},{"floor":25,"key":"SpeedPotion"},{"floor":31,"key":"SneckoOil"},{"floor":33,"key":"Swift Potion"},{"floor":35,"key":"EssenceOfSteel"},{"floor":36,"key":"Weak Potion"}],"is_trial":false,"path_per_floor":["M","$","?","?","M","E","M","R","T","?","R","E","M","$","R","B",null,"M","M","$","M","M","R","E","M","T","M","?","R","?","M","R","B",null,"M","M","$","?","M","R","?","R","T","T","M","E","R","M","R","B",null],"character_chosen":"THE_SILENT","items_purchased":["Footwork+1"],"campfire_rested":6,"item_purchase_floors":[20],"current_hp_per_floor":[69,69,69,69,53,30,26,49,49,49,49,28,21,21,44,33,66,43,42,42,42,21,44,31,21,21,21,21,46,46,31,56,24,69,66,60,60,60,54,79,79,79,79,79,74,74,74,70,70,47],"gold":60,"neow_bonus":"TEN_PERCENT_HP_BONUS","is_prod":false,"is_daily":false,"chose_seed":false,"campfire_upgraded":4,"win_rate":0,"timestamp":1564075562,"path_taken":["M","$","?","?","M","E","M","R","T","?","R","E","M","$","R","BOSS","M","M","$","?","M","R","E","M","T","M","?","R","?","M","R","BOSS","M","M","$","?","M","R","?","R","T","?","M","E","R","M","R","BOSS"],"build_version":"2019-07-17","purchased_purges":4,"victory":true,"max_hp_per_floor":[77,77,77,77,77,77,77,77,77,77,77,77,77,77,77,77,77,77,77,77,77,77,77,84,84,84,84,84,84,84,84,84,84,84,84,84,84,84,84,84,84,84,84,84,84,84,84,84,84,84],"card_choices":[{"not_picked":["Reflex","Quick Slash"],"picked":"Catalyst","floor":1},{"not_picked":["Quick Slash","Underhanded Strike"],"picked":"Deadly Poison","floor":5},{"not_picked":["Glass Knife","Underhanded Strike"],"picked":"Deadly Poison","floor":6},{"not_picked":["Expertise","Masterful Stab"],"picked":"Noxious Fumes+1","floor":7},{"not_picked":["Heel Hook","Acrobatics"],"picked":"Noxious Fumes+1","floor":12},{"not_picked":["Escape Plan","PiercingWail","Calculated Gamble"],"picked":"SKIP","floor":13},{"not_picked":["Night Terror","Venomology"],"picked":"Burst","floor":16},{"not_picked":["Bane+1","Flying Knee"],"picked":"Leg Sweep+1","floor":18},{"not_picked":["Dodge and Roll","Finisher"],"picked":"Noxious Fumes+1","floor":19},{"not_picked":["Eviscerate","Riddle With Holes","Accuracy+1"],"picked":"SKIP","floor":21},{"not_picked":["Sucker Punch","Bane","Blade Dance"],"picked":"SKIP","floor":22},{"not_picked":["Bane","Backflip"],"picked":"PiercingWail","floor":24},{"not_picked":["Backflip+1","Blade Dance+1","Dash+1"],"picked":"SKIP","floor":25},{"not_picked":["Accuracy+1","Prepared","Sucker Punch"],"picked":"SKIP","floor":31},{"not_picked":["Blade Dance","Reflex+1","Prepared"],"picked":"SKIP","floor":35},{"not_picked":["Leg Sweep","Masterful Stab"],"picked":"PiercingWail","floor":36},{"not_picked":["Crippling Poison+1","Outmaneuver"],"picked":"Footwork+1","floor":38},{"not_picked":["Setup","Riddle With Holes"],"picked":"Catalyst+1","floor":39},{"not_picked":["Quick Slash","Endless Agony+1","Deadly Poison+1"],"picked":"SKIP","floor":45},{"not_picked":["Backflip","Choke","All Out Attack"],"picked":"SKIP","floor":46},{"not_picked":["Flying Knee+1","Crippling Poison+1","Tactician+1"],"picked":"SKIP","floor":48}],"player_experience":664220,"relics_obtained":[{"floor":6,"key":"Frozen Egg 2"},{"floor":9,"key":"Ancient Tea Set"},{"floor":12,"key":"Anchor"},{"floor":24,"key":"Strawberry"},{"floor":26,"key":"Gremlin Horn"},{"floor":38,"key":"Tingsha"},{"floor":43,"key":"Letter Opener"},{"floor":44,"key":"Mummified Hand"},{"floor":46,"key":"War Paint"}],"event_choices":[{"damage_healed":0,"gold_gain":0,"player_choice":"Box","damage_taken":0,"relics_obtained":["Kunai"],"max_hp_gain":0,"max_hp_loss":0,"event_name":"Big Fish","floor":3,"gold_loss":0,"cards_obtained":["Regret"]},{"damage_healed":0,"gold_gain":0,"player_choice":"Leave","damage_taken":0,"max_hp_gain":0,"max_hp_loss":0,"event_name":"The Cleric","floor":4,"gold_loss":0},{"damage_healed":0,"gold_gain":0,"player_choice":"Got Potions","damage_taken":0,"max_hp_gain":0,"max_hp_loss":0,"event_name":"Lab","floor":10,"gold_loss":0},{"damage_healed":0,"gold_gain":0,"player_choice":"Ignored","damage_taken":0,"max_hp_gain":0,"max_hp_loss":0,"event_name":"Vampires","floor":28,"gold_loss":0},{"damage_healed":0,"gold_gain":99,"player_choice":"Stole From Cult","damage_taken":0,"max_hp_gain":0,"max_hp_loss":0,"event_name":"Nest","floor":30,"gold_loss":0},{"damage_healed":0,"gold_gain":0,"player_choice":"Fight","damage_taken":0,"max_hp_gain":0,"max_hp_loss":0,"event_name":"MindBloom","floor":38,"gold_loss":0},{"damage_healed":0,"gold_gain":0,"player_choice":"Paid","damage_taken":0,"relics_obtained":["Red Mask"],"max_hp_gain":0,"max_hp_loss":0,"event_name":"Tomb of Lord Red Mask","floor":41,"gold_loss":381}],"is_beta":false,"boss_relics":[{"not_picked":["Astrolabe","Coffee Dripper"],"picked":"Velvet Choker"},{"not_picked":["Runic Pyramid","Snecko Eye"],"picked":"Lizard Tail"}],"items_purged_floors":[2,14,20,37],"is_endless":false,"potions_floor_spawned":[1,5,16,21,25,31,33,35,36],"ascension_level":9}