{"gold_per_floor":[215,234,234,13,26,26,39,39,39,39,51,76,91,107,107,107],"floor_reached":16,"playtime":1828,"items_purged":["Strike_R"],"score":120,"play_id":"833e5f34-2137-4681-a2de-10f7f29b1d64","local_time":"20190727233107","is_ascension_mode":true,"campfire_choices":[{"data":"True Grit","floor":6,"key":"SMITH"},{"data":"Iron Wave","floor":8,"key":"SMITH"},{"floor":15,"key":"REST"}],"neow_cost":"NONE","seed_source_timestamp":0,"circlet_count":0,"master_deck":["Strike_R","Strike_R","Strike_R","Defend_R","Defend_R","Defend_R","Defend_R","Bash","Body Slam","True Grit+1","Feel No Pain","Iron Wave+1","Seeing Red","Seeing Red","Dual Wield","Body Slam"],"special_seed":0,"relics":["Burning Blood","Bronze Scales","Sundial"],"potions_floor_usage":[16],"damage_taken":[{"damage":7,"enemies":"Small Slimes","floor":1,"turns":4},{"damage":1,"enemies":"Cultist","floor":2,"turns":3},{"damage":13,"enemies":"Jaw Worm","floor":5,"turns":4},{"damage":12,"enemies":"Red Slaver","floor":7,"turns":5},{"damage":5,"enemies":"Gremlin Gang","floor":11,"turns":5},{"damage":32,"enemies":"Gremlin Nob","floor":12,"turns":4},{"damage":1,"enemies":"Exordium Wildlife","floor":13,"turns":4},{"damage":6,"enemies":"Blue Slaver","floor":14,"turns":4},{"damage":71,"enemies":"Slime Boss","floor":16,"turns":12}],"seed_played":"8574012739512515657","potions_obtained":[{"floor":7,"key":"Strength Potion"},{"floor":12,"key":"SneckoOil"},{"floor":13,"key":"BloodPotion"}],"is_trial":false,"path_per_floor":["M","M","?","$","M","R","M","R","T","?","M","E","M","M","R","B"],"character_chosen":"IRONCLAD","items_purchased":["Body Slam","True Grit","Feel No Pain"],"campfire_rested":1,"item_purchase_floors":[4,4,4],"current_hp_per_floor":[79,80,80,80,73,73,67,67,67,67,68,42,47,47,71,0],"gold":107,"neow_bonus":"HUNDRED_GOLD","is_prod":false,"is_daily":false,"chose_seed":false,"campfire_upgraded":2,"win_rate":0,"timestamp":1564241467,"path_taken":["M","M","?","$","M","R","?","R","T","?","M","E","?","?","R","BOSS"],"build_version":"2019-07-17","purchased_purges":1,"victory":false,"max_hp_per_floor":[80,80,80,80,80,80,80,80,80,80,80,80,80,80,80,80],"card_choices":[{"not_picked":["Iron Wave","Armaments","Clothesline"],"picked":"SKIP","floor":1},{"not_picked":["Armaments","Infernal Blade","Warcry"],"picked":"SKIP","floor":2},{"not_picked":["Anger","Heavy Blade"],"picked":"Iron Wave","floor":5},{"not_picked":["Sword Boomerang","Iron Wave","Flex"],"picked":"SKIP","floor":7},{"not_picked":["Sword Boomerang","Hemokinesis"],"picked":"Seeing Red","floor":11},{"not_picked":["Dual Wield","Reaper"],"picked":"Seeing Red","floor":12},{"not_picked":["Armaments","Warcry"],"picked":"Dual Wield","floor":13},{"not_picked":["Pommel Strike","Anger"],"picked":"Body Slam","floor":14}],"player_experience":706587,"relics_obtained":[{"floor":9,"key":"Bronze Scales"},{"floor":12,"key":"Sundial"}],"event_choices":[{"damage_healed":0,"gold_gain":0,"player_choice":"Ignored","damage_taken":0,"max_hp_gain":0,"max_hp_loss":0,"event_name":"WeMeetAgain","floor":3,"gold_loss":0},{"cards_removed":["Strike_R"],"damage_healed":0,"gold_gain":0,"player_choice":"Offered Basic","damage_taken":0,"max_hp_gain":0,"max_hp_loss":0,"event_name":"Bonfire Elementals","floor":10,"gold_loss":0}],"is_beta":false,"boss_relics":[],"items_purged_floors":[4],"is_endless":false,"potions_floor_spawned":[7,12,13],"killed_by":"Slime Boss","ascension_level":3}