{"gold_per_floor":[110,110,24,44,58,87,87,113,113,78,98,117,137,165,165,242,242,253,168,168,187,10,10],"floor_reached":23,"playtime":1277,"items_purged":[],"score":390,"play_id":"2253e828-60f4-417f-9ed0-0d8d7ce9baf4","local_time":"20190723110750","is_ascension_mode":true,"campfire_choices":[{"data":"Go for the Eyes","floor":7,"key":"SMITH"},{"data":"Chaos","floor":15,"key":"SMITH"}],"neow_cost":"TEN_PERCENT_HP_LOSS","seed_source_timestamp":916527032095087,"circlet_count":0,"master_deck":["AscendersBane","Strike_B","Strike_B","Strike_B","Strike_B","Defend_B+1","Defend_B","Defend_B+1","Defend_B","Zap","Dualcast","Core Surge","Conserve Battery+1","Self Repair","Go for the Eyes+1","Rip and Tear","Self Repair","Gash","Streamline","Chaos+1","Steam Power","Machine Learning","Conserve Battery","Cold Snap","Defragment","Conserve Battery","Rip and Tear"],"relics":["Cracked Core","Pantograph","Bag of Marbles","Symbiotic Virus","War Paint","Nuclear Battery","Potion Belt"],"potions_floor_usage":[8,18,23],"damage_taken":[{"damage":8,"enemies":"2 Louse","floor":1,"turns":2},{"damage":1,"enemies":"Cultist","floor":4,"turns":3},{"damage":0,"enemies":"Jaw Worm","floor":5,"turns":3},{"damage":35,"enemies":"3 Sentries","floor":6,"turns":9},{"damage":16,"enemies":"Lagavulin","floor":8,"turns":8},{"damage":0,"enemies":"3 Louse","floor":11,"turns":2},{"damage":0,"enemies":"Looter","floor":12,"turns":3},{"damage":0,"enemies":"2 Fungi Beasts","floor":13,"turns":2},{"damage":28,"enemies":"3 Sentries","floor":14,"turns":8},{"damage":31,"enemies":"Slime Boss","floor":16,"turns":11},{"damage":2,"enemies":"3 Byrds","floor":18,"turns":6},{"damage":24,"enemies":"2 Thieves","floor":21,"turns":4},{"damage":62,"enemies":"Gremlin Leader","floor":23,"turns":9}],"seed_played":"4495593645213189245","potions_obtained":[{"floor":4,"key":"PowerPotion"},{"floor":5,"key":"EssenceOfSteel"},{"floor":11,"key":"Fire Potion"}],"is_trial":false,"path_per_floor":["M","?","$","M","M","E","R","E","T","?","M","M","M","E","R","B",null,"M","?","?","M","$","E"],"character_chosen":"DEFECT","items_purchased":["Self Repair","Defragment","Conserve Battery","Rip and Tear"],"campfire_rested":0,"item_purchase_floors":[3,22,22,22],"current_hp_per_floor":[56,56,56,62,64,36,36,27,27,43,50,64,64,50,50,47,60,64,64,64,47,47,0],"gold":10,"neow_bonus":"THREE_RARE_CARDS","is_prod":false,"is_daily":false,"chose_seed":false,"campfire_upgraded":2,"win_rate":0,"timestamp":1563894470,"path_taken":["M","?","?","M","M","E","R","E","T","?","?","M","M","E","R","BOSS","M","?","?","M","$","E"],"build_version":"2019-07-17","purchased_purges":0,"victory":false,"max_hp_per_floor":[64,64,64,64,64,64,64,64,64,64,64,64,64,64,64,64,64,64,64,64,64,64,64],"card_choices":[{"not_picked":["Meteor Strike","Thunder Strike"],"picked":"Core Surge","floor":0},{"not_picked":["Streamline","Barrage"],"picked":"Conserve Battery","floor":1},{"not_picked":["Hologram","Stack"],"picked":"Go for the Eyes","floor":4},{"not_picked":["Fusion","Rebound"],"picked":"Rip and Tear","floor":5},{"not_picked":["Reprogram","Scrape","Echo Form"],"picked":"SKIP","floor":6},{"not_picked":["Coolheaded","Beam Cell"],"picked":"Self Repair","floor":8},{"not_picked":["Beam Cell","Coolheaded"],"picked":"Gash","floor":11},{"not_picked":["Go for the Eyes","Rebound"],"picked":"Streamline","floor":12},{"not_picked":["Compile Driver","Lockon"],"picked":"Chaos","floor":13},{"not_picked":["Hologram","Blizzard"],"picked":"Steam Power","floor":14},{"not_picked":["Meteor Strike","Buffer"],"picked":"Machine Learning","floor":16},{"not_picked":["Cold Snap","Sweeping Beam"],"picked":"Conserve Battery","floor":18},{"not_picked":["Beam Cell","Steam"],"picked":"Cold Snap","floor":21}],"player_experience":933291,"relics_obtained":[{"floor":6,"key":"Pantograph"},{"floor":8,"key":"Bag of Marbles"},{"floor":9,"key":"Symbiotic Virus"},{"floor":14,"key":"War Paint"}],"event_choices":[{"damage_healed":0,"gold_gain":0,"player_choice":"Upgraded","damage_taken":0,"max_hp_gain":0,"max_hp_loss":0,"event_name":"Upgrade Shrine","floor":2,"gold_loss":0,"cards_upgraded":["Conserve Battery"]},{"damage_healed":16,"gold_gain":0,"player_choice":"Healed","damage_taken":0,"max_hp_gain":0,"max_hp_loss":0,"event_name":"The Cleric","floor":10,"gold_loss":35},{"damage_healed":0,"gold_gain":0,"player_choice":"Obtained Relic","damage_taken":0,"relics_obtained":["Potion Belt"],"max_hp_gain":0,"max_hp_loss":0,"event_name":"Addict","floor":19,"gold_loss":85},{"damage_healed":0,"gold_gain":0,"player_choice":"Ignored","damage_taken":0,"max_hp_gain":0,"max_hp_loss":0,"event_name":"Vampires","floor":20,"gold_loss":0}],"is_beta":false,"boss_relics":[{"not_picked":["Calling Bell","Busted Crown"],"picked":"Nuclear Battery"}],"items_purged_floors":[],"is_endless":false,"potions_floor_spawned":[4,5,6,11,16],"killed_by":"Gremlin Leader","ascension_level":17}