{"gold_per_floor":[117,117,117,117,131,131,151,151,232,247,422,439,439,148,148,246,246,257,270,62,161,131,131,163,163,217,217,232,248,261,281,281,281],"floor_reached":33,"playtime":2923,"items_purged":["Doubt","Strike_B"],"score":360,"play_id":"56b650a2-8133-4b73-80a5-3077269edda4","local_time":"20190821135611","is_ascension_mode":true,"campfire_choices":[{"data":"Rainbow","floor":6.0,"key":"SMITH"},{"floor":8.0,"key":"REST"},{"floor":13.0,"key":"REST"},{"data":"Zap","floor":15.0,"key":"SMITH"},{"floor":23.0,"key":"REST"},{"floor":25.0,"key":"REST"},{"floor":27.0,"key":"REST"},{"floor":32,"key":"REST"}],"neow_cost":"NONE","seed_source_timestamp":12293232630259,"circlet_count":0,"master_deck":["Strike_B","Strike_B","Strike_B","Defend_B","Defend_B","Defend_B","Defend_B","Zap+1","Dualcast","Defragment+1","Rainbow+1","Conserve Battery","Beam Cell","Compile Driver","FTL","Seek","Undo","Defragment","Glacier","Heatsinks","Auto Shields+1","Chill"],"special_seed":0,"relics":["Cracked Core","Meat on the Bone","Bronze Scales","Orichalcum","Art of War"],"potions_floor_usage":[31],"damage_taken":[{"damage":7.0,"enemies":"Jaw Worm","floor":1.0,"turns":3.0},{"damage":8.0,"enemies":"Small Slimes","floor":5.0,"turns":3.0},{"damage":0.0,"enemies":"2 Louse","floor":7.0,"turns":3.0},{"damage":26.0,"enemies":"Gremlin Gang","floor":10.0,"turns":5.0},{"damage":8.0,"enemies":"2 Fungi Beasts","floor":12.0,"turns":3.0},{"damage":1.0,"enemies":"Slime Boss","floor":16.0,"turns":7.0},{"damage":40.0,"enemies":"2 Thieves","floor":18.0,"turns":4.0},{"damage":5.0,"enemies":"Shell Parasite","floor":19.0,"turns":6.0},{"damage":74.0,"enemies":"Gremlin Leader","floor":24.0,"turns":9.0},{"damage":9.0,"enemies":"Cultist and Chosen","floor":28.0,"turns":8.0},{"damage":10.0,"enemies":"Centurion and Healer","floor":29.0,"turns":13.0},{"damage":19,"enemies":"Snake Plant","floor":30,"turns":4},{"damage":5,"enemies":"Shelled Parasite and Fungi","floor":31,"turns":7},{"damage":116,"enemies":"Champ","floor":33,"turns":17}],"seed_played":"3822523656360332938","potions_obtained":[{"floor":1.0,"key":"FocusPotion"},{"floor":5.0,"key":"Explosive Potion"},{"floor":12.0,"key":"SteroidPotion"},{"floor":16.0,"key":"EssenceOfSteel"},{"floor":18.0,"key":"Block Potion"},{"floor":22.0,"key":"FairyPotion"},{"floor":22.0,"key":"SteroidPotion"},{"floor":29.0,"key":"Energy Potion"}],"is_trial":false,"path_per_floor":["M","?","?","?","M","R","M","R","T","M","?","M","R","$","R","B",null,"M","M","$","?","?","R","E","R","T","R","M","M","M","M","R","B"],"character_chosen":"DEFECT","items_purchased":["FTL","Bronze Scales","Defragment","Glacier"],"campfire_rested":6,"item_purchase_floors":[14,14,20,20],"current_hp_per_floor":[68,68,73,73,65,65,65,87,87,61,61,53,79,79,79,78,85,45,52,52,52,52,78,16,42,42,68,59,49,42,49,75,0],"gold":281,"neow_bonus":"TEN_PERCENT_HP_BONUS","is_prod":false,"is_daily":false,"chose_seed":false,"campfire_upgraded":2,"win_rate":0,"timestamp":1566392171,"path_taken":["M","?","?","?","M","R","M","R","T","?","?","M","R","$","R","BOSS","M","M","$","?","?","R","E","R","T","R","M","?","?","M","R","BOSS"],"build_version":"2019-07-17","purchased_purges":2,"victory":false,"max_hp_per_floor":[82,82,87,87,87,87,87,87,87,87,87,87,87,87,87,87,87,87,87,87,87,87,87,87,87,87,87,87,87,87,87,87,87],"card_choices":[{"not_picked":["Genetic Algorithm","Self Repair"],"picked":"Defragment","floor":1.0},{"not_picked":["Streamline","Stack","Conserve Battery"],"picked":"SKIP","floor":5.0},{"not_picked":["Streamline","Stack","Conserve Battery"],"picked":"SKIP","floor":5.0},{"not_picked":["Scrape","Leap"],"picked":"Beam Cell","floor":7.0},{"not_picked":["Steam","Streamline","Steam Power"],"picked":"SKIP","floor":10.0},{"not_picked":["Sweeping Beam","Rip and Tear"],"picked":"Compile Driver","floor":12.0},{"not_picked":["Hyperbeam","Amplify"],"picked":"Seek","floor":16.0},{"not_picked":["Stack+1","Fusion"],"picked":"Undo","floor":18.0},{"not_picked":["FTL","Sweeping Beam","Streamline"],"picked":"SKIP","floor":19.0},{"not_picked":["Leap","Barrage","Streamline"],"picked":"SKIP","floor":24.0},{"not_picked":["Redo","Static Discharge","Steam"],"picked":"SKIP","floor":28.0},{"not_picked":["Gash","Rebound"],"picked":"Heatsinks","floor":29.0},{"not_picked":["Skim+1","Scrape"],"picked":"Auto Shields+1","floor":30},{"not_picked":["Heatsinks","Rebound"],"picked":"Chill","floor":31}],"player_experience":478880,"relics_obtained":[{"floor":9.0,"key":"Meat on the Bone"},{"floor":24.0,"key":"Orichalcum"},{"floor":26.0,"key":"Art of War"}],"event_choices":[{"damage_healed":0.0,"max_hp_gain":0.0,"max_hp_loss":0.0,"gold_gain":0.0,"event_name":"Living Wall","player_choice":"Grow","floor":2.0,"gold_loss":0.0,"damage_taken":0.0,"cards_upgraded":["Defragment"]},{"damage_healed":0.0,"max_hp_gain":5.0,"max_hp_loss":0.0,"gold_gain":0.0,"event_name":"Big Fish","player_choice":"Donut","floor":3.0,"gold_loss":0.0,"damage_taken":0.0},{"damage_healed":0.0,"max_hp_gain":0.0,"max_hp_loss":0.0,"gold_gain":0.0,"event_name":"Match and Keep!","player_choice":"2 cards matched","floor":4.0,"gold_loss":0.0,"damage_taken":0.0,"cards_obtained":["Rainbow","Conserve Battery"]},{"damage_healed":0.0,"max_hp_gain":0.0,"max_hp_loss":0.0,"gold_gain":175.0,"event_name":"Liars Game","player_choice":"AGREE","floor":11.0,"gold_loss":0.0,"damage_taken":0.0,"cards_obtained":["Doubt"]},{"damage_healed":0.0,"max_hp_gain":0.0,"max_hp_loss":0.0,"gold_gain":99.0,"event_name":"Nest","player_choice":"Stole From Cult","floor":21.0,"gold_loss":0.0,"damage_taken":0.0},{"damage_healed":0.0,"max_hp_gain":0.0,"max_hp_loss":0.0,"gold_gain":0.0,"event_name":"The Woman in Blue","player_choice":"Bought 2 Potions","floor":22.0,"gold_loss":0.0,"damage_taken":0.0}],"is_beta":false,"boss_relics":[{"not_picked":["Runic Dome","Coffee Dripper","Fusion Hammer"]}],"items_purged_floors":[14,20],"is_endless":false,"potions_floor_spawned":[1,5,12,16,18,29],"killed_by":"Champ","ascension_level":8}