{"gold_per_floor":[112,37,37,37,52,52,62,83,83,116,128,144,155,168,168,270,270,288,288],"floor_reached":19,"playtime":2368,"items_purged":["Strike_G"],"score":188,"play_id":"05842cd9-7d75-42bd-8875-f92fe2760eb5","local_time":"20180729160407","is_ascension_mode":true,"campfire_choices":[{"data":"Defend_G","floor":6,"key":"SMITH"},{"floor":15,"key":"REST"}],"neow_cost":"NONE","seed_source_timestamp":606400649692447,"circlet_count":0,"master_deck":["Defend_G+1","Defend_G","Defend_G","Defend_G","Defend_G","Strike_G","Strike_G","Strike_G","Survivor","Neutralize","Endless Agony","Acrobatics","Backflip","Flying Knee","Deflect","Flying Knee","Well Laid Plans","Outmaneuver","Phantasmal Killer","Flying Knee"],"relics":["Ring of the Snake","Odd Mushroom","Mercury Hourglass","Bag of Marbles"],"potions_floor_usage":[7,16,16,18],"damage_taken":[{"damage":0,"enemies":"Cultist","floor":1,"turns":4},{"damage":0,"enemies":"Jaw Worm","floor":5,"turns":6},{"damage":0,"enemies":"Small Slimes","floor":7,"turns":5},{"damage":23,"floor":8,"turns":7},{"damage":23,"enemies":"Lagavulin","floor":10,"turns":11},{"damage":0,"enemies":"Exordium Wildlife","floor":11,"turns":2},{"damage":0,"enemies":"3 Louse","floor":12,"turns":2},{"damage":0,"enemies":"Large Slime","floor":13,"turns":4},{"damage":5,"enemies":"Exordium Thugs","floor":14,"turns":4},{"damage":16,"enemies":"The Guardian","floor":16,"turns":17},{"damage":37,"enemies":"3 Byrds","floor":18,"turns":6},{"damage":0,"enemies":"2 Thieves","floor":19,"turns":1}],"seed_played":"-8231429824574579171","potions_obtained":[{"floor":5,"key":"Fruit Juice"},{"floor":8,"key":"Block Potion"},{"floor":14,"key":"GhostInAJar"},{"floor":16,"key":"Regen Potion"}],"is_trial":false,"path_per_floor":["M","$","$","?","M","R","M","?","T","E","M","M","M","M","R","B",null,"M"],"character_chosen":"THE_SILENT","items_purchased":[],"campfire_rested":1,"item_purchase_floors":[],"current_hp_per_floor":[70,70,70,70,70,70,75,52,52,29,29,29,29,24,46,30,75,46,46],"gold":288,"neow_bonus":"TRANSFORM_CARD","is_prod":false,"is_daily":false,"chose_seed":false,"campfire_upgraded":1,"win_rate":0,"timestamp":1532851447,"path_taken":["M","?","$","?","M","R","?","?","T","E","M","M","M","M","R","BOSS","M","M"],"build_version":"2018-07-26","purchased_purges":1,"victory":false,"max_hp_per_floor":[70,70,70,70,70,70,75,75,75,75,75,75,75,75,75,75,75,75,75],"card_choices":[{"not_picked":["Deflect","Bane"],"picked":"Acrobatics","floor":1},{"not_picked":["PiercingWail","All Out Attack"],"picked":"Backflip","floor":5},{"not_picked":["Poisoned Stab","Cloak And Dagger"],"picked":"Flying Knee","floor":7},{"not_picked":["Tactician","Dash"],"picked":"Deflect","floor":8},{"not_picked":["Glass Knife","PiercingWail"],"picked":"Flying Knee","floor":10},{"not_picked":["Reflex","Blur","Infinite Blades"],"picked":"SKIP","floor":11},{"not_picked":["Riddle With Holes","Backflip"],"picked":"Well Laid Plans","floor":12},{"not_picked":["All Out Attack","Flying Knee"],"picked":"Outmaneuver","floor":13},{"not_picked":["Dagger Spray","Masterful Stab","Caltrops"],"picked":"SKIP","floor":14},{"not_picked":["Doppelganger","Wraith Form v2"],"picked":"Phantasmal Killer","floor":16},{"not_picked":["Deadly Poison","Poisoned Stab"],"picked":"Flying Knee","floor":18}],"player_experience":69704,"relics_obtained":[{"floor":8,"key":"Odd Mushroom"},{"floor":9,"key":"Mercury Hourglass"},{"floor":10,"key":"Bag of Marbles"}],"event_choices":[{"event_name":"Liars Game","player_choice":"disagreed","floor":4,"damage_taken":0},{"event_name":"Mushrooms","player_choice":"Fought Mushrooms","floor":8,"damage_taken":0}],"is_beta":false,"boss_relics":[{"not_picked":["White Beast Statue","Snecko Eye","Runic Dome"]}],"items_purged_floors":[2],"is_endless":false,"potions_floor_spawned":[5,8,14,16],"killed_by":"2 Thieves","ascension_level":2}