{"gold_per_floor":[115,132,149,74,93,93,110,110,134,160,178,198,212,79,79,174,174,193,193,209,37,37,37,62,62],"floor_reached":25,"playtime":2977,"items_purged":["Strike_G","Distraction"],"score":275,"play_id":"4fe1f3eb-4059-49fd-8549-4a54b65ae64c","local_time":"20180731204432","is_ascension_mode":true,"campfire_choices":[{"data":"Cloak And Dagger","floor":6,"key":"SMITH"},{"data":"Escape Plan","floor":8,"key":"SMITH"},{"data":"Infinite Blades","floor":15,"key":"SMITH"},{"data":"Blade Dance","floor":23,"key":"SMITH"}],"neow_cost":"NONE","seed_source_timestamp":795418377654816,"circlet_count":0,"master_deck":["Survivor","Neutralize+1","Blade Dance+1","Cloak And Dagger+1","Calculated Gamble","Escape Plan","Escape Plan+1","Blade Dance","Deadly Poison","Infinite Blades+1","Flash of Steel","Adrenaline","Bane","Choke","Deadly Poison","PiercingWail","Flechettes","Poisoned Stab","Choke","Masterful Stab","Poisoned Stab","Prepared","Deflect","Deadly Poison","Backflip"],"relics":["Ring of the Snake","Boot","Art of War","Pandora\u0027s Box","Pen Nib"],"potions_floor_usage":[10,16,16,16],"damage_taken":[{"damage":0,"enemies":"2 Louse","floor":1,"turns":3},{"damage":0,"enemies":"Cultist","floor":2,"turns":3},{"damage":0,"enemies":"Small Slimes","floor":3,"turns":4},{"damage":0,"enemies":"Blue Slaver","floor":5,"turns":4},{"damage":0,"enemies":"Exordium Wildlife","floor":7,"turns":2},{"damage":0,"enemies":"Lagavulin","floor":10,"turns":9},{"damage":0,"enemies":"Looter","floor":11,"turns":3},{"damage":0,"enemies":"2 Fungi Beasts","floor":12,"turns":3},{"damage":0,"enemies":"Exordium Wildlife","floor":13,"turns":4},{"damage":19,"enemies":"The Guardian","floor":16,"turns":12},{"damage":0,"enemies":"Chosen","floor":18,"turns":3},{"damage":1,"enemies":"3 Byrds","floor":20,"turns":3},{"damage":40,"enemies":"Slavers","floor":24,"turns":5},{"damage":21,"enemies":"3 Cultists","floor":25,"turns":3}],"seed_played":"-7147500573016526999","potions_obtained":[{"floor":1,"key":"Explosive Potion"},{"floor":3,"key":"SpeedPotion"},{"floor":5,"key":"AttackPotion"},{"floor":11,"key":"Dexterity Potion"}],"is_trial":false,"path_per_floor":["M","M","M","$","M","R","M","R","T","E","M","M","M","$","R","B",null,"M","?","M","$","?","R","E"],"character_chosen":"THE_SILENT","items_purchased":["Infinite Blades","Flash of Steel","Deflect","Deadly Poison"],"campfire_rested":0,"item_purchase_floors":[14,14,21,21],"current_hp_per_floor":[70,70,70,70,70,70,70,70,70,70,70,70,70,70,70,51,70,70,70,69,69,56,56,16,0],"gold":62,"neow_bonus":"UPGRADE_CARD","is_prod":false,"is_daily":false,"chose_seed":false,"campfire_upgraded":4,"win_rate":0,"timestamp":1533041072,"path_taken":["M","M","M","$","M","R","M","R","T","E","M","M","M","$","R","BOSS","M","?","?","?","?","R","E","M"],"build_version":"2018-07-26","purchased_purges":2,"victory":false,"max_hp_per_floor":[70,70,70,70,70,70,70,70,70,70,70,70,70,70,70,70,70,70,70,70,70,75,75,75,75],"card_choices":[{"not_picked":["Masterful Stab","Slice"],"picked":"Blade Dance","floor":1},{"not_picked":["Dagger Spray","Dodge and Roll"],"picked":"Cloak And Dagger","floor":2},{"not_picked":["Bane","Sucker Punch"],"picked":"Calculated Gamble","floor":3},{"not_picked":["Wraith Form v2","Skewer"],"picked":"Escape Plan","floor":5},{"not_picked":["Acrobatics","PiercingWail"],"picked":"Escape Plan","floor":7},{"not_picked":["Acrobatics","Eviscerate"],"picked":"Distraction","floor":10},{"not_picked":["Sucker Punch","Poisoned Stab","Underhanded Strike"],"picked":"SKIP","floor":11},{"not_picked":["Bouncing Flask","Underhanded Strike"],"picked":"Blade Dance","floor":12},{"not_picked":["Flying Knee","Leg Sweep"],"picked":"Deadly Poison","floor":13},{"not_picked":["Tools of the Trade","Phantasmal Killer"],"picked":"Adrenaline","floor":16},{"not_picked":["PiercingWail","Slice+1"],"picked":"Prepared","floor":18},{"not_picked":["Sucker Punch+1","Acrobatics","Bouncing Flask"],"picked":"SKIP","floor":20},{"not_picked":["Dash","Quick Slash"],"picked":"Backflip","floor":24}],"player_experience":88395,"relics_obtained":[{"floor":9,"key":"Boot"},{"floor":10,"key":"Art of War"},{"floor":24,"key":"Pen Nib"}],"event_choices":[{"event_name":"Ghosts","player_choice":"Ignored","floor":19,"damage_taken":0},{"event_name":"Forgotten Altar","player_choice":"Shed Blood","floor":22,"damage_taken":0}],"is_beta":false,"boss_relics":[{"not_picked":["Sozu","Lizard Tail"],"picked":"Pandora\u0027s Box"}],"items_purged_floors":[4,21],"is_endless":false,"potions_floor_spawned":[1,3,5,11],"killed_by":"3 Cultists","ascension_level":2}