{"gold_per_floor":[119,137,87,12,29,29,41,73,73,103,103,103,3,27,27,132,132,152,168,10,10,24,24,24],"floor_reached":24,"playtime":2902,"items_purged":["Defend_G","Strike_G","Strike_G"],"score":245,"play_id":"15e490cf-6ed0-4f85-aa2b-ce66c4469d81","local_time":"20181016043646","is_ascension_mode":true,"campfire_choices":[{"data":"Prepared","floor":6,"key":"SMITH"},{"floor":12,"key":"REST"},{"data":"Neutralize","floor":15,"key":"SMITH"},{"floor":23,"key":"REST"}],"neow_cost":"","seed_source_timestamp":0,"circlet_count":0,"master_deck":["Defend_G","Defend_G","Defend_G","Strike_G","Strike_G","Survivor","Neutralize+1","Terror","All Out Attack","Prepared+1","Reflex","Backflip","Prepared","Eviscerate","Underhanded Strike+1"],"special_seed":0,"relics":["Ring of the Snake","Matryoshka","Potion Belt","Letter Opener","Shuriken","Pear","Orichalcum"],"potions_floor_usage":[8,8,16,24],"damage_taken":[{"damage":0,"enemies":"2 Louse","floor":1,"turns":4},{"damage":1,"enemies":"Small Slimes","floor":2,"turns":5},{"damage":0,"enemies":"Cultist","floor":5,"turns":2},{"damage":1,"enemies":"Blue Slaver","floor":7,"turns":4},{"damage":20,"enemies":"3 Sentries","floor":8,"turns":10},{"damage":16,"enemies":"Lagavulin","floor":10,"turns":9},{"damage":22,"enemies":"Hexaghost","floor":16,"turns":9},{"damage":16,"enemies":"Chosen","floor":18,"turns":6},{"damage":28,"enemies":"Spheric Guardian","floor":19,"turns":6},{"damage":16,"enemies":"3 Cultists","floor":22,"turns":6},{"damage":45,"enemies":"Slavers","floor":24,"turns":4}],"seed_played":"3361837281559237794","potions_obtained":[{"floor":5,"key":"Block Potion"},{"floor":7,"key":"SteroidPotion"},{"floor":10,"key":"AttackPotion"},{"floor":22,"key":"Strength Potion"}],"is_trial":false,"path_per_floor":["M","M","?","$","M","R","M","E","T","E","?","R","$","T","R","B",null,"M","M","$","?","M","R"],"character_chosen":"THE_SILENT","items_purchased":["Eviscerate"],"campfire_rested":2,"item_purchase_floors":[20],"current_hp_per_floor":[70,69,69,69,69,69,68,48,48,32,32,53,53,63,63,41,80,64,36,36,36,20,44,0],"gold":24,"neow_bonus":"","is_prod":false,"is_daily":false,"chose_seed":false,"campfire_upgraded":2,"win_rate":0,"timestamp":1539635806,"path_taken":["M","M","?","$","M","R","M","E","T","E","?","R","$","?","R","BOSS","M","M","?","?","?","R","E"],"build_version":"2018-10-11","purchased_purges":3,"victory":false,"max_hp_per_floor":[70,70,70,70,70,70,70,70,70,70,70,70,70,80,80,80,80,80,80,80,80,80,80,80],"card_choices":[{"not_picked":["Flying Knee","Outmaneuver"],"picked":"Terror","floor":1},{"not_picked":["Cloak And Dagger","Crippling Poison"],"picked":"All Out Attack","floor":2},{"not_picked":["Dodge and Roll","Acrobatics"],"picked":"Prepared","floor":5},{"not_picked":["Malaise","Bane","Poisoned Stab"],"picked":"SKIP","floor":7},{"not_picked":["Skewer","Predator"],"picked":"Reflex","floor":8},{"not_picked":["Corpse Explosion","Distraction","Envenom"],"picked":"SKIP","floor":10},{"not_picked":["Outmaneuver","Catalyst"],"picked":"Backflip","floor":18},{"not_picked":["Escape Plan","Infinite Blades+1"],"picked":"Prepared","floor":19},{"not_picked":["Acrobatics","Choke"],"picked":"Underhanded Strike+1","floor":22}],"player_experience":419720,"relics_obtained":[{"floor":8,"key":"Matryoshka"},{"floor":9,"key":"Potion Belt"},{"floor":9,"key":"Letter Opener"},{"floor":10,"key":"Shuriken"},{"floor":14,"key":"Pear"},{"floor":14,"key":"Orichalcum"}],"event_choices":[{"event_name":"The Cleric","player_choice":"Card Removal","floor":3,"damage_taken":0},{"event_name":"Bonfire Elementals","player_choice":"BASIC","floor":11,"damage_taken":0}],"is_beta":false,"boss_relics":[{"not_picked":["Busted Crown","Ectoplasm","Velvet Choker"]}],"items_purged_floors":[4,13,20],"is_endless":false,"potions_floor_spawned":[5,7,10,22],"killed_by":"Slavers","ascension_level":4}