{"gold_per_floor":[110,169,49,62,82,82,116,116,143,143,165,192,204,217,217,321,321,337,337,337],"floor_reached":20,"playtime":2496,"items_purged":["Strike_G"],"score":209,"play_id":"36b22a20-e9bf-4e09-8308-988d8b37b4c1","local_time":"20181012022614","is_ascension_mode":true,"campfire_choices":[{"data":"Prepared","floor":6,"key":"SMITH"},{"floor":8,"key":"REST"},{"data":"All Out Attack","floor":10,"key":"SMITH"},{"floor":15,"key":"REST"}],"neow_cost":"","seed_source_timestamp":108160735492300,"circlet_count":0,"master_deck":["Defend_G","Defend_G","Defend_G","Defend_G","Defend_G","Strike_G","Strike_G","Strike_G+1","Strike_G+1","Survivor","Neutralize","All Out Attack+1","Prepared+1","PiercingWail","Deflect","Quick Slash","Deflect","Endless Agony","Tactician","A Thousand Cuts","Acrobatics"],"relics":["Ring of the Snake","Snake Skull","Whetstone","Odd Mushroom","Ornamental Fan","HoveringKite"],"potions_floor_usage":[7,16,18],"damage_taken":[{"damage":0,"enemies":"Small Slimes","floor":1,"turns":4},{"damage":0,"enemies":"Jaw Worm","floor":4,"turns":5},{"damage":1,"enemies":"Cultist","floor":5,"turns":4},{"damage":22,"enemies":"Lagavulin","floor":7,"turns":8},{"damage":3,"enemies":"The Mushroom Lair","floor":11,"turns":3},{"damage":27,"enemies":"Gremlin Nob","floor":12,"turns":5},{"damage":3,"enemies":"Lots of Slimes","floor":13,"turns":3},{"damage":0,"enemies":"2 Fungi Beasts","floor":14,"turns":4},{"damage":23,"enemies":"The Guardian","floor":16,"turns":15},{"damage":35,"enemies":"Spheric Guardian","floor":18,"turns":6},{"damage":26,"enemies":"Shell Parasite","floor":20,"turns":11}],"seed_played":"3227620668137145670","potions_obtained":[{"floor":4,"key":"AttackPotion"},{"floor":13,"key":"Strength Potion"},{"floor":16,"key":"SkillPotion"}],"is_trial":false,"path_per_floor":["M","?","$","M","M","R","E","R","T","R","?","E","M","M","R","B",null,"M","?"],"character_chosen":"THE_SILENT","items_purchased":["Prepared"],"campfire_rested":2,"item_purchase_floors":[3],"current_hp_per_floor":[70,70,70,70,69,69,47,68,68,68,65,38,35,35,56,33,70,35,22,0],"gold":337,"neow_bonus":"","is_prod":false,"is_daily":false,"chose_seed":false,"campfire_upgraded":2,"win_rate":0,"timestamp":1539282374,"path_taken":["M","?","$","M","M","R","E","R","T","R","?","E","?","M","R","BOSS","M","?","M"],"build_version":"2018-10-04v2","purchased_purges":1,"victory":false,"max_hp_per_floor":[70,70,70,70,70,70,70,70,70,70,70,70,70,70,70,70,70,70,75,75],"card_choices":[{"not_picked":["Dagger Spray","Flying Knee"],"picked":"All Out Attack","floor":1},{"not_picked":["Predator","Backflip"],"picked":"PiercingWail","floor":4},{"not_picked":["Flechettes","Finisher"],"picked":"Deflect","floor":5},{"not_picked":["Wraith Form v2","Endless Agony"],"picked":"Quick Slash","floor":7},{"not_picked":["Deadly Poison","Dash"],"picked":"Deflect","floor":11},{"not_picked":["Predator","Deadly Poison"],"picked":"Endless Agony","floor":12},{"not_picked":["Noxious Fumes","Caltrops","Outmaneuver"],"picked":"SKIP","floor":13},{"not_picked":["Flechettes","All Out Attack"],"picked":"Tactician","floor":14},{"not_picked":["Adrenaline","Unload"],"picked":"A Thousand Cuts","floor":16},{"not_picked":["Leg Sweep+1","All Out Attack"],"picked":"Acrobatics","floor":18}],"player_experience":382330,"relics_obtained":[{"floor":7,"key":"Snake Skull"},{"floor":9,"key":"Whetstone"},{"floor":11,"key":"Odd Mushroom"},{"floor":12,"key":"Ornamental Fan"}],"event_choices":[{"event_name":"Golden Wing","player_choice":"Gained Gold","floor":2,"damage_taken":0},{"event_name":"Mushrooms","player_choice":"Fought Mushrooms","floor":11,"damage_taken":0},{"event_name":"Forgotten Altar","player_choice":"Shed Blood","floor":19,"damage_taken":0}],"is_beta":false,"boss_relics":[{"not_picked":["WristBlade","White Beast Statue"],"picked":"HoveringKite"}],"items_purged_floors":[3],"is_endless":false,"potions_floor_spawned":[4,13,16],"killed_by":"Shell Parasite","ascension_level":3}