{"gold_per_floor":[167,167,167,23,23,59,59,94,94,119,72,72,72,96,96,224,224,240,260,279,47,47],"floor_reached":22,"playtime":873,"items_purged":["Strike_G","Strike_G"],"score":250,"play_id":"3cd5ff49-7845-4408-936d-4425a6dae9f6","local_time":"20190127142500","is_ascension_mode":true,"campfire_choices":[{"floor":7,"key":"REST"},{"floor":13,"key":"REST"},{"floor":15,"key":"REST"}],"neow_cost":"NONE","seed_source_timestamp":4559407362931695,"circlet_count":0,"master_deck":["Defend_G","Defend_G","Defend_G","Defend_G","Defend_G","Strike_G","Strike_G+1","Survivor","Neutralize","Flying Knee","Noxious Fumes","Decay","Noxious Fumes","Crippling Poison","Crippling Poison","Deadly Poison","Night Terror","Leg Sweep","Deadly Poison+1","Noxious Fumes","Deadly Poison"],"special_seed":0,"relics":["Tiny House","Golden Idol","Shovel","Question Card","Blue Candle","Coffee Dripper"],"potions_floor_usage":[5,10,16,22],"damage_taken":[{"damage":0.0,"enemies":"Jaw Worm","floor":1.0,"turns":5.0},{"damage":44,"enemies":"Lagavulin","floor":6,"turns":9},{"damage":21,"enemies":"3 Sentries","floor":8,"turns":7},{"damage":6,"enemies":"Small Slimes","floor":10,"turns":4},{"damage":4,"enemies":"Cultist","floor":14,"turns":4},{"damage":23,"enemies":"Hexaghost","floor":16,"turns":9},{"damage":25,"enemies":"Shell Parasite","floor":18,"turns":7},{"damage":14,"enemies":"Chosen","floor":19,"turns":7},{"damage":26,"enemies":"Shelled Parasite and Fungi","floor":20,"turns":5},{"damage":4,"enemies":"Chosen and Byrds","floor":22,"turns":3}],"seed_played":"4694720119771892370","potions_obtained":[{"floor":0.0,"key":"Fruit Juice"},{"floor":8,"key":"GhostInAJar"},{"floor":10,"key":"Regen Potion"},{"floor":16,"key":"Strength Potion"},{"floor":18,"key":"Poison Potion"},{"floor":19,"key":"FearPotion"}],"is_trial":false,"path_per_floor":["M","?","?","$","?","E","R","E","T","M","$","$","R","M","R","B",null,"M","M","M","$","M"],"character_chosen":"THE_SILENT","items_purchased":["Noxious Fumes","Deadly Poison","Noxious Fumes","Deadly Poison","Block Potion"],"campfire_rested":3,"item_purchase_floors":[4,11,21,21,21],"current_hp_per_floor":[68,50,43,43,48,4,28,7,7,1,1,1,25,21,45,37,69,44,30,4,4,0],"gold":47,"neow_bonus":"BOSS_RELIC","is_prod":false,"is_daily":false,"chose_seed":false,"campfire_upgraded":0,"win_rate":0,"timestamp":1548617100,"path_taken":["M","?","?","$","?","E","R","E","T","?","?","$","R","M","R","BOSS","M","?","M","$","M"],"build_version":"2019-01-23","purchased_purges":2,"victory":false,"max_hp_per_floor":[75,75,75,75,80,80,80,80,80,80,80,80,80,80,80,80,80,80,80,80,80,80],"card_choices":[{"not_picked":["Dagger Spray","Quick Slash"],"picked":"Flying Knee","floor":0.0},{"not_picked":["Underhanded Strike","Acrobatics","Outmaneuver"],"picked":"SKIP","floor":1.0},{"not_picked":["Die Die Die","Slice"],"picked":"Noxious Fumes","floor":6},{"not_picked":["Skewer","Deflect"],"picked":"Crippling Poison","floor":8},{"not_picked":["Finisher","PiercingWail","Dagger Throw"],"picked":"Crippling Poison","floor":10},{"not_picked":["Prepared","Sucker Punch","Deflect","Dagger Throw"],"picked":"SKIP","floor":14},{"not_picked":["A Thousand Cuts","Storm of Steel","Malaise"],"picked":"Night Terror","floor":16},{"not_picked":["Dodge and Roll","Deadly Poison","Backstab"],"picked":"Leg Sweep","floor":18},{"not_picked":["Slice","Sucker Punch+1","Calculated Gamble","Prepared"],"picked":"SKIP","floor":19},{"not_picked":["Outmaneuver","Calculated Gamble","Sucker Punch"],"picked":"Deadly Poison+1","floor":20}],"player_experience":350832,"relics_obtained":[{"floor":6,"key":"Shovel"},{"floor":8,"key":"Question Card"},{"floor":9,"key":"Blue Candle"}],"event_choices":[{"damage_healed":0.0,"max_hp_gain":0.0,"max_hp_loss":0.0,"gold_gain":0.0,"event_name":"Golden Idol","player_choice":"Take Damage","floor":2.0,"gold_loss":0.0,"damage_taken":18.0,"relics_obtained":["Golden Idol"]},{"cards_removed":["Strike_G"],"damage_healed":0,"gold_gain":0,"player_choice":"Card Removal","damage_taken":7,"max_hp_gain":0,"max_hp_loss":0,"event_name":"Golden Wing","floor":3,"gold_loss":0},{"damage_healed":0,"gold_gain":0,"player_choice":"Cursed","damage_taken":0,"max_hp_gain":0,"max_hp_loss":0,"event_name":"Wheel of Change","floor":5,"gold_loss":0,"cards_obtained":["Decay"]}],"is_beta":false,"boss_relics":[{"not_picked":["Runic Dome","Orrery"],"picked":"Coffee Dripper"}],"items_purged_floors":[4,21],"is_endless":false,"potions_floor_spawned":[8,10,16,18,19],"killed_by":"Chosen and Byrds","ascension_level":6}