{"gold_per_floor":[112,77,90,90,104,129,129,164,164,164,174,187,22,22,22,96,96,110,21,0,0,19,19,29,29,56,70,86,119,119,119,119,193,193,211,221,234,234,258,258,287,287,287,317,347,85,104,25,25,25],"floor_reached":50,"playtime":3716,"items_purged":["Streamline"],"score":1107,"play_id":"4ba14a16-1788-41b9-aa95-235886dd7904","local_time":"20190719194938","is_ascension_mode":true,"campfire_choices":[{"data":"Defragment","floor":7.0,"key":"SMITH"},{"data":"Glacier","floor":10.0,"key":"SMITH"},{"floor":15.0,"key":"REST"},{"data":"Creative AI","floor":23.0,"key":"SMITH"},{"data":"Buffer","floor":25.0,"key":"SMITH"},{"data":"Defragment","floor":30.0,"key":"SMITH"},{"floor":32.0,"key":"REST"},{"data":"Buffer","floor":40.0,"key":"SMITH"},{"data":"Buffer","floor":42.0,"key":"SMITH"},{"floor":49,"key":"RECALL"}],"neow_cost":"PERCENT_DAMAGE","seed_source_timestamp":599645262844207,"circlet_count":0,"master_deck":["AscendersBane","Zap","Dualcast","Defragment+1","Self Repair","Cold Snap+1","Glacier+1","Ball Lightning","Conserve Battery","Chill","Blizzard+1","Storm","Buffer+1","Go for the Eyes","Creative AI+1","Aggregate","Amplify","Rainbow","Redo","Cold Snap","Redo+1","Defragment+1","Buffer+1","Leap+1","Storm","Conserve Battery+1","Glacier+1","White Noise","Electrodynamics","Cold Snap","Buffer+1","Madness","Madness","Self Repair","Core Surge","Storm+1","Finesse"],"special_seed":0,"relics":["Cracked Core","WingedGreaves","Ancient Tea Set","Prayer Wheel","Ornamental Fan","Centennial Puzzle","Pandora\u0027s Box","Vajra","Red Mask","Eternal Feather","Whetstone","The Courier","MawBank","Symbiotic Virus"],"potions_floor_usage":[47,47],"damage_taken":[{"damage":4.0,"enemies":"Jaw Worm","floor":1.0,"turns":4.0},{"damage":8.0,"enemies":"Small Slimes","floor":3.0,"turns":3.0},{"damage":9.0,"enemies":"2 Louse","floor":5.0,"turns":2.0},{"damage":24.0,"enemies":"Lagavulin","floor":6.0,"turns":7.0},{"damage":12.0,"enemies":"3 Sentries","floor":8.0,"turns":10.0},{"damage":0.0,"enemies":"Gremlin Gang","floor":11.0,"turns":5.0},{"damage":20.0,"enemies":"Exordium Thugs","floor":12.0,"turns":6.0},{"damage":20.0,"enemies":"Hexaghost","floor":16.0,"turns":11.0},{"damage":16.0,"enemies":"3 Byrds","floor":18.0,"turns":5.0},{"damage":29.0,"enemies":"2 Thieves","floor":20.0,"turns":5.0},{"damage":21.0,"enemies":"Shelled Parasite and Fungi","floor":22.0,"turns":6.0},{"damage":0.0,"enemies":"Snecko","floor":24.0,"turns":5.0},{"damage":2.0,"enemies":"Centurion and Healer","floor":27.0,"turns":7.0},{"damage":4.0,"enemies":"Chosen and Byrds","floor":28.0,"turns":7.0},{"damage":23.0,"enemies":"Masked Bandits","floor":29.0,"turns":6.0},{"damage":0.0,"enemies":"Collector","floor":33.0,"turns":5.0},{"damage":6.0,"enemies":"Orb Walker","floor":35.0,"turns":4.0},{"damage":2.0,"enemies":"3 Shapes","floor":36.0,"turns":4.0},{"damage":2.0,"enemies":"Sphere and 2 Shapes","floor":37.0,"turns":10.0},{"damage":19.0,"enemies":"Reptomancer","floor":41.0,"turns":7.0},{"damage":0.0,"enemies":"Giant Head","floor":44.0,"turns":13.0},{"damage":45.0,"enemies":"3 Darklings","floor":45.0,"turns":4.0},{"damage":19,"enemies":"Spire Growth","floor":47,"turns":6},{"damage":59,"enemies":"Awakened One","floor":50,"turns":5}],"seed_played":"7816136694035357598","potions_obtained":[{"floor":3.0,"key":"FearPotion"},{"floor":6.0,"key":"LiquidBronze"},{"floor":12.0,"key":"LiquidBronze"},{"floor":16.0,"key":"Ancient Potion"},{"floor":27.0,"key":"Poison Potion"},{"floor":28.0,"key":"PowerPotion"},{"floor":33.0,"key":"Ancient Potion"},{"floor":41.0,"key":"Ancient Potion"},{"floor":44.0,"key":"Poison Potion"},{"floor":45.0,"key":"Regen Potion"}],"is_trial":false,"path_per_floor":["M","?","M","?","M","E","R","E","T","R","M","M","$","?","R","B",null,"M","$","M","$","M","R","M","R","T","M","M","?","R","?","R","B",null,"M","M","M","?","T","R","E","R","T","E","M","$","M","$","R","B"],"character_chosen":"DEFECT","items_purchased":["Blizzard","Storm","Defragment","Symbiotic Virus","Finesse"],"campfire_rested":2,"item_purchase_floors":[13,13,19,46,48],"current_hp_per_floor":[42,59,51,44,42,25,25,20,20,20,27,14,14,14,35,22,59,57,57,35,35,28,28,35,35,35,40,43,27,27,27,48,48,65,66,71,71,58,58,71,59,71,71,71,26,26,36,36,57,0],"gold":25,"neow_bonus":"ONE_RARE_RELIC","is_prod":false,"is_daily":false,"chose_seed":false,"campfire_upgraded":7,"win_rate":0,"timestamp":1563580178,"path_taken":["M","?","M","?","M","E","R","E","T","R","M","M","$","?","R","BOSS","M","$","M","$","M","R","M","R","T","?","M","?","R","?","R","BOSS","M","M","M","?","?","R","E","R","T","E","?","$","M","$","R","BOSS"],"build_version":"2019-07-17","purchased_purges":1,"victory":false,"max_hp_per_floor":[71,71,71,71,71,71,71,71,71,71,71,71,71,71,71,71,71,71,71,71,71,71,71,71,71,71,71,71,71,71,71,71,71,71,71,71,71,71,71,71,71,71,71,71,71,71,71,71,71,71],"card_choices":[{"not_picked":["Conserve Battery","Gash"],"picked":"Defragment","floor":1.0},{"not_picked":["Darkness","Barrage"],"picked":"Self Repair","floor":3.0},{"not_picked":["Rebound","Thunder Strike"],"picked":"Cold Snap","floor":5.0},{"not_picked":["Stack","Conserve Battery"],"picked":"Glacier","floor":6.0},{"not_picked":["Beam Cell","Compile Driver"],"picked":"Ball Lightning","floor":8.0},{"not_picked":["Barrage","Coolheaded"],"picked":"Conserve Battery","floor":11.0},{"not_picked":["Redo","Go for the Eyes"],"picked":"Streamline","floor":11.0},{"not_picked":["Darkness","Hologram"],"picked":"Chill","floor":12.0},{"not_picked":["Rip and Tear","Turbo","Coolheaded"],"picked":"SKIP","floor":12.0},{"not_picked":["Fission","Reboot"],"picked":"Buffer","floor":16.0},{"not_picked":["Barrage","Turbo"],"picked":"Redo+1","floor":18.0},{"not_picked":["Aggregate","Beam Cell","Reprogram"],"picked":"SKIP","floor":18.0},{"not_picked":["Turbo","Stack"],"picked":"Buffer","floor":20.0},{"not_picked":["Beam Cell","Scrape","Recycle"],"picked":"SKIP","floor":20.0},{"not_picked":["Barrage","Tempest"],"picked":"Leap+1","floor":22.0},{"not_picked":["Turbo","Sweeping Beam","Lockon"],"picked":"SKIP","floor":22.0},{"not_picked":["Chaos","Cold Snap"],"picked":"Storm","floor":24.0},{"not_picked":["Gash","Reprogram"],"picked":"Conserve Battery+1","floor":24.0},{"not_picked":["Go for the Eyes","Blizzard+1"],"picked":"Glacier+1","floor":27.0},{"not_picked":["Chaos","Meteor Strike","Sweeping Beam"],"picked":"SKIP","floor":27.0},{"not_picked":["Barrage","Compile Driver"],"picked":"White Noise","floor":28.0},{"not_picked":["Rebound","Leap","Tempest"],"picked":"SKIP","floor":28.0},{"not_picked":["Hyperbeam","Seek"],"picked":"Electrodynamics","floor":33.0},{"not_picked":["Conserve Battery","Doom and Gloom"],"picked":"Cold Snap","floor":35.0},{"not_picked":["Streamline","Coolheaded","Beam Cell"],"picked":"SKIP","floor":35.0},{"not_picked":["Stack+1","Hologram","Streamline"],"picked":"SKIP","floor":36.0},{"not_picked":["Barrage","Hologram+1","Ball Lightning+1"],"picked":"SKIP","floor":36.0},{"not_picked":["Aggregate","White Noise"],"picked":"Buffer","floor":37.0},{"not_picked":["Sweeping Beam+1","Hologram","Undo"],"picked":"SKIP","floor":37.0},{"not_picked":["Auto Shields","Barrage"],"picked":"Self Repair","floor":41.0},{"not_picked":["Leap","Steam"],"picked":"Core Surge","floor":44.0},{"not_picked":["Cold Snap","Hologram","Hello World+1"],"picked":"SKIP","floor":45.0},{"not_picked":["Rebound","Barrage","Double Energy"],"picked":"SKIP","floor":45.0},{"not_picked":["Ball Lightning","White Noise"],"picked":"Storm+1","floor":47},{"not_picked":["Cold Snap","Undo","Chaos"],"picked":"SKIP","floor":47}],"player_experience":926753,"relics_obtained":[{"floor":6.0,"key":"Ancient Tea Set"},{"floor":8.0,"key":"Prayer Wheel"},{"floor":9.0,"key":"Ornamental Fan"},{"floor":26.0,"key":"Vajra"},{"floor":29.0,"key":"Red Mask"},{"floor":39.0,"key":"Whetstone"},{"floor":41.0,"key":"The Courier"},{"floor":44.0,"key":"MawBank"}],"event_choices":[{"damage_healed":17.0,"max_hp_gain":0.0,"max_hp_loss":0.0,"gold_gain":0.0,"event_name":"The Cleric","player_choice":"Healed","floor":2.0,"gold_loss":35.0,"damage_taken":0.0},{"cards_removed":["Defend_B"],"damage_healed":0.0,"max_hp_gain":0.0,"max_hp_loss":0.0,"gold_gain":0.0,"event_name":"Golden Wing","player_choice":"Card Removal","floor":4.0,"gold_loss":0.0,"damage_taken":7.0},{"damage_healed":0.0,"max_hp_gain":0.0,"max_hp_loss":0.0,"gold_gain":0.0,"event_name":"WeMeetAgain","player_choice":"Gave Potion","floor":14.0,"gold_loss":0.0,"damage_taken":0.0,"relics_obtained":["Centennial Puzzle"]},{"damage_healed":0.0,"max_hp_gain":0.0,"max_hp_loss":0.0,"gold_gain":0.0,"event_name":"Masked Bandits","player_choice":"Fought Bandits","floor":29.0,"gold_loss":0.0,"damage_taken":0.0},{"damage_healed":0.0,"max_hp_gain":0.0,"max_hp_loss":0.0,"gold_gain":0.0,"event_name":"Ghosts","player_choice":"Ignored","floor":31.0,"gold_loss":0.0,"damage_taken":0.0},{"damage_healed":0.0,"max_hp_gain":0.0,"max_hp_loss":0.0,"gold_gain":0.0,"event_name":"Winding Halls","player_choice":"Embrace Madness","floor":38.0,"gold_loss":0.0,"damage_taken":13.0,"cards_obtained":["Madness","Madness"]}],"is_beta":false,"boss_relics":[{"not_picked":["Philosopher\u0027s Stone","Empty Cage"],"picked":"Pandora\u0027s Box"},{"not_picked":["Orrery","Astrolabe"],"picked":"Eternal Feather"}],"items_purged_floors":[46],"is_endless":false,"potions_floor_spawned":[3,6,12,16,27,28,29,33,41,44,45],"killed_by":"Awakened One","ascension_level":17}