{"gold_per_floor":[114,114,41,57,132,157,176,176,199,218,107,127,146,173,173,270,270,280,292,59,69,69,69,82,82,106,29,49,68,68,68,68,167,167,184,38,50,50,64,64,84,84,160,160,160],"floor_reached":45,"playtime":2010,"items_purged":["Strike_B"],"score":619,"play_id":"559b6059-d0e2-4255-aa85-922be921a3ce","local_time":"20190821143720","is_ascension_mode":true,"campfire_choices":[{"data":"White Noise","floor":8,"key":"SMITH"},{"data":"Zap","floor":15,"key":"SMITH"},{"floor":23,"key":"REST"},{"floor":25,"key":"REST"},{"floor":30,"key":"REST"},{"floor":32,"key":"REST"},{"floor":40,"key":"REST"}],"neow_cost":"NONE","seed_source_timestamp":15695962132955,"circlet_count":0,"master_deck":["Strike_B+1","Strike_B+1","Strike_B+1","Defend_B+1","Defend_B+1","Defend_B+1","Defend_B+1","Zap+1","Dualcast+1","Glacier+1","Conserve Battery","White Noise+1","Loop","Coolheaded","FTL+1","Blizzard+1","Electrodynamics","Hologram","Defragment","Static Discharge+1","Core Surge","Capacitor","Cold Snap+1","Chill","Defragment","Biased Cognition","Ball Lightning+1","Chaos+1","Madness","Madness","Beam Cell+1","Go for the Eyes","Apotheosis"],"relics":["FrozenCore","NeowsBlessing","Dream Catcher","Lantern","Odd Mushroom","Philosopher\u0027s Stone","DataDisk","War Paint","Whetstone","Blue Candle"],"potions_floor_usage":[13,13,16,16,18,28,29,35,39],"damage_taken":[{"damage":0,"enemies":"Small Slimes","floor":1,"turns":1},{"damage":0,"enemies":"Cultist","floor":4,"turns":1},{"damage":0,"enemies":"Lagavulin","floor":6,"turns":1},{"damage":7,"enemies":"Jaw Worm","floor":7,"turns":4},{"damage":0,"enemies":"Blue Slaver","floor":10,"turns":4},{"damage":0,"enemies":"Looter","floor":12,"turns":4},{"damage":0,"enemies":"Lots of Slimes","floor":13,"turns":1},{"damage":3,"enemies":"The Mushroom Lair","floor":14,"turns":7},{"damage":8,"enemies":"The Guardian","floor":16,"turns":14},{"damage":26,"enemies":"3 Byrds","floor":18,"turns":3},{"damage":10,"enemies":"2 Thieves","floor":19,"turns":2},{"damage":8,"enemies":"Snake Plant","floor":21,"turns":4},{"damage":7,"enemies":"Centurion and Healer","floor":24,"turns":4},{"damage":12,"enemies":"Sentry and Sphere","floor":28,"turns":4},{"damage":10,"enemies":"Snake Plant","floor":29,"turns":4},{"damage":18,"enemies":"Champ","floor":33,"turns":15},{"damage":16,"enemies":"3 Shapes","floor":35,"turns":3},{"damage":11,"enemies":"3 Darklings","floor":37,"turns":5},{"damage":7,"enemies":"Jaw Worm Horde","floor":39,"turns":2},{"damage":39,"enemies":"Spire Growth","floor":41,"turns":6},{"damage":14,"enemies":"Transient","floor":45,"turns":1}],"seed_played":"-717078418066565273","potions_obtained":[{"floor":10,"key":"Explosive Potion"},{"floor":12,"key":"Explosive Potion"},{"floor":13,"key":"FearPotion"},{"floor":14,"key":"SpeedPotion"},{"floor":16,"key":"AttackPotion"},{"floor":24,"key":"Energy Potion"},{"floor":28,"key":"Ancient Potion"},{"floor":33,"key":"EssenceOfSteel"},{"floor":35,"key":"Energy Potion"}],"is_trial":false,"path_per_floor":["M","?","$","M","?","E","M","R","T","M","$","M","M","?","R","B",null,"M","M","$","M","?","R","M","R","T","$","M","M","R","?","R","B",null,"M","$","M","?","M","R","M","?","T","?","M"],"character_chosen":"DEFECT","items_purchased":["Glacier","Loop","Defragment","DataDisk","Core Surge","Whetstone"],"campfire_rested":5,"item_purchase_floors":[3,11,20,20,27,36],"current_hp_per_floor":[68,75,75,75,64,64,57,57,57,57,57,57,57,54,54,46,68,42,32,32,24,24,46,39,61,61,61,49,39,61,61,75,57,71,55,55,44,35,28,50,11,11,11,11,0],"gold":160,"neow_bonus":"THREE_ENEMY_KILL","is_prod":false,"is_daily":false,"chose_seed":false,"campfire_upgraded":2,"win_rate":0,"timestamp":1566394640,"path_taken":["M","?","$","?","?","E","M","R","T","M","$","M","M","?","R","BOSS","M","M","$","M","?","R","M","R","T","$","M","M","R","?","R","BOSS","M","$","?","?","M","R","M","?","T","?","M"],"build_version":"2019-07-17","purchased_purges":1,"victory":false,"max_hp_per_floor":[75,75,75,75,75,75,75,75,75,75,75,75,75,75,75,75,75,75,75,75,75,75,75,75,75,75,75,75,75,75,75,75,75,75,75,75,75,75,75,75,75,75,75,75,75],"card_choices":[{"not_picked":["Barrage","Beam Cell","Hologram"],"picked":"SKIP","floor":1},{"not_picked":["Blizzard","Go for the Eyes"],"picked":"Conserve Battery","floor":4},{"not_picked":["BootSequence","Scrape"],"picked":"White Noise","floor":6},{"not_picked":["Conserve Battery","Rip and Tear","Lockon"],"picked":"SKIP","floor":7},{"not_picked":["Rebound","Darkness","Recycle"],"picked":"SKIP","floor":10},{"not_picked":["Hologram","Sweeping Beam"],"picked":"Coolheaded","floor":12},{"not_picked":["Sweeping Beam","Steam"],"picked":"FTL","floor":13},{"not_picked":["Turbo","Sweeping Beam"],"picked":"Blizzard","floor":14},{"not_picked":["Meteor Strike","Creative AI"],"picked":"Electrodynamics","floor":16},{"not_picked":["FTL","Rebound","Turbo"],"picked":"SKIP","floor":18},{"not_picked":["Chaos","Redo"],"picked":"Hologram","floor":19},{"not_picked":["Beam Cell","Streamline+1","Scrape+1"],"picked":"SKIP","floor":21},{"not_picked":["Sweeping Beam","Hologram","Barrage+1"],"picked":"SKIP","floor":24},{"not_picked":["Barrage","Compile Driver"],"picked":"Static Discharge+1","floor":25},{"not_picked":["Barrage","Amplify"],"picked":"Capacitor","floor":28},{"not_picked":["Steam","Beam Cell"],"picked":"Cold Snap+1","floor":29},{"not_picked":["Consume","Steam"],"picked":"Chill","floor":30},{"not_picked":["Darkness","Beam Cell"],"picked":"Biased Cognition","floor":32},{"not_picked":["Beam Cell","Steam+1"],"picked":"Ball Lightning+1","floor":35},{"not_picked":["Go for the Eyes","Rebound"],"picked":"Chaos+1","floor":37},{"not_picked":["Rip and Tear+1","Blizzard+1","Heatsinks+1"],"picked":"SKIP","floor":39},{"not_picked":["Loop+1","Conserve Battery"],"picked":"Beam Cell+1","floor":40},{"not_picked":["Melter","BootSequence+1"],"picked":"Go for the Eyes","floor":41},{"not_picked":["Impatience","Deep Breath"],"picked":"Apotheosis","floor":42}],"player_experience":482206,"relics_obtained":[{"floor":6,"key":"Dream Catcher"},{"floor":9,"key":"Lantern"},{"floor":14,"key":"Odd Mushroom"},{"floor":26,"key":"War Paint"},{"floor":43,"key":"Blue Candle"}],"event_choices":[{"damage_healed":7,"gold_gain":0,"player_choice":"Full Heal","damage_taken":0,"max_hp_gain":0,"max_hp_loss":0,"event_name":"Wheel of Change","floor":2,"gold_loss":0},{"damage_healed":0,"gold_gain":75,"player_choice":"Gather Gold","damage_taken":11,"max_hp_gain":0,"max_hp_loss":0,"event_name":"World of Goop","floor":5,"gold_loss":0},{"damage_healed":0,"gold_gain":0,"player_choice":"Fought Mushrooms","damage_taken":0,"max_hp_gain":0,"max_hp_loss":0,"event_name":"Mushrooms","floor":14,"gold_loss":0},{"damage_healed":0,"gold_gain":0,"player_choice":"Simplicity","damage_taken":0,"max_hp_gain":0,"max_hp_loss":0,"event_name":"Back to Basics","floor":22,"gold_loss":0,"cards_upgraded":["Strike_B","Strike_B","Strike_B","Defend_B","Defend_B","Defend_B","Defend_B"]},{"damage_healed":0,"gold_gain":0,"player_choice":"Copied","damage_taken":0,"max_hp_gain":0,"max_hp_loss":0,"event_name":"Duplicator","floor":31,"gold_loss":0,"cards_obtained":["Defragment"]},{"damage_healed":0,"gold_gain":0,"player_choice":"Embrace Madness","damage_taken":9,"max_hp_gain":0,"max_hp_loss":0,"event_name":"Winding Halls","floor":38,"gold_loss":0,"cards_obtained":["Madness","Madness"]},{"damage_healed":0,"gold_gain":0,"player_choice":"Memory 1","damage_taken":0,"max_hp_gain":0,"max_hp_loss":0,"event_name":"SensoryStone","floor":42,"gold_loss":0},{"damage_healed":0,"gold_gain":0,"player_choice":"Ignored","damage_taken":0,"max_hp_gain":0,"max_hp_loss":0,"event_name":"SecretPortal","floor":44,"gold_loss":0}],"is_beta":false,"boss_relics":[{"not_picked":["Astrolabe","Snecko Eye"],"picked":"Philosopher\u0027s Stone"},{"not_picked":["Pandora\u0027s Box","Calling Bell"],"picked":"FrozenCore"}],"items_purged_floors":[11],"is_endless":false,"potions_floor_spawned":[10,12,13,14,16,24,28,33,35],"killed_by":"Transient","ascension_level":8}