{"gold_per_floor":[111,286,306,318,97,97,126,126,126,126,26,39,66,66,66,168,168,185,204,220,230,105,105,34,64,133,0,13,13,24,43,43,43],"floor_reached":33,"playtime":2214,"items_purged":["Doubt","Strike_G","Strike_G"],"score":346,"play_id":"7203327f-391e-4c1f-9a99-e36d36144b5c","local_time":"20181031222328","is_ascension_mode":true,"campfire_choices":[{"data":"Dagger Spray","floor":6,"key":"SMITH"},{"data":"Adrenaline","floor":8,"key":"SMITH"},{"data":"Bouncing Flask","floor":10,"key":"SMITH"},{"floor":15,"key":"REST"},{"floor":23,"key":"REST"},{"floor":29,"key":"REST"},{"floor":32,"key":"REST"}],"neow_cost":"NONE","seed_source_timestamp":1821851503052000,"circlet_count":0,"master_deck":["Defend_G","Defend_G","Defend_G","Defend_G","Defend_G","Strike_G","Strike_G","Strike_G","Survivor","Neutralize","Dagger Spray+1","Bouncing Flask+1","Adrenaline+1","Corpse Explosion","Dagger Spray","Noxious Fumes","Blur","Deflect","Deadly Poison","Deflect+1","Catalyst","Blur","Escape Plan"],"relics":["Ring of the Snake","Prayer Wheel","Darkstone Periapt","Snake Skull","White Beast Statue","Regal Pillow","Matryoshka"],"potions_floor_usage":[7,16,20,20,21,25,25,33,33,33],"damage_taken":[{"damage":6,"enemies":"Jaw Worm","floor":1,"turns":7},{"damage":0,"enemies":"Small Slimes","floor":3,"turns":3},{"damage":4,"enemies":"Cultist","floor":4,"turns":4},{"damage":15,"enemies":"3 Sentries","floor":7,"turns":6},{"damage":0,"enemies":"3 Louse","floor":12,"turns":1},{"damage":12,"enemies":"Lagavulin","floor":13,"turns":5},{"damage":18,"enemies":"Slime Boss","floor":16,"turns":7},{"damage":16,"enemies":"Shell Parasite","floor":18,"turns":4},{"damage":0,"enemies":"Spheric Guardian","floor":19,"turns":2},{"damage":19,"enemies":"Centurion and Healer","floor":20,"turns":2},{"damage":3,"enemies":"Snecko","floor":21,"turns":5},{"damage":25,"enemies":"Slavers","floor":25,"turns":2},{"damage":18,"enemies":"Snake Plant","floor":28,"turns":4},{"damage":27,"enemies":"Centurion and Healer","floor":30,"turns":9},{"damage":18,"enemies":"Snecko","floor":31,"turns":5},{"damage":51,"enemies":"Collector","floor":33,"turns":5}],"seed_played":"-9088446018335587730","potions_obtained":[{"floor":1,"key":"Energy Potion"},{"floor":3,"key":"SkillPotion"},{"floor":4,"key":"FearPotion"},{"floor":7,"key":"GamblersBrew"},{"floor":18,"key":"FearPotion"},{"floor":19,"key":"SkillPotion"},{"floor":20,"key":"Dexterity Potion"},{"floor":21,"key":"Regen Potion"},{"floor":25,"key":"LiquidBronze"},{"floor":28,"key":"LiquidBronze"},{"floor":30,"key":"FearPotion"},{"floor":31,"key":"LiquidBronze"}],"is_trial":false,"path_per_floor":["M","?","M","M","$","R","E","R","T","R","$","M","E","?","R","B",null,"M","M","M","M","$","R","$","E","T","?","M","R","M","M","R"],"character_chosen":"THE_SILENT","items_purchased":["Adrenaline","Catalyst"],"campfire_rested":4,"item_purchase_floors":[5,24],"current_hp_per_floor":[71,71,71,67,67,67,52,52,52,52,52,52,40,40,63,45,69,53,53,34,31,31,54,54,38,38,38,20,58,31,13,51,0],"gold":43,"neow_bonus":"TEN_PERCENT_HP_BONUS","is_prod":false,"is_daily":false,"chose_seed":false,"campfire_upgraded":3,"win_rate":0,"timestamp":1540995808,"path_taken":["M","?","M","M","$","R","E","R","T","R","?","M","E","?","R","BOSS","M","?","?","M","$","R","$","E","T","?","M","R","M","M","R","BOSS"],"build_version":"2018-10-25v2","purchased_purges":3,"victory":false,"max_hp_per_floor":[77,77,77,77,77,77,77,77,77,77,77,77,77,77,77,77,77,77,77,77,77,77,77,77,77,77,77,77,77,77,77,77,77],"card_choices":[{"not_picked":["Sucker Punch","Flying Knee"],"picked":"Dagger Spray","floor":1},{"not_picked":["Dodge and Roll","Outmaneuver","Cloak And Dagger"],"picked":"SKIP","floor":3},{"not_picked":["Reflex","Cloak And Dagger"],"picked":"Bouncing Flask","floor":4},{"not_picked":["Dagger Throw","Blade Dance"],"picked":"Corpse Explosion","floor":7},{"not_picked":["Sucker Punch","Backstab"],"picked":"Dagger Spray","floor":12},{"not_picked":["Flying Knee","Flechettes"],"picked":"Noxious Fumes","floor":12},{"not_picked":["Acrobatics","Quick Slash","Wraith Form v2"],"picked":"SKIP","floor":13},{"not_picked":["Dagger Throw","Leg Sweep","Cloak And Dagger"],"picked":"SKIP","floor":18},{"not_picked":["Cloak And Dagger","Quick Slash","Skewer"],"picked":"SKIP","floor":18},{"not_picked":["Flying Knee","Dash+1"],"picked":"Blur","floor":19},{"not_picked":["Distraction","Underhanded Strike","Caltrops"],"picked":"SKIP","floor":19},{"not_picked":["A Thousand Cuts","Slice"],"picked":"Deflect","floor":20},{"not_picked":["Infinite Blades","Backflip"],"picked":"Deadly Poison","floor":20},{"not_picked":["Terror+1","Backflip"],"picked":"Deflect+1","floor":21},{"not_picked":["Reflex","Dagger Spray","Finisher"],"picked":"SKIP","floor":21},{"not_picked":["Noxious Fumes","Acrobatics"],"picked":"Blur","floor":25},{"not_picked":["Tools of the Trade","Slice+1"],"picked":"Escape Plan","floor":28},{"not_picked":["Reflex","Blade Dance","Dagger Throw"],"picked":"SKIP","floor":28},{"not_picked":["Poisoned Stab","Flechettes+1","Backflip"],"picked":"SKIP","floor":30},{"not_picked":["Masterful Stab+1","Backflip","Poisoned Stab"],"picked":"SKIP","floor":30},{"not_picked":["Flechettes","Terror","Quick Slash+1"],"picked":"SKIP","floor":31},{"not_picked":["Bane+1","Dagger Throw+1","Concentrate"],"picked":"SKIP","floor":31}],"player_experience":544399,"relics_obtained":[{"floor":7,"key":"Prayer Wheel"},{"floor":9,"key":"Darkstone Periapt"},{"floor":13,"key":"Snake Skull"},{"floor":25,"key":"Regal Pillow"},{"floor":26,"key":"Matryoshka"}],"event_choices":[{"damage_healed":0,"gold_gain":175,"player_choice":"AGREE","damage_taken":0,"max_hp_gain":0,"max_hp_loss":0,"event_name":"Liars Game","floor":2,"gold_loss":0,"cards_obtained":["Doubt"]},{"damage_healed":0,"gold_gain":30,"player_choice":"Searched \u00271\u0027 times","damage_taken":0,"max_hp_gain":0,"max_hp_loss":0,"event_name":"Dead Adventurer","floor":14,"gold_loss":0},{"damage_healed":0,"gold_gain":0,"player_choice":"Paid Fearfully","damage_taken":0,"max_hp_gain":0,"max_hp_loss":0,"event_name":"Masked Bandits","floor":27,"gold_loss":133}],"is_beta":false,"boss_relics":[{"not_picked":["Ring of the Serpent","HoveringKite"],"picked":"White Beast Statue"}],"items_purged_floors":[5,11,22],"is_endless":false,"potions_floor_spawned":[1,3,4,7,18,19,20,21,25,28,30,31],"killed_by":"Collector","ascension_level":5}