{"gold_per_floor":[110,129,141,50,50,50,50,62,86,261,293,293,351,385,385,480,480,500,513,513,513,290,290,5,5,5,31,31,50,50,70,70,70],"floor_reached":33,"playtime":2847,"items_purged":[],"score":310,"play_id":"abc34b92-6655-4b1d-a55c-20fd41a73706","local_time":"20190810090856","is_ascension_mode":true,"campfire_choices":[{"data":"Armaments","floor":6.0,"key":"SMITH"},{"floor":12.0,"key":"REST"},{"floor":15.0,"key":"REST"},{"floor":23.0,"key":"RECALL"},{"floor":25.0,"key":"REST"},{"floor":28.0,"key":"REST"},{"floor":32.0,"key":"REST"}],"neow_cost":"NONE","seed_source_timestamp":1645362349364,"circlet_count":0,"master_deck":["Defend_R","Defend_R","Defend_R","Defend_R","Bash","Thunderclap","Flex","Armaments+1","Combust","Inflame","Doubt","Intimidate","Demon Form","Armaments","Shrug It Off","RitualDagger","Rupture","Rage","Metamorphosis","Fire Breathing","Rampage","Anger","Bite","Bite","Bite","Bite","Bite","Inflame"],"special_seed":0,"relics":["Burning Blood","Red Skull","Blue Candle","Self Forming Clay","PreservedInsect","White Beast Statue","Ancient Tea Set","Whetstone","StoneCalendar"],"potions_floor_usage":[],"damage_taken":[{"damage":0.0,"enemies":"2 Louse","floor":1.0,"turns":4.0},{"damage":1.0,"enemies":"Cultist","floor":2.0,"turns":3.0},{"damage":2.0,"enemies":"Small Slimes","floor":3.0,"turns":4.0},{"damage":11.0,"enemies":"Looter","floor":8.0,"turns":3.0},{"damage":32.0,"enemies":"Lagavulin","floor":11.0,"turns":7.0},{"damage":28.0,"enemies":"Gremlin Nob","floor":13.0,"turns":5.0},{"damage":14.0,"enemies":"3 Sentries","floor":14.0,"turns":9.0},{"damage":41.0,"enemies":"The Guardian","floor":16.0,"turns":13.0},{"damage":32.0,"enemies":"Shell Parasite","floor":18.0,"turns":7.0},{"damage":25.0,"enemies":"3 Byrds","floor":19.0,"turns":6.0},{"damage":44.0,"enemies":"Book of Stabbing","floor":27.0,"turns":7.0},{"damage":19.0,"enemies":"Centurion and Healer","floor":29.0,"turns":5.0},{"damage":33.0,"enemies":"Shelled Parasite and Fungi","floor":31.0,"turns":7.0},{"damage":72,"enemies":"Collector","floor":33,"turns":7}],"seed_played":"5352219995232672911","potions_obtained":[{"floor":2.0,"key":"PowerPotion"},{"floor":3.0,"key":"LiquidBronze"},{"floor":11.0,"key":"AttackPotion"},{"floor":13.0,"key":"PowerPotion"},{"floor":18.0,"key":"Fire Potion"},{"floor":19.0,"key":"Explosive Potion"},{"floor":27.0,"key":"PowerPotion"},{"floor":29.0,"key":"BloodPotion"},{"floor":31.0,"key":"FearPotion"}],"is_trial":false,"path_per_floor":["M","M","M","$","?","R","$","M","T","?","E","R","?","E","R","B",null,"M","M","?","?","$","R","$","R","T","E","R","M","?","M","R","B"],"character_chosen":"IRONCLAD","items_purchased":["Armaments","Combust","Rupture","Ancient Tea Set","Rage","Metamorphosis","Fire Breathing"],"campfire_rested":5,"item_purchase_floors":[4,4,22,22,24,24,24],"current_hp_per_floor":[88,88,88,88,88,88,88,83,83,83,57,83,61,53,79,44,88,62,43,43,37,37,37,37,63,63,25,51,38,38,37,55,0],"gold":70,"neow_bonus":"TEN_PERCENT_HP_BONUS","is_prod":false,"is_daily":false,"chose_seed":false,"campfire_upgraded":1,"win_rate":0,"timestamp":1565420936,"path_taken":["M","M","M","$","?","R","?","M","T","?","E","R","?","E","R","BOSS","M","M","?","?","$","R","?","R","T","E","R","M","?","M","R","BOSS"],"build_version":"2019-07-17","purchased_purges":0,"victory":false,"max_hp_per_floor":[88,88,88,88,88,88,88,88,88,88,88,88,88,88,88,88,88,88,88,88,88,88,88,88,88,88,88,88,88,61,61,61,61],"card_choices":[{"not_picked":["Heavy Blade","True Grit","Clothesline"],"picked":"SKIP","floor":1.0},{"not_picked":["True Grit","Sentinel"],"picked":"Thunderclap","floor":2.0},{"not_picked":["Clothesline","Iron Wave"],"picked":"Flex","floor":3.0},{"not_picked":["Warcry","Sever Soul"],"picked":"Inflame","floor":8.0},{"not_picked":["True Grit","Sword Boomerang","Evolve"],"picked":"SKIP","floor":11.0},{"not_picked":["Wild Strike","Carnage"],"picked":"Intimidate","floor":14.0},{"not_picked":["Barricade","Dark Embrace"],"picked":"Demon Form","floor":16.0},{"not_picked":["Thunderclap","Headbutt"],"picked":"Armaments","floor":18.0},{"not_picked":["Cleave","Thunderclap"],"picked":"Shrug It Off","floor":19.0},{"not_picked":["Feed","Heavy Blade"],"picked":"Rampage","floor":27.0},{"not_picked":["Clothesline+1","Burning Pact+1"],"picked":"Anger","floor":29.0},{"not_picked":["Warcry","Dark Embrace"],"picked":"Inflame","floor":31.0}],"player_experience":343176,"relics_obtained":[{"floor":11.0,"key":"Blue Candle"},{"floor":14.0,"key":"PreservedInsect"},{"floor":26.0,"key":"Whetstone"},{"floor":27.0,"key":"StoneCalendar"}],"event_choices":[{"damage_healed":0.0,"max_hp_gain":0.0,"max_hp_loss":0.0,"gold_gain":0.0,"event_name":"WeMeetAgain","player_choice":"Gave Potion","floor":5.0,"gold_loss":0.0,"damage_taken":0.0,"relics_obtained":["Red Skull"]},{"damage_healed":0.0,"max_hp_gain":0.0,"max_hp_loss":0.0,"gold_gain":175.0,"event_name":"Liars Game","player_choice":"AGREE","floor":10.0,"gold_loss":0.0,"damage_taken":0.0,"cards_obtained":["Doubt"]},{"damage_healed":0.0,"max_hp_gain":0.0,"max_hp_loss":0.0,"gold_gain":0.0,"event_name":"Dead Adventurer","player_choice":"Searched \u00273\u0027 times","floor":13.0,"gold_loss":0.0,"damage_taken":0.0,"relics_obtained":["Self Forming Clay"]},{"damage_healed":0.0,"max_hp_gain":0.0,"max_hp_loss":0.0,"gold_gain":0.0,"event_name":"Beggar","player_choice":"Ignored","floor":20.0,"gold_loss":0.0,"damage_taken":0.0},{"damage_healed":0.0,"max_hp_gain":0.0,"max_hp_loss":0.0,"gold_gain":0.0,"event_name":"Nest","player_choice":"Joined the Cult","floor":21.0,"gold_loss":0.0,"damage_taken":6.0,"cards_obtained":["RitualDagger"]},{"damage_healed":0.0,"max_hp_gain":0.0,"max_hp_loss":27.0,"gold_gain":0.0,"event_name":"Vampires","player_choice":"Became a vampire","floor":30.0,"gold_loss":0.0,"damage_taken":0.0,"cards_obtained":["Bite","Bite","Bite","Bite","Bite"]}],"is_beta":false,"boss_relics":[{"not_picked":["Runic Dome","Ectoplasm"],"picked":"White Beast Statue"}],"items_purged_floors":[],"is_endless":false,"potions_floor_spawned":[2,3,11,13,18,19,27,29,31],"killed_by":"Collector","ascension_level":1}