{"gold_per_floor":[111,286,236,256,58,58,85,99,99,110,126,126,185,219,219,321,321,335,14,14,24,38,38],"floor_reached":23,"playtime":1125,"items_purged":["Strike_G","Terror"],"score":260,"play_id":"13c27972-fe05-4f3d-9d29-d1823f72f84c","local_time":"20190115111504","is_ascension_mode":true,"campfire_choices":[{"data":"Noxious Fumes","floor":6,"key":"SMITH"},{"data":"Bullet Time","floor":12,"key":"SMITH"},{"floor":15,"key":"REST"}],"neow_cost":"NONE","seed_source_timestamp":3510933856950820,"circlet_count":0,"master_deck":["Survivor","Neutralize","Deadly Poison","Poisoned Stab","Noxious Fumes+1","Deadly Poison","Bullet Time+1","Catalyst","Bouncing Flask","Catalyst","Tools of the Trade","After Image","Choke","Cloak And Dagger","Prepared","Night Terror","After Image","Catalyst","Bullet Time","Blur","Dodge and Roll+1"],"relics":["Ring of the Snake","NeowsBlessing","Meat on the Bone","Ice Cream","Ancient Tea Set","Dodecahedron","Pandora\u0027s Box"],"potions_floor_usage":[11,13,16,23],"damage_taken":[{"damage":0,"enemies":"2 Louse","floor":1,"turns":1},{"damage":0,"enemies":"Jaw Worm","floor":4,"turns":1},{"damage":0,"enemies":"3 Sentries","floor":7,"turns":1},{"damage":0,"enemies":"Cultist","floor":8,"turns":3},{"damage":7,"enemies":"2 Fungi Beasts","floor":10,"turns":4},{"damage":2,"enemies":"Exordium Thugs","floor":11,"turns":4},{"damage":18,"enemies":"Lagavulin Event","floor":13,"turns":4},{"damage":34,"enemies":"Lagavulin","floor":14,"turns":4},{"damage":25,"enemies":"Hexaghost","floor":16,"turns":6},{"damage":4,"enemies":"Spheric Guardian","floor":18,"turns":3},{"damage":27,"enemies":"2 Thieves","floor":21,"turns":4},{"damage":11,"enemies":"Centurion and Healer","floor":22,"turns":4},{"damage":48,"enemies":"Slavers","floor":23,"turns":3}],"seed_played":"147951641875953996","potions_obtained":[{"floor":4,"key":"Weak Potion"},{"floor":10,"key":"SteroidPotion"},{"floor":14,"key":"Regen Potion"},{"floor":21,"key":"Dexterity Potion"}],"is_trial":false,"path_per_floor":["M","?","?","M","$","R","E","M","T","M","M","R","?","E","R","B",null,"M","$","?","M","M","E"],"character_chosen":"THE_SILENT","items_purchased":["Noxious Fumes","Deadly Poison","Bullet Time","Blur"],"campfire_rested":1,"item_purchase_floors":[5,5,19,19],"current_hp_per_floor":[70,70,70,70,70,70,70,70,70,63,61,61,43,21,42,44,70,66,66,59,44,45,0],"gold":38,"neow_bonus":"THREE_ENEMY_KILL","is_prod":false,"is_daily":false,"chose_seed":false,"campfire_upgraded":2,"win_rate":0,"timestamp":1547568904,"path_taken":["M","?","?","M","?","R","E","M","T","M","M","R","?","E","R","BOSS","M","$","?","M","M","E"],"build_version":"2019-01-10","purchased_purges":2,"victory":false,"max_hp_per_floor":[70,70,70,70,70,70,70,70,70,70,70,70,70,70,70,70,70,70,70,70,70,70,70],"card_choices":[{"not_picked":["Well Laid Plans","Underhanded Strike"],"picked":"Deadly Poison","floor":1},{"not_picked":["Dagger Spray","Blade Dance"],"picked":"Poisoned Stab","floor":4},{"not_picked":["Prepared","Blade Dance"],"picked":"Bullet Time","floor":7},{"not_picked":["Infinite Blades","Choke"],"picked":"Catalyst","floor":8},{"not_picked":["Deadly Poison","Prepared"],"picked":"Bouncing Flask","floor":10},{"not_picked":["Terror","Tactician","Quick Slash"],"picked":"SKIP","floor":11},{"not_picked":["Dagger Throw","A Thousand Cuts","Slice"],"picked":"SKIP","floor":14},{"not_picked":["Tactician","Sucker Punch"],"picked":"Catalyst","floor":18},{"not_picked":["Prepared","Choke","Dagger Throw+1"],"picked":"SKIP","floor":21},{"not_picked":["Quick Slash","Cloak And Dagger"],"picked":"Dodge and Roll+1","floor":22}],"player_experience":225012,"relics_obtained":[{"floor":7,"key":"Meat on the Bone"},{"floor":9,"key":"Ice Cream"},{"floor":13,"key":"Ancient Tea Set"},{"floor":14,"key":"Dodecahedron"}],"event_choices":[{"damage_healed":0,"gold_gain":175,"player_choice":"AGREE","damage_taken":0,"max_hp_gain":0,"max_hp_loss":0,"event_name":"Liars Game","floor":2,"gold_loss":0,"cards_obtained":["Doubt"]},{"cards_removed":["Doubt"],"damage_healed":0,"gold_gain":0,"player_choice":"Card Removal","damage_taken":0,"max_hp_gain":0,"max_hp_loss":0,"event_name":"The Cleric","floor":3,"gold_loss":50},{"damage_healed":0,"gold_gain":0,"player_choice":"Searched \u00271\u0027 times","damage_taken":0,"max_hp_gain":0,"max_hp_loss":0,"event_name":"Dead Adventurer","floor":13,"gold_loss":0},{"damage_healed":0,"gold_gain":0,"player_choice":"Damaged","damage_taken":7,"max_hp_gain":0,"max_hp_loss":0,"event_name":"Wheel of Change","floor":20,"gold_loss":0}],"is_beta":false,"boss_relics":[{"not_picked":["WristBlade","Runic Dome"],"picked":"Pandora\u0027s Box"}],"items_purged_floors":[5,19],"is_endless":false,"potions_floor_spawned":[4,10,14,21],"killed_by":"Slavers","ascension_level":3}