{"gold_per_floor":[112,125,125,125,50,77,90,107,107,30,30,30,40,58,58,154,154,166,183,193,207,32,32,32,32,32,32,42,42,42,53,53,154,154,167,42,55,18,118,118,118,118,118,131,131,151,151,1,1,1,1,1,1,35,35],"floor_reached":56,"playtime":2783,"items_purged":["Strike_G","Strike_G","Strike_G+1","Strike_G+1"],"score":1428,"play_id":"167154aa-e4db-411d-a65e-291517154b51","local_time":"20190822233525","is_ascension_mode":true,"campfire_choices":[{"data":"Noxious Fumes","floor":12,"key":"SMITH"},{"data":"Noxious Fumes","floor":15,"key":"SMITH"},{"data":"Footwork","floor":23,"key":"SMITH"},{"data":"Tactician","floor":25,"key":"SMITH"},{"data":"Acrobatics","floor":27,"key":"SMITH"},{"data":"Survivor","floor":32,"key":"SMITH"},{"data":"Catalyst","floor":40,"key":"SMITH"},{"floor":45,"key":"RECALL"},{"data":"Catalyst","floor":47,"key":"SMITH"},{"data":"Noxious Fumes","floor":49,"key":"SMITH"},{"data":"Adrenaline","floor":52,"key":"SMITH"}],"neow_cost":"NONE","seed_source_timestamp":632020353693900,"circlet_count":0,"master_deck":["Defend_G+1","Defend_G+1","Defend_G+1","Defend_G+1","Defend_G+1","Survivor+1","Neutralize+1","Poisoned Stab+1","Acrobatics+1","Noxious Fumes+1","Noxious Fumes+1","Concentrate+1","Tactician+1","Footwork+1","Adrenaline+1","Catalyst+1","Catalyst+1","Noxious Fumes+1","Backflip+1","Footwork+1","Bullet Time"],"relics":["Ring of the Snake","NeowsBlessing","Sundial","Meat on the Bone","FaceOfCleric","Runic Pyramid","Whetstone","Coffee Dripper","Unceasing Top","Gremlin Horn"],"potions_floor_usage":[16,16,21,33,44,55],"damage_taken":[{"damage":0,"enemies":"Jaw Worm","floor":1,"turns":1},{"damage":0,"enemies":"2 Louse","floor":2,"turns":1},{"damage":0,"enemies":"3 Sentries","floor":6,"turns":1},{"damage":0,"enemies":"Small Slimes","floor":7,"turns":4},{"damage":5,"enemies":"Red Slaver","floor":8,"turns":4},{"damage":4,"enemies":"Blue Slaver","floor":13,"turns":4},{"damage":6,"enemies":"Exordium Wildlife","floor":14,"turns":4},{"damage":6,"enemies":"Slime Boss","floor":16,"turns":8},{"damage":0,"enemies":"Spheric Guardian","floor":18,"turns":4},{"damage":3,"enemies":"Shell Parasite","floor":19,"turns":5},{"damage":30,"enemies":"Centurion and Healer","floor":20,"turns":6},{"damage":14,"enemies":"3 Cultists","floor":21,"turns":5},{"damage":21,"enemies":"Snake Plant","floor":28,"turns":4},{"damage":5,"enemies":"Chosen and Byrds","floor":31,"turns":6},{"damage":20,"enemies":"Collector","floor":33,"turns":9},{"damage":18,"enemies":"3 Shapes","floor":35,"turns":5},{"damage":0,"enemies":"Orb Walker","floor":37,"turns":4},{"damage":0,"enemies":"Mind Bloom Boss Battle","floor":39,"turns":8},{"damage":0,"enemies":"Jaw Worm Horde","floor":44,"turns":5},{"damage":9,"enemies":"Writhing Mass","floor":46,"turns":5},{"damage":0,"enemies":"Time Eater","floor":50,"turns":5},{"damage":33,"enemies":"Shield and Spear","floor":54,"turns":7},{"damage":20,"enemies":"The Heart","floor":55,"turns":10}],"seed_played":"-2028679110123018820","potions_obtained":[{"floor":1,"key":"EssenceOfSteel"},{"floor":7,"key":"GamblersBrew"},{"floor":14,"key":"Dexterity Potion"},{"floor":19,"key":"SpeedPotion"},{"floor":21,"key":"FairyPotion"},{"floor":31,"key":"Strength Potion"},{"floor":39,"key":"Energy Potion"},{"floor":54,"key":"GhostInAJar"}],"is_trial":false,"path_per_floor":["M","M","?","?","$","E","M","M","T","$","?","R","M","M","R","B",null,"M","M","M","M","$","R","$","R","T","R","M","$","?","M","R","B",null,"M","$","M","$","?","R","?","?","T","M","R","M","R","$","R","B",null,"R","$","E","B",null],"character_chosen":"THE_SILENT","items_purchased":["Noxious Fumes","Footwork","Catalyst"],"campfire_rested":0,"item_purchase_floors":[10,22,38],"current_hp_per_floor":[70,70,70,63,63,63,63,58,58,58,58,58,55,50,50,45,66,67,65,48,47,47,47,47,47,47,47,39,39,39,47,47,40,70,53,53,54,54,55,55,55,55,55,56,56,48,48,48,48,49,74,74,74,54,47],"gold":35,"neow_bonus":"THREE_ENEMY_KILL","is_prod":false,"is_daily":false,"chose_seed":false,"campfire_upgraded":10,"win_rate":0,"timestamp":1566480925,"path_taken":["M","M","?","?","$","E","M","M","T","?","?","R","?","M","R","BOSS","M","M","M","M","?","R","$","R","T","R","M","$","?","M","R","BOSS","M","$","M","$","?","R","?","?","T","M","R","M","R","?","R","BOSS","R","$","E","BOSS"],"build_version":"2019-07-17","purchased_purges":4,"victory":true,"max_hp_per_floor":[70,70,70,70,70,70,70,70,70,70,70,70,71,72,72,73,73,74,75,76,77,77,77,77,77,77,77,78,78,78,79,79,80,80,81,81,82,82,83,83,83,79,79,80,80,81,81,81,81,82,82,82,82,83,84],"card_choices":[{"not_picked":["Tactician","Bane"],"picked":"Poisoned Stab","floor":1},{"not_picked":["PiercingWail","Blade Dance","Cloak And Dagger"],"picked":"SKIP","floor":2},{"not_picked":["Slice","Bane"],"picked":"Acrobatics","floor":6},{"not_picked":["Choke","Acrobatics","Dagger Spray"],"picked":"SKIP","floor":7},{"not_picked":["Quick Slash","Leg Sweep","Sucker Punch"],"picked":"SKIP","floor":8},{"not_picked":["Distraction","Dodge and Roll","Leg Sweep"],"picked":"SKIP","floor":13},{"not_picked":["Dagger Spray","Quick Slash"],"picked":"Noxious Fumes","floor":14},{"not_picked":["Blade Dance","Well Laid Plans"],"picked":"Concentrate+1","floor":18},{"not_picked":["Backstab","Underhanded Strike","PiercingWail+1"],"picked":"SKIP","floor":19},{"not_picked":["Quick Slash+1","Blade Dance"],"picked":"Tactician","floor":20},{"not_picked":["Sucker Punch+1","Endless Agony","Dagger Spray"],"picked":"SKIP","floor":21},{"not_picked":["Finisher","Dash","Blade Dance"],"picked":"SKIP","floor":28},{"not_picked":["Blade Dance+1","All Out Attack","Quick Slash"],"picked":"SKIP","floor":31},{"not_picked":["Malaise","Glass Knife"],"picked":"Adrenaline","floor":33},{"not_picked":["Prepared+1","Dagger Throw"],"picked":"Catalyst","floor":35},{"not_picked":["Bane","Dodge and Roll+1","Poisoned Stab+1"],"picked":"SKIP","floor":37},{"not_picked":["Acrobatics","Sucker Punch"],"picked":"Noxious Fumes","floor":39},{"not_picked":["Dagger Throw+1","PiercingWail"],"picked":"Backflip+1","floor":44},{"not_picked":["Accuracy","PiercingWail"],"picked":"Footwork+1","floor":46},{"not_picked":["Footwork+1","Distraction+1"],"picked":"Bullet Time","floor":54}],"player_experience":84542,"relics_obtained":[{"floor":6,"key":"Sundial"},{"floor":9,"key":"Meat on the Bone"},{"floor":26,"key":"Whetstone"},{"floor":39,"key":"Unceasing Top"},{"floor":54,"key":"Gremlin Horn"}],"event_choices":[{"damage_healed":0,"gold_gain":0,"player_choice":"Grow","damage_taken":0,"max_hp_gain":0,"max_hp_loss":0,"event_name":"Living Wall","floor":3,"gold_loss":0,"cards_upgraded":["Poisoned Stab"]},{"cards_removed":["Strike_G"],"damage_healed":0,"gold_gain":0,"player_choice":"Card Removal","damage_taken":7,"max_hp_gain":0,"max_hp_loss":0,"event_name":"Golden Wing","floor":4,"gold_loss":0},{"damage_healed":0,"gold_gain":0,"player_choice":"Trade","damage_taken":0,"relics_obtained":["FaceOfCleric"],"max_hp_gain":0,"max_hp_loss":0,"event_name":"FaceTrader","floor":11,"gold_loss":0},{"damage_healed":0,"gold_gain":0,"player_choice":"Simplicity","damage_taken":0,"max_hp_gain":0,"max_hp_loss":0,"event_name":"Back to Basics","floor":30,"gold_loss":0,"cards_upgraded":["Strike_G","Defend_G","Defend_G","Defend_G","Defend_G","Defend_G"]},{"damage_healed":0,"gold_gain":0,"player_choice":"Fight","damage_taken":0,"max_hp_gain":0,"max_hp_loss":0,"event_name":"MindBloom","floor":39,"gold_loss":0},{"damage_healed":0,"gold_gain":0,"player_choice":"Ignored","damage_taken":0,"max_hp_gain":0,"max_hp_loss":0,"event_name":"Mysterious Sphere","floor":41,"gold_loss":0},{"damage_healed":0,"gold_gain":0,"player_choice":"Max HP","damage_taken":0,"max_hp_gain":0,"max_hp_loss":4,"event_name":"Winding Halls","floor":42,"gold_loss":0}],"is_beta":false,"boss_relics":[{"not_picked":["WristBlade","White Beast Statue"],"picked":"Runic Pyramid"},{"not_picked":["Velvet Choker","HoveringKite"],"picked":"Coffee Dripper"}],"items_purged_floors":[5,22,36,48],"is_endless":false,"potions_floor_spawned":[1,7,14,19,21,31,39,54],"ascension_level":5}