{"gold_per_floor":[115,65,65,42,317,347,347,379,379,394,18,34,34,48,48,148,148,162,181,181,280,280,280,296,296,320,320,36,46,7,7,7,106,106,117,17,28,47,47,74,84,84,111,164,14,28,61,73,73,73,73,73,23,58,58],"floor_reached":55,"playtime":6693,"items_purged":["Strike_G","Strike_G","Strike_G"],"score":1100,"play_id":"e465ed68-9f0c-40e2-bc3d-8486f0af1813","local_time":"20190128213439","is_ascension_mode":true,"campfire_choices":[{"floor":7.0,"key":"REST"},{"data":"Dagger Throw","floor":13.0,"key":"SMITH"},{"floor":15.0,"key":"REST"},{"data":"Survivor","floor":23.0,"key":"SMITH"},{"data":"Defend_G","floor":25.0,"key":"SMITH"},{"data":"Defend_G","floor":27.0,"key":"SMITH"},{"data":"Defend_G","floor":32.0,"key":"SMITH"},{"floor":49.0,"key":"RECALL"},{"data":"Backflip","floor":52.0,"key":"SMITH"}],"neow_cost":"PERCENT_DAMAGE","seed_source_timestamp":4665615922617272,"circlet_count":0,"master_deck":["Defend_G","Defend_G","Defend_G+1","Defend_G+1","Defend_G+1","Survivor+1","Neutralize","Dagger Throw","Regret","Blade Dance","Regret","Dagger Throw","Dagger Throw+1","Acrobatics","Infinite Blades","Glass Knife","Dagger Throw","Underhanded Strike+1","Necronomicurse","Cloak And Dagger+1","Leg Sweep","Distraction","Adrenaline","Underhanded Strike","Underhanded Strike+1","Escape Plan","Backflip+1","Panache","Parasite","Infinite Blades","Acrobatics","Accuracy+1"],"special_seed":0,"relics":["Ring of the Snake","Du-Vu Doll","Bag of Marbles","Incense Burner","Potion Belt","Gremlin Horn","Shuriken","Coffee Dripper","Necronomicon","Oddly Smooth Stone","Blue Candle","WristBlade","Dead Branch","Peace Pipe","Vajra","Smiling Mask","Pear"],"potions_floor_usage":[55,55,55],"damage_taken":[{"damage":1.0,"enemies":"Jaw Worm","floor":1.0,"turns":6.0},{"damage":26.0,"enemies":"3 Sentries","floor":6.0,"turns":9.0},{"damage":17.0,"enemies":"Lagavulin","floor":8.0,"turns":5.0},{"damage":0.0,"enemies":"2 Louse","floor":10.0,"turns":1.0},{"damage":0.0,"enemies":"Cultist","floor":12.0,"turns":2.0},{"damage":0.0,"enemies":"3 Louse","floor":14.0,"turns":1.0},{"damage":0.0,"enemies":"Slime Boss","floor":16.0,"turns":6.0},{"damage":3.0,"enemies":"Chosen","floor":18.0,"turns":2.0},{"damage":2.0,"enemies":"Shell Parasite","floor":19.0,"turns":2.0},{"damage":8.0,"enemies":"Centurion and Healer","floor":24.0,"turns":3.0},{"damage":0.0,"enemies":"3 Cultists","floor":29.0,"turns":3.0},{"damage":27.0,"enemies":"Champ","floor":33.0,"turns":7.0},{"damage":3.0,"enemies":"3 Shapes","floor":35.0,"turns":2.0},{"damage":0.0,"enemies":"Orb Walker","floor":37.0,"turns":1.0},{"damage":0.0,"enemies":"3 Darklings","floor":38.0,"turns":1.0},{"damage":0.0,"enemies":"Nemesis","floor":40.0,"turns":3.0},{"damage":0.0,"enemies":"Sphere and 2 Shapes","floor":41.0,"turns":1.0},{"damage":0.0,"enemies":"2 Orb Walkers","floor":44.0,"turns":1.0},{"damage":1.0,"enemies":"Writhing Mass","floor":46.0,"turns":3.0},{"damage":3.0,"enemies":"Giant Head","floor":47.0,"turns":5.0},{"damage":0.0,"enemies":"3 Darklings","floor":48.0,"turns":1.0},{"damage":15.0,"enemies":"Donu and Deca","floor":50.0,"turns":5.0},{"damage":0.0,"enemies":"Shield and Spear","floor":54.0,"turns":2.0},{"damage":91,"enemies":"The Heart","floor":55,"turns":5}],"seed_played":"-8857683463219413205","potions_obtained":[{"floor":1.0,"key":"Fire Potion"},{"floor":8.0,"key":"Fire Potion"},{"floor":14.0,"key":"Block Potion"},{"floor":33.0,"key":"GamblersBrew"},{"floor":35.0,"key":"Explosive Potion"},{"floor":38.0,"key":"LiquidBronze"},{"floor":40.0,"key":"EssenceOfSteel"}],"is_trial":false,"path_per_floor":["M","?","?","$","?","E","R","E","T","M","$","M","R","M","R","B",null,"M","M","?","?","?","R","M","R","T","R","$","M","$","?","R","B",null,"M","$","M","M","?","E","M","?","T","?","$","M","E","M","R","B",null,"R","$","E","B"],"character_chosen":"THE_SILENT","items_purchased":["Blade Dance","Shuriken","Infinite Blades","Blue Candle","Leg Sweep","Distraction","Vajra"],"campfire_rested":2,"item_purchase_floors":[4,11,11,28,28,30,45],"current_hp_per_floor":[44,44,44,44,44,18,39,22,22,22,22,22,22,22,43,43,63,60,58,58,58,42,42,34,34,34,34,34,34,34,34,34,7,54,51,51,51,51,51,51,51,46,46,46,46,45,42,42,42,27,59,59,59,69,0],"gold":58,"neow_bonus":"ONE_RARE_RELIC","is_prod":false,"is_daily":false,"chose_seed":false,"campfire_upgraded":6,"win_rate":0,"timestamp":1548729279,"path_taken":["M","?","?","$","?","E","R","E","T","M","$","M","R","M","R","BOSS","M","M","?","?","?","R","M","R","T","R","$","M","?","?","R","BOSS","M","$","?","M","?","E","?","?","T","?","$","M","E","M","R","BOSS","R","$","E","BOSS"],"build_version":"2019-01-23","purchased_purges":3,"victory":false,"max_hp_per_floor":[70,70,70,70,70,70,70,70,70,70,70,70,70,70,70,70,70,70,70,70,70,70,70,70,70,70,70,70,70,70,70,70,70,70,70,70,70,70,70,70,70,70,70,70,70,70,70,70,70,70,70,70,70,80,80],"card_choices":[{"not_picked":["Quick Slash","Deflect"],"picked":"Dagger Throw","floor":1.0},{"not_picked":["Backstab","Outmaneuver"],"picked":"Dagger Throw","floor":6.0},{"not_picked":["Flechettes","Deflect"],"picked":"Dagger Throw","floor":8.0},{"not_picked":["Infinite Blades","Quick Slash"],"picked":"Acrobatics","floor":10.0},{"not_picked":["Deadly Poison","Night Terror","Dodge and Roll"],"picked":"SKIP","floor":12.0},{"not_picked":["Sucker Punch","Distraction","Catalyst"],"picked":"SKIP","floor":14.0},{"not_picked":["Malaise","Burst"],"picked":"Glass Knife","floor":16.0},{"not_picked":["Flechettes","Bane"],"picked":"Dagger Throw","floor":18.0},{"not_picked":["All Out Attack+1","Outmaneuver"],"picked":"Underhanded Strike+1","floor":19.0},{"not_picked":["Poisoned Stab","Doppelganger"],"picked":"Cloak And Dagger+1","floor":24.0},{"not_picked":["Backstab","Eviscerate+1","Prepared"],"picked":"SKIP","floor":29.0},{"not_picked":["Malaise","Envenom"],"picked":"Adrenaline","floor":33.0},{"not_picked":["Deflect","Flying Knee+1"],"picked":"Underhanded Strike","floor":35.0},{"not_picked":["Backstab","Crippling Poison"],"picked":"Underhanded Strike+1","floor":37.0},{"not_picked":["Dagger Spray+1","Die Die Die"],"picked":"Escape Plan","floor":38.0},{"not_picked":["Bullet Time","Prepared","Slice+1"],"picked":"SKIP","floor":40.0},{"not_picked":["Reflex","PiercingWail","Blade Dance"],"picked":"SKIP","floor":41.0},{"not_picked":["Purity","Forethought"],"picked":"Panache","floor":42.0},{"not_picked":["Outmaneuver","Bane"],"picked":"Infinite Blades","floor":46.0},{"not_picked":["Quick Slash+1","Slice+1","Night Terror"],"picked":"SKIP","floor":47.0},{"not_picked":["Prepared","Sucker Punch+1"],"picked":"Acrobatics","floor":48.0},{"not_picked":["Flechettes","All Out Attack+1"],"picked":"Accuracy+1","floor":54.0}],"player_experience":367026,"relics_obtained":[{"floor":6.0,"key":"Incense Burner"},{"floor":8.0,"key":"Potion Belt"},{"floor":9.0,"key":"Gremlin Horn"},{"floor":22.0,"key":"Necronomicon"},{"floor":26.0,"key":"Oddly Smooth Stone"},{"floor":40.0,"key":"Dead Branch"},{"floor":44.0,"key":"Peace Pipe"},{"floor":47.0,"key":"Smiling Mask"},{"floor":54.0,"key":"Pear"}],"event_choices":[{"cards_removed":["Strike_G"],"damage_healed":0.0,"max_hp_gain":0.0,"max_hp_loss":0.0,"gold_gain":0.0,"event_name":"The Cleric","player_choice":"Card Removal","floor":2.0,"gold_loss":50.0,"damage_taken":0.0},{"damage_healed":0.0,"max_hp_gain":0.0,"max_hp_loss":0.0,"gold_gain":0.0,"event_name":"Big Fish","player_choice":"Box","floor":3.0,"gold_loss":0.0,"damage_taken":0.0,"relics_obtained":["Bag of Marbles"],"cards_obtained":["Regret"]},{"damage_healed":0.0,"max_hp_gain":0.0,"max_hp_loss":0.0,"gold_gain":275.0,"event_name":"Golden Shrine","player_choice":"Desecrate","floor":5.0,"gold_loss":0.0,"damage_taken":0.0,"cards_obtained":["Regret"]},{"damage_healed":0.0,"max_hp_gain":0.0,"max_hp_loss":0.0,"gold_gain":0.0,"event_name":"Vampires","player_choice":"Ignored","floor":20.0,"gold_loss":0.0,"damage_taken":0.0},{"damage_healed":0.0,"max_hp_gain":0.0,"max_hp_loss":0.0,"gold_gain":99.0,"event_name":"Nest","player_choice":"Stole From Cult","floor":21.0,"gold_loss":0.0,"damage_taken":0.0},{"damage_healed":0.0,"max_hp_gain":0.0,"max_hp_loss":0.0,"gold_gain":0.0,"event_name":"Cursed Tome","player_choice":"Obtained Book","floor":22.0,"gold_loss":0.0,"damage_taken":16.0},{"cards_removed":["Strike_G"],"damage_healed":0.0,"max_hp_gain":0.0,"max_hp_loss":0.0,"gold_gain":0.0,"event_name":"Purifier","player_choice":"Purged","floor":31.0,"gold_loss":0.0,"damage_taken":0.0},{"damage_healed":0.0,"max_hp_gain":0.0,"max_hp_loss":0.0,"gold_gain":0.0,"event_name":"Match and Keep!","player_choice":"1 cards matched","floor":39.0,"gold_loss":0.0,"damage_taken":0.0,"cards_obtained":["Backflip"]},{"damage_healed":0.0,"max_hp_gain":0.0,"max_hp_loss":0.0,"gold_gain":0.0,"event_name":"SensoryStone","player_choice":"Memory 2","floor":42.0,"gold_loss":0.0,"damage_taken":5.0},{"damage_healed":0.0,"max_hp_gain":0.0,"max_hp_loss":0.0,"gold_gain":0.0,"event_name":"Mysterious Sphere","player_choice":"Fight","floor":44.0,"gold_loss":0.0,"damage_taken":0.0}],"is_beta":false,"boss_relics":[{"not_picked":["Snecko Eye","Pandora\u0027s Box"],"picked":"Coffee Dripper"},{"not_picked":["Sozu","Busted Crown"],"picked":"WristBlade"}],"items_purged_floors":[11,36,53],"is_endless":false,"potions_floor_spawned":[1,8,14,33,35,38,40],"killed_by":"The Heart","ascension_level":6}