{"gold_per_floor":[114,133,133,143,154,154,183,84,84,103,103,3,3,34,34,139,139,151,161,161,36,51,51,64,64,64,64,64,64,64,74,74,74],"floor_reached":33,"playtime":2869,"items_purged":["Clumsy","Strike_R","Strike_R"],"score":318,"play_id":"b963614c-49e0-4c82-9d73-b9d5c6a087c1","local_time":"20190817051914","is_ascension_mode":true,"campfire_choices":[{"data":"Pommel Strike","floor":6,"key":"SMITH"},{"floor":11,"key":"REST"},{"data":"Fire Breathing","floor":13,"key":"SMITH"},{"floor":15,"key":"REST"},{"data":"Dual Wield","floor":23,"key":"SMITH"},{"data":"Bite","floor":32,"key":"SMITH"}],"neow_cost":"CURSE","seed_source_timestamp":2099206874221600,"circlet_count":0,"master_deck":["Defend_R","Defend_R","Defend_R","Defend_R","Bash","Shrug It Off","Pommel Strike+1","Fire Breathing+1","Anger","Dual Wield+1","Limit Break","Bite","Bite","Bite","Bite","Bite+1","Disarm+1"],"relics":["Burning Blood","Pocketwatch","Boot","Matryoshka","Anchor","Mummified Hand","Shuriken","White Beast Statue","Question Card","Prayer Wheel"],"potions_floor_usage":[16,19,22,24,33,33,33],"damage_taken":[{"damage":3,"enemies":"2 Louse","floor":1,"turns":3},{"damage":7,"enemies":"Jaw Worm","floor":2,"turns":3},{"damage":4,"enemies":"Small Slimes","floor":4,"turns":3},{"damage":33,"enemies":"Gremlin Gang","floor":5,"turns":8},{"damage":30,"enemies":"Gremlin Nob","floor":7,"turns":5},{"damage":0,"enemies":"Exordium Wildlife","floor":10,"turns":3},{"damage":17,"enemies":"3 Sentries","floor":14,"turns":6},{"damage":35,"enemies":"Hexaghost","floor":16,"turns":9},{"damage":5,"enemies":"2 Thieves","floor":18,"turns":4},{"damage":19,"enemies":"Spheric Guardian","floor":19,"turns":5},{"damage":5,"enemies":"Snecko","floor":22,"turns":3},{"damage":45,"enemies":"Snake Plant","floor":24,"turns":4},{"damage":16,"enemies":"Colosseum Slavers","floor":29,"turns":4},{"damage":2,"enemies":"Chosen and Byrds","floor":31,"turns":4},{"damage":114,"enemies":"Champ","floor":33,"turns":12}],"seed_played":"-1942160416202104312","potions_obtained":[{"floor":2,"key":"BloodPotion"},{"floor":4,"key":"Weak Potion"},{"floor":7,"key":"LiquidBronze"},{"floor":14,"key":"SteroidPotion"},{"floor":18,"key":"Poison Potion"},{"floor":19,"key":"BloodPotion"},{"floor":22,"key":"AttackPotion"},{"floor":24,"key":"SpeedPotion"}],"is_trial":false,"path_per_floor":["M","M","?","M","M","R","E","$","T","M","R","$","R","E","R","B",null,"M","M","?","$","M","R","M","?","T","?","$","?","$","M","R","B"],"character_chosen":"IRONCLAD","items_purchased":["Anger"],"campfire_rested":2,"item_purchase_floors":[8],"current_hp_per_floor":[80,79,67,69,42,42,18,18,18,24,48,48,48,37,61,32,80,80,67,67,67,68,68,29,29,29,29,29,25,25,45,45,0],"gold":74,"neow_bonus":"ONE_RARE_RELIC","is_prod":false,"is_daily":false,"chose_seed":false,"campfire_upgraded":4,"win_rate":0,"timestamp":1565990354,"path_taken":["M","M","?","M","M","R","E","$","T","M","R","$","R","E","R","BOSS","M","M","?","$","M","R","M","?","T","?","$","?","?","M","R","BOSS"],"build_version":"2019-07-17","purchased_purges":3,"victory":false,"max_hp_per_floor":[80,80,80,80,80,80,80,80,80,80,80,80,80,80,80,80,80,80,80,80,80,80,80,80,56,56,56,56,56,56,56,56,56],"card_choices":[{"not_picked":["Uppercut","Thunderclap","Power Through"],"picked":"SKIP","floor":1},{"not_picked":["Flex","Anger"],"picked":"Shrug It Off","floor":2},{"not_picked":["Feel No Pain","Seeing Red"],"picked":"Pommel Strike","floor":4},{"not_picked":["Carnage","Body Slam","Pommel Strike"],"picked":"SKIP","floor":5},{"not_picked":["Hemokinesis","Entrench"],"picked":"Fire Breathing","floor":7},{"not_picked":["Power Through","Clothesline"],"picked":"Dual Wield","floor":10},{"not_picked":["Shrug It Off","Body Slam","Thunderclap"],"picked":"SKIP","floor":14},{"not_picked":["Reaper","Exhume"],"picked":"Limit Break","floor":16},{"not_picked":["Shrug It Off+1","Headbutt","Clash"],"picked":"SKIP","floor":18},{"not_picked":["Flex","Hemokinesis+1","Second Wind+1"],"picked":"SKIP","floor":19},{"not_picked":["Pommel Strike","True Grit","Clothesline+1"],"picked":"SKIP","floor":22},{"not_picked":["Twin Strike","Second Wind","Power Through"],"picked":"SKIP","floor":24},{"not_picked":["Sever Soul","True Grit","Hemokinesis"],"picked":"Disarm+1","floor":31},{"not_picked":["Dual Wield","Corruption+1","Flame Barrier","Carnage"],"picked":"SKIP","floor":31}],"player_experience":715967,"relics_obtained":[{"floor":7,"key":"Matryoshka"},{"floor":9,"key":"Anchor"},{"floor":9,"key":"Mummified Hand"},{"floor":14,"key":"Shuriken"},{"floor":26,"key":"Question Card"},{"floor":26,"key":"Prayer Wheel"}],"event_choices":[{"damage_healed":0,"gold_gain":0,"player_choice":"Success","damage_taken":12,"relics_obtained":["Boot"],"max_hp_gain":0,"max_hp_loss":0,"event_name":"Scrap Ooze","floor":3,"gold_loss":0},{"damage_healed":0,"gold_gain":0,"player_choice":"Ignored","damage_taken":0,"max_hp_gain":0,"max_hp_loss":0,"event_name":"Ghosts","floor":20,"gold_loss":0},{"damage_healed":0,"gold_gain":0,"player_choice":"Became a vampire","damage_taken":0,"max_hp_gain":0,"max_hp_loss":24,"event_name":"Vampires","floor":25,"gold_loss":0,"cards_obtained":["Bite","Bite","Bite","Bite","Bite"]},{"damage_healed":0,"gold_gain":0,"player_choice":"Ignored","damage_taken":0,"max_hp_gain":0,"max_hp_loss":0,"event_name":"Cursed Tome","floor":27,"gold_loss":0},{"damage_healed":0,"gold_gain":0,"player_choice":"Fight","damage_taken":0,"max_hp_gain":0,"max_hp_loss":0,"event_name":"Colosseum","floor":29,"gold_loss":0},{"damage_healed":0,"gold_gain":0,"player_choice":"Fled From Nobs","damage_taken":0,"max_hp_gain":0,"max_hp_loss":0,"event_name":"Colosseum","floor":29,"gold_loss":0}],"is_beta":false,"boss_relics":[{"not_picked":["Cursed Key","Philosopher\u0027s Stone"],"picked":"White Beast Statue"}],"items_purged_floors":[8,12,21],"is_endless":false,"potions_floor_spawned":[2,4,7,14,18,19,22,24,29,31],"killed_by":"Champ","ascension_level":3}