{"gold_per_floor":[117,137,137,157,157,186,186,186,239,249,266,276,276,295,295,390,390,406,96,106,124,138,138,138,138],"floor_reached":25,"playtime":840,"items_purged":[],"score":259,"play_id":"5edf86ac-dd29-4deb-a7d2-498c9ff70bff","local_time":"20190120204751","is_ascension_mode":true,"campfire_choices":[{"data":"Crippling Poison","floor":7,"key":"SMITH"},{"floor":15,"key":"REST"},{"floor":23,"key":"REST"}],"neow_cost":"NONE","seed_source_timestamp":3977601324077110,"circlet_count":0,"master_deck":["Defend_G","Defend_G","Defend_G","Defend_G","Defend_G","Strike_G+1","Strike_G","Strike_G","Strike_G+1","Survivor","Neutralize","Crippling Poison+1","Unload","Deadly Poison","Reflex","Storm of Steel","Corpse Explosion","Backflip+1","Noxious Fumes","Tactician","Crippling Poison+1","Noxious Fumes","Deadly Poison+1"],"relics":["Ring of the Serpent","NeowsBlessing","Omamori","Snake Skull","DollysMirror","MutagenicStrength"],"potions_floor_usage":[6,14,14,16,22,22],"damage_taken":[{"damage":0,"enemies":"Cultist","floor":1,"turns":1},{"damage":0,"enemies":"Jaw Worm","floor":2,"turns":1},{"damage":0,"enemies":"Small Slimes","floor":4,"turns":1},{"damage":35,"enemies":"Lagavulin","floor":6,"turns":7},{"damage":0,"enemies":"Gremlin Gang","floor":10,"turns":3},{"damage":9,"enemies":"3 Louse","floor":11,"turns":2},{"damage":0,"enemies":"Exordium Wildlife","floor":12,"turns":2},{"damage":0,"enemies":"Blue Slaver","floor":14,"turns":1},{"damage":24,"enemies":"Hexaghost","floor":16,"turns":11},{"damage":26,"enemies":"2 Thieves","floor":18,"turns":4},{"damage":0,"enemies":"3 Byrds","floor":20,"turns":2},{"damage":13,"enemies":"Snecko","floor":21,"turns":4},{"damage":6,"enemies":"3 Cultists","floor":22,"turns":4},{"damage":29,"enemies":"Book of Stabbing","floor":25,"turns":3}],"seed_played":"-2459446230210908484","potions_obtained":[{"floor":1,"key":"AttackPotion"},{"floor":2,"key":"Energy Potion"},{"floor":11,"key":"SteroidPotion"},{"floor":14,"key":"Weak Potion"},{"floor":20,"key":"EssenceOfSteel"},{"floor":21,"key":"EssenceOfSteel"}],"is_trial":false,"path_per_floor":["M","M","?","M","?","E","R","?","T","M","M","M","?","M","R","B",null,"M","$","M","M","M","R","?","E"],"character_chosen":"THE_SILENT","items_purchased":["Noxious Fumes","Tactician","DollysMirror"],"campfire_rested":2,"item_purchase_floors":[19,19,19],"current_hp_per_floor":[70,70,56,56,49,14,14,14,14,14,5,5,5,5,26,2,53,27,27,27,14,8,29,29,0],"gold":138,"neow_bonus":"THREE_ENEMY_KILL","is_prod":false,"is_daily":false,"chose_seed":false,"campfire_upgraded":1,"win_rate":0,"timestamp":1548035271,"path_taken":["M","?","?","M","?","E","R","?","T","?","M","?","?","M","R","BOSS","M","$","M","M","M","R","?","E"],"build_version":"2019-01-17v2","purchased_purges":0,"victory":false,"max_hp_per_floor":[70,70,70,70,70,70,70,70,70,70,70,70,70,70,70,70,70,70,70,70,70,70,70,70,70],"card_choices":[{"not_picked":["Riddle With Holes","Flechettes","Prepared"],"picked":"SKIP","floor":1},{"not_picked":["Blade Dance","Well Laid Plans"],"picked":"Crippling Poison","floor":2},{"not_picked":["Quick Slash","Sucker Punch","Deflect"],"picked":"SKIP","floor":4},{"not_picked":["Poisoned Stab","Flying Knee"],"picked":"Unload","floor":6},{"not_picked":["Slice","Dagger Throw","Deflect"],"picked":"SKIP","floor":10},{"not_picked":["Dodge and Roll","Acrobatics","PiercingWail"],"picked":"SKIP","floor":11},{"not_picked":["Dodge and Roll","PiercingWail"],"picked":"Reflex","floor":12},{"not_picked":["Cloak And Dagger","Quick Slash"],"picked":"Storm of Steel","floor":14},{"not_picked":["Die Die Die","Wraith Form v2"],"picked":"Corpse Explosion","floor":16},{"not_picked":["Deflect+1","Underhanded Strike"],"picked":"Backflip+1","floor":18},{"not_picked":["Sucker Punch+1","Finisher"],"picked":"Noxious Fumes","floor":20},{"not_picked":["Choke+1","Dagger Throw","Blur"],"picked":"SKIP","floor":21},{"not_picked":["Adrenaline","Quick Slash+1"],"picked":"Deadly Poison+1","floor":22}],"player_experience":281027,"relics_obtained":[{"floor":6,"key":"Omamori"},{"floor":9,"key":"Snake Skull"}],"event_choices":[{"damage_healed":0,"gold_gain":0,"player_choice":"Entered Light","damage_taken":14,"max_hp_gain":0,"max_hp_loss":0,"event_name":"Shining Light","floor":3,"gold_loss":0,"cards_upgraded":["Strike_G","Strike_G"]},{"cards_removed":["Strike_G"],"damage_healed":0,"gold_gain":0,"player_choice":"Card Removal","damage_taken":7,"max_hp_gain":0,"max_hp_loss":0,"event_name":"Golden Wing","floor":5,"gold_loss":0},{"damage_healed":0,"gold_gain":0,"player_choice":"1 cards matched","damage_taken":0,"max_hp_gain":0,"max_hp_loss":0,"event_name":"Match and Keep!","floor":8,"gold_loss":0,"cards_obtained":["Deadly Poison"]},{"damage_healed":0,"gold_gain":0,"player_choice":"Fled","damage_taken":0,"max_hp_gain":0,"max_hp_loss":0,"event_name":"Scrap Ooze","floor":13,"gold_loss":0},{"damage_healed":0,"gold_gain":0,"player_choice":"Inject Mutagens","damage_taken":0,"relics_obtained":["MutagenicStrength"],"max_hp_gain":0,"max_hp_loss":0,"event_name":"Drug Dealer","floor":24,"gold_loss":0}],"is_beta":false,"boss_relics":[{"not_picked":["WristBlade","White Beast Statue"],"picked":"Ring of the Serpent"}],"items_purged_floors":[],"is_endless":false,"potions_floor_spawned":[1,2,11,14,20,21],"killed_by":"Book of Stabbing","ascension_level":5}