{"gold_per_floor":[215,11,11,11,21,21,50,50,50,64,1,29,47,67,67,163,163,150,150,2,12,25,25,45,45,93,93,93,103,118,128,128,223,223,236,249,265,54,54,54],"floor_reached":40,"playtime":4454,"items_purged":[],"score":450,"play_id":"1b9df2ff-2848-4075-8d7c-91613dcf66c2","local_time":"20190804193210","is_ascension_mode":false,"campfire_choices":[{"data":"Loop","floor":6.0,"key":"SMITH"},{"floor":8.0,"key":"REST"},{"floor":15.0,"key":"REST"},{"floor":23.0,"key":"REST"},{"floor":25.0,"key":"REST"},{"data":"Creative AI","floor":27.0,"key":"SMITH"},{"floor":32.0,"key":"REST"}],"neow_cost":"NONE","seed_source_timestamp":556972366123022,"circlet_count":0,"master_deck":["Strike_B","Strike_B","Strike_B","Strike_B","Defend_B","Defend_B","Defend_B","Defend_B","Zap","Dualcast","Conserve Battery+1","Loop+1","Go for the Eyes","Hologram","Melter","PanicButton+1","Glacier","FTL","Sunder","Gash","Hello World","Static Discharge","Genetic Algorithm","Hello World","Creative AI+1","Hello World","Loop","Hello World","Go for the Eyes","Conserve Battery","Sunder+1","BootSequence+1","Thunder Strike","Auto Shields+1","Hologram","Beam Cell","Conserve Battery+1","Beam Cell","Consume","Heatsinks","Defragment","Storm","Capacitor"],"special_seed":0,"relics":["Cracked Core","The Courier","Singing Bowl","Meat on the Bone","Bag of Marbles","Philosopher\u0027s Stone","War Paint","Orrery"],"potions_floor_usage":[40],"damage_taken":[{"damage":5.0,"enemies":"Jaw Worm","floor":1.0,"turns":4.0},{"damage":0.0,"enemies":"Cultist","floor":5.0,"turns":3.0},{"damage":41.0,"enemies":"Gremlin Nob","floor":7.0,"turns":5.0},{"damage":1.0,"enemies":"2 Louse","floor":10.0,"turns":4.0},{"damage":23.0,"enemies":"3 Sentries","floor":12.0,"turns":7.0},{"damage":14.0,"enemies":"Lots of Slimes","floor":13.0,"turns":4.0},{"damage":12.0,"enemies":"Looter","floor":14.0,"turns":3.0},{"damage":44.0,"enemies":"Hexaghost","floor":16.0,"turns":10.0},{"damage":35.0,"enemies":"2 Thieves","floor":18.0,"turns":4.0},{"damage":21.0,"enemies":"3 Byrds","floor":21.0,"turns":2.0},{"damage":20.0,"enemies":"Centurion and Healer","floor":22.0,"turns":6.0},{"damage":8.0,"enemies":"Cultist and Chosen","floor":24.0,"turns":6.0},{"damage":12.0,"enemies":"Snecko","floor":29.0,"turns":6.0},{"damage":9.0,"enemies":"Centurion and Healer","floor":30.0,"turns":6.0},{"damage":0.0,"enemies":"Cultist and Chosen","floor":31.0,"turns":5.0},{"damage":50.0,"enemies":"Collector","floor":33.0,"turns":10.0},{"damage":2.0,"enemies":"Orb Walker","floor":35.0,"turns":4.0},{"damage":1.0,"enemies":"3 Shapes","floor":36.0,"turns":9.0},{"damage":40.0,"enemies":"3 Darklings","floor":37.0,"turns":6.0},{"damage":84,"enemies":"Giant Head","floor":40,"turns":9}],"seed_played":"-4064574841122031523","potions_obtained":[{"floor":5.0,"key":"SteroidPotion"},{"floor":7.0,"key":"FairyPotion"},{"floor":16.0,"key":"EssenceOfSteel"},{"floor":18.0,"key":"Energy Potion"},{"floor":29.0,"key":"Weak Potion"},{"floor":35.0,"key":"Explosive Potion"}],"is_trial":false,"path_per_floor":["M","$","?","?","M","R","E","R","T","M","$","E","M","M","R","B",null,"M","?","$","M","M","R","M","R","T","R","?","M","M","M","R","B",null,"M","M","M","$","?","E"],"character_chosen":"DEFECT","items_purchased":["Loop","Go for the Eyes","Hologram","Melter","Hello World","Loop","Hello World","Go for the Eyes","Heatsinks","Defragment","Storm","Capacitor"],"campfire_rested":5,"item_purchase_floors":[2,2,2,2,11,20,20,20,38,38,38,38],"current_hp_per_floor":[70,70,70,70,70,70,29,51,51,50,50,39,37,37,59,27,75,40,40,40,31,23,45,51,74,74,74,74,64,55,57,81,43,83,83,82,54,54,54,0],"gold":54,"neow_bonus":"HUNDRED_GOLD","is_prod":false,"is_daily":false,"chose_seed":false,"campfire_upgraded":2,"win_rate":0.0,"timestamp":1564939930,"path_taken":["M","$","?","?","M","R","E","R","T","?","$","E","M","M","R","BOSS","M","?","$","?","M","R","M","R","T","R","?","M","?","M","R","BOSS","M","M","M","$","?","E"],"build_version":"2019-07-17","purchased_purges":0,"victory":false,"max_hp_per_floor":[75,75,75,75,75,75,75,75,75,75,75,75,75,75,75,75,75,75,75,75,75,75,75,77,77,77,77,77,79,79,81,81,81,83,85,85,85,85,85,85],"card_choices":[{"not_picked":["Darkness","Barrage"],"picked":"Conserve Battery","floor":1.0},{"not_picked":["Coolheaded","Barrage"],"picked":"FTL","floor":5.0},{"not_picked":["Compile Driver","Steam"],"picked":"Sunder","floor":7.0},{"not_picked":["Lockon","Barrage"],"picked":"Gash","floor":10.0},{"not_picked":["Glacier","Reprogram"],"picked":"Static Discharge","floor":12.0},{"not_picked":["Gash","Beam Cell"],"picked":"Genetic Algorithm","floor":13.0},{"not_picked":["Stack","Core Surge"],"picked":"Hello World","floor":14.0},{"not_picked":["Seek","Thunder Strike"],"picked":"Creative AI","floor":16.0},{"not_picked":["Scrape","Fusion"],"picked":"Hello World","floor":18.0},{"not_picked":["Redo","Coolheaded"],"picked":"Conserve Battery","floor":21.0},{"not_picked":["Redo","Scrape+1"],"picked":"Sunder+1","floor":22.0},{"not_picked":["Conserve Battery","Sweeping Beam","Steam"],"picked":"Singing Bowl","floor":24.0},{"not_picked":["Glacier","Leap","Streamline+1"],"picked":"Singing Bowl","floor":29.0},{"not_picked":["Conserve Battery","Sweeping Beam"],"picked":"BootSequence+1","floor":30.0},{"not_picked":["All For One","Redo","Rebound"],"picked":"Singing Bowl","floor":31.0},{"not_picked":["Biased Cognition","Rainbow"],"picked":"Thunder Strike","floor":33.0},{"not_picked":["Coolheaded","Barrage","Melter+1"],"picked":"Singing Bowl","floor":34.0},{"not_picked":["Go for the Eyes","Reinforced Body"],"picked":"Auto Shields+1","floor":34.0},{"not_picked":["Double Energy+1","Compile Driver"],"picked":"Hologram","floor":34.0},{"not_picked":["BootSequence","Rebound"],"picked":"Beam Cell","floor":34.0},{"not_picked":["Lockon","Streamline"],"picked":"Conserve Battery+1","floor":34.0},{"not_picked":["Barrage+1","Buffer","Scrape+1"],"picked":"Singing Bowl","floor":35.0},{"not_picked":["Hologram","Compile Driver"],"picked":"Beam Cell","floor":36.0},{"not_picked":["Sweeping Beam","Blizzard+1"],"picked":"Consume","floor":37.0}],"player_experience":298244,"relics_obtained":[{"floor":7.0,"key":"Singing Bowl"},{"floor":9.0,"key":"Meat on the Bone"},{"floor":12.0,"key":"Bag of Marbles"},{"floor":26.0,"key":"War Paint"}],"event_choices":[{"damage_healed":0.0,"max_hp_gain":0.0,"max_hp_loss":0.0,"gold_gain":0.0,"event_name":"Big Fish","player_choice":"Box","floor":3.0,"gold_loss":0.0,"damage_taken":0.0,"relics_obtained":["The Courier"],"cards_obtained":["Regret"]},{"damage_healed":0.0,"max_hp_gain":0.0,"max_hp_loss":0.0,"gold_gain":0.0,"event_name":"Match and Keep!","player_choice":"2 cards matched","floor":4.0,"gold_loss":0.0,"damage_taken":0.0,"cards_obtained":["PanicButton","Glacier"]},{"cards_removed":["Regret"],"damage_healed":0.0,"max_hp_gain":0.0,"max_hp_loss":0.0,"gold_gain":0.0,"event_name":"Purifier","player_choice":"Purged","floor":19.0,"gold_loss":0.0,"damage_taken":0.0},{"damage_healed":0.0,"max_hp_gain":0.0,"max_hp_loss":0.0,"gold_gain":0.0,"event_name":"The Woman in Blue","player_choice":"Bought 0 Potions","floor":28.0,"gold_loss":0.0,"damage_taken":0.0},{"damage_healed":0,"gold_gain":0,"player_choice":"Ignored","damage_taken":0,"max_hp_gain":0,"max_hp_loss":0,"event_name":"Mysterious Sphere","floor":39,"gold_loss":0}],"is_beta":false,"boss_relics":[{"not_picked":["Calling Bell","Ectoplasm"],"picked":"Philosopher\u0027s Stone"},{"not_picked":["Runic Dome","Busted Crown"],"picked":"Orrery"}],"items_purged_floors":[],"is_endless":false,"potions_floor_spawned":[5,7,16,18,22,29,35],"killed_by":"Giant Head","ascension_level":0}