{"gold_per_floor":[115,134,59,71,84,84,119,131,131,131,131,131,131,149,149,248,248,267,167,179,179,179,179],"floor_reached":23,"playtime":63693,"items_purged":["Defend_G","Strike_G"],"score":270,"play_id":"78129b64-a969-417b-91e8-91b45fbe3ed0","local_time":"20181027132912","is_ascension_mode":true,"campfire_choices":[{"data":"Neutralize","floor":6.0,"key":"SMITH"},{"data":"Grand Finale","floor":10.0,"key":"SMITH"},{"data":"Dagger Throw","floor":12.0,"key":"SMITH"},{"data":"Defend_G","floor":15.0,"key":"SMITH"}],"neow_cost":"NONE","seed_source_timestamp":0,"circlet_count":0,"master_deck":["Defend_G","Defend_G","Defend_G+1","Defend_G","Strike_G","Strike_G","Strike_G","Strike_G","Survivor","Neutralize+1","Grand Finale+1","Dagger Throw+1","Malaise","Flying Knee"],"special_seed":0,"relics":["Ring of the Snake","Happy Flower"],"potions_floor_usage":[21,23],"damage_taken":[{"damage":1.0,"enemies":"Jaw Worm","floor":1.0,"turns":6.0},{"damage":0.0,"enemies":"2 Louse","floor":2.0,"turns":4.0},{"damage":0.0,"enemies":"Small Slimes","floor":4.0,"turns":5.0},{"damage":1.0,"enemies":"Blue Slaver","floor":5.0,"turns":2.0},{"damage":0.0,"enemies":"Gremlin Nob","floor":7.0,"turns":3.0},{"damage":4.0,"enemies":"Large Slime","floor":8.0,"turns":7.0},{"damage":0.0,"enemies":"3 Louse","floor":14.0,"turns":5.0},{"damage":59.0,"enemies":"Hexaghost","floor":16.0,"turns":15.0},{"damage":5,"enemies":"3 Byrds","floor":18,"turns":7},{"damage":10,"enemies":"Shell Parasite","floor":20,"turns":12},{"damage":21,"enemies":"Colosseum Slavers","floor":21,"turns":7},{"damage":28,"enemies":"Centurion and Healer","floor":23,"turns":7}],"seed_played":"-9100611663718227019","potions_obtained":[{"floor":1.0,"key":"Ancient Potion"},{"floor":4.0,"key":"Fire Potion"},{"floor":5.0,"key":"SteroidPotion"},{"floor":14.0,"key":"GhostInAJar"},{"floor":20,"key":"Fire Potion"}],"is_trial":false,"path_per_floor":["M","M","$","M","M","R","E","M","T","R","$","R","?","M","R","B",null,"M","$","M","?","?"],"character_chosen":"THE_SILENT","items_purchased":[],"campfire_rested":0,"item_purchase_floors":[],"current_hp_per_floor":[69,69,69,69,68,68,68,64,64,64,64,64,64,64,64,5,54,49,49,39,18,18,0],"gold":179,"neow_bonus":"ONE_RANDOM_RARE_CARD","is_prod":false,"is_daily":false,"chose_seed":false,"campfire_upgraded":4,"win_rate":0,"timestamp":1540618152,"path_taken":["M","M","$","M","M","R","E","M","T","R","$","R","?","M","R","BOSS","BOSS","M","$","M","?","?","M"],"build_version":"2018-10-25v2","purchased_purges":2,"victory":false,"max_hp_per_floor":[70,70,70,70,70,70,70,70,70,70,70,70,70,70,70,70,70,70,70,70,70,70,70],"card_choices":[{"not_picked":["Endless Agony","Acrobatics","Cloak And Dagger"],"picked":"SKIP","floor":1.0},{"not_picked":["Catalyst","Reflex","Concentrate"],"picked":"SKIP","floor":2.0},{"not_picked":["Dagger Spray","Caltrops","Deadly Poison"],"picked":"SKIP","floor":4.0},{"not_picked":["Backflip","PiercingWail","Dagger Throw"],"picked":"SKIP","floor":5.0},{"not_picked":["Setup","Eviscerate","Crippling Poison"],"picked":"SKIP","floor":7.0},{"not_picked":["Eviscerate","Acrobatics"],"picked":"Dagger Throw","floor":8.0},{"not_picked":["Cloak And Dagger","Deadly Poison","Accuracy"],"picked":"SKIP","floor":14.0},{"not_picked":["Phantasmal Killer","Doppelganger"],"picked":"Malaise","floor":16},{"not_picked":["Sucker Punch+1","Eviscerate","Accuracy+1"],"picked":"SKIP","floor":18},{"not_picked":["Deflect+1","Skewer"],"picked":"Flying Knee","floor":20}],"player_experience":456909,"relics_obtained":[{"floor":7.0,"key":"Happy Flower"}],"event_choices":[{"damage_healed":0.0,"max_hp_gain":0.0,"max_hp_loss":0.0,"gold_gain":0.0,"event_name":"Dead Adventurer","player_choice":"Searched \u00270\u0027 times","floor":13.0,"gold_loss":0.0,"damage_taken":0.0},{"damage_healed":0,"gold_gain":0,"player_choice":"Fight","damage_taken":0,"max_hp_gain":0,"max_hp_loss":0,"event_name":"Colosseum","floor":21,"gold_loss":0},{"damage_healed":0,"gold_gain":0,"player_choice":"Fled From Nobs","damage_taken":0,"max_hp_gain":0,"max_hp_loss":0,"event_name":"Colosseum","floor":21,"gold_loss":0},{"damage_healed":0,"gold_gain":0,"player_choice":"Ignored","damage_taken":0,"max_hp_gain":0,"max_hp_loss":0,"event_name":"Vampires","floor":22,"gold_loss":0}],"is_beta":false,"boss_relics":[{"not_picked":["Pandora\u0027s Box","Snecko Eye","WristBlade"]}],"items_purged_floors":[3,19],"is_endless":false,"potions_floor_spawned":[1,4,5,14,20,21],"killed_by":"Centurion and Healer","ascension_level":5}