{"gold_per_floor":[117,117,117,42,62,98,123,144,144,177,177,177,177],"floor_reached":13,"playtime":325,"items_purged":["Strike_G"],"score":148,"play_id":"081c73af-babf-43e9-96df-5a4d710b7022","local_time":"20190121171612","is_ascension_mode":true,"campfire_choices":[{"data":"Backflip","floor":12,"key":"SMITH"}],"neow_cost":"NONE","seed_source_timestamp":4051818460111635,"circlet_count":0,"master_deck":["Defend_G","Defend_G","Defend_G","Defend_G","Defend_G","Strike_G","Strike_G","Strike_G","Strike_G","Survivor","Neutralize","Deadly Poison","Deadly Poison","Flying Knee","Backflip+1"],"relics":["Ring of the Snake","NeowsBlessing","Nunchaku","Golden Idol","Torii","Calipers","Juzu Bracelet","Meat on the Bone"],"potions_floor_usage":[10,10],"damage_taken":[{"damage":0,"enemies":"Small Slimes","floor":1,"turns":1},{"damage":0,"enemies":"Jaw Worm","floor":5,"turns":1},{"damage":0,"enemies":"3 Sentries","floor":6,"turns":1},{"damage":0,"enemies":"2 Louse","floor":7,"turns":3},{"damage":20,"enemies":"Large Slime","floor":8,"turns":8},{"damage":32,"enemies":"Gremlin Nob","floor":10,"turns":4}],"seed_played":"464487833272326877","potions_obtained":[{"floor":1,"key":"Regen Potion"},{"floor":7,"key":"GamblersBrew"},{"floor":8,"key":"Strength Potion"},{"floor":10,"key":"Swift Potion"}],"is_trial":false,"path_per_floor":["M","?","?","$","M","E","M","M","T","E","T","R","?"],"character_chosen":"THE_SILENT","items_purchased":[],"campfire_rested":0,"item_purchase_floors":[],"current_hp_per_floor":[70,63,46,46,46,46,46,26,26,6,6,6,0],"gold":177,"neow_bonus":"THREE_ENEMY_KILL","is_prod":false,"is_daily":false,"chose_seed":false,"campfire_upgraded":1,"win_rate":0,"timestamp":1548108972,"path_taken":["M","?","?","?","M","E","M","M","T","E","?","R","?"],"build_version":"2019-01-17v2","purchased_purges":1,"victory":false,"max_hp_per_floor":[70,70,70,70,70,70,70,70,70,70,70,70,70],"card_choices":[{"not_picked":["Heel Hook","Flying Knee"],"picked":"Deadly Poison","floor":1},{"not_picked":["Blur","Slice","Quick Slash"],"picked":"SKIP","floor":5},{"not_picked":["Expertise","Calculated Gamble"],"picked":"Deadly Poison","floor":6},{"not_picked":["Prepared","Poisoned Stab"],"picked":"Flying Knee","floor":7},{"not_picked":["Phantasmal Killer","Poisoned Stab","Caltrops"],"picked":"SKIP","floor":8},{"not_picked":["Deflect","Leg Sweep"],"picked":"Backflip","floor":10}],"player_experience":286330,"relics_obtained":[{"floor":6,"key":"Torii"},{"floor":9,"key":"Calipers"},{"floor":10,"key":"Juzu Bracelet"},{"floor":11,"key":"Meat on the Bone"}],"event_choices":[{"damage_healed":0,"gold_gain":0,"player_choice":"Success","damage_taken":7,"relics_obtained":["Nunchaku"],"max_hp_gain":0,"max_hp_loss":0,"event_name":"Scrap Ooze","floor":2,"gold_loss":0},{"damage_healed":0,"gold_gain":0,"player_choice":"Take Damage","damage_taken":17,"relics_obtained":["Golden Idol"],"max_hp_gain":0,"max_hp_loss":0,"event_name":"Golden Idol","floor":3,"gold_loss":0}],"is_beta":false,"boss_relics":[],"items_purged_floors":[4],"is_endless":false,"potions_floor_spawned":[1,7,8,10],"ascension_level":5}