{"gold_per_floor":[213,223,51,71,71,71,98,98,125,125,135,148,148,165,165,270,270,280,307,307,52,52,87,99,99,147,147,158,158,158,170,170,267,267,281,85,98,116,66,99,99,117,117,117,150,203,203,214,214,214],"floor_reached":51,"playtime":7110,"items_purged":["Defend_G","Decay","Strike_G"],"score":844,"play_id":"944e0cc4-4c56-423a-9254-513095fee29d","local_time":"20181103004307","is_ascension_mode":true,"campfire_choices":[{"data":"Neutralize","floor":6,"key":"SMITH"},{"floor":8,"key":"REST"},{"data":"PiercingWail","floor":10,"key":"SMITH"},{"data":"Dash","floor":15,"key":"SMITH"},{"data":"Acrobatics","floor":25,"key":"SMITH"},{"data":"Eviscerate","floor":27,"key":"SMITH"},{"data":"Die Die Die","floor":30,"key":"SMITH"},{"floor":32,"key":"REST"},{"data":"Well Laid Plans+1","floor":41,"key":"PURGE"},{"data":"Defend_G","floor":47,"key":"PURGE"},{"floor":49,"key":"REST"}],"neow_cost":"NONE","seed_source_timestamp":0,"circlet_count":0,"master_deck":["Defend_G","Defend_G","Defend_G","Strike_G","Strike_G","Strike_G","Survivor","Neutralize+1","Slice","Good Instincts","PiercingWail+1","Dash+1","Acrobatics+1","Die Die Die+1","Acrobatics+1","Underhanded Strike+1","Eviscerate+1","Backflip+1","Tactician+1","Phantasmal Killer","Acrobatics+1","Footwork+1","Dagger Throw+1","Eviscerate+1"],"special_seed":0,"relics":["Ring of the Snake","Strawberry","Art of War","Frozen Egg 2","HoveringKite","Red Mask","Incense Burner","Oddly Smooth Stone","Matryoshka","Runic Pyramid","Peace Pipe","Shuriken","Darkstone Periapt","Meat on the Bone","The Specimen"],"potions_floor_usage":[16,16,16,31,33,33,33,42,50,50],"damage_taken":[{"damage":4,"enemies":"Small Slimes","floor":1,"turns":4},{"damage":1,"enemies":"Jaw Worm","floor":2,"turns":5},{"damage":0,"enemies":"2 Louse","floor":4,"turns":3},{"damage":39,"enemies":"3 Sentries","floor":7,"turns":14},{"damage":0,"enemies":"Blue Slaver","floor":11,"turns":4},{"damage":2,"enemies":"2 Fungi Beasts","floor":12,"turns":5},{"damage":10,"enemies":"Large Slime","floor":14,"turns":7},{"damage":47,"enemies":"Hexaghost","floor":16,"turns":19},{"damage":2,"enemies":"Chosen","floor":18,"turns":8},{"damage":16,"enemies":"Masked Bandits","floor":19,"turns":6},{"damage":7,"enemies":"Slavers","floor":23,"turns":6},{"damage":0,"enemies":"3 Byrds","floor":24,"turns":5},{"damage":4,"enemies":"Snake Plant","floor":28,"turns":3},{"damage":0,"enemies":"Snecko","floor":31,"turns":3},{"damage":9,"enemies":"Champ","floor":33,"turns":17},{"damage":0,"enemies":"Orb Walker","floor":35,"turns":2},{"damage":3,"enemies":"3 Shapes","floor":37,"turns":2},{"damage":0,"enemies":"Transient","floor":38,"turns":5},{"damage":9,"enemies":"Nemesis","floor":40,"turns":7},{"damage":0,"enemies":"3 Darklings","floor":42,"turns":3},{"damage":9,"enemies":"Giant Head","floor":45,"turns":6},{"damage":0,"enemies":"2 Orb Walkers","floor":46,"turns":2},{"damage":0,"enemies":"Jaw Worm Horde","floor":48,"turns":2},{"damage":2,"enemies":"Awakened One","floor":50,"turns":5}],"seed_played":"-6477180430416030339","potions_obtained":[{"floor":1,"key":"GhostInAJar"},{"floor":11,"key":"EssenceOfSteel"},{"floor":12,"key":"SteroidPotion"},{"floor":24,"key":"Swift Potion"},{"floor":28,"key":"Poison Potion"},{"floor":31,"key":"Ancient Potion"},{"floor":33,"key":"SteroidPotion"},{"floor":38,"key":"Strength Potion"},{"floor":45,"key":"Weak Potion"},{"floor":48,"key":"Dexterity Potion"}],"is_trial":false,"path_per_floor":["M","M","$","M","?","R","E","R","T","R","M","M","T","M","R","B",null,"M","?","?","$","?","E","M","R","T","R","M","?","R","M","R","B",null,"M","$","M","M","$","E","R","M","T","?","E","?","R","M","R","B",null],"character_chosen":"THE_SILENT","items_purchased":["Good Instincts","Well Laid Plans+1","GhostInAJar","Footwork+1","Swift Potion"],"campfire_rested":3,"item_purchase_floors":[3,21,21,36,39],"current_hp_per_floor":[66,65,65,65,70,70,38,62,62,62,62,60,60,50,50,3,62,60,44,44,44,44,37,37,37,37,37,33,33,33,33,57,48,74,74,74,71,71,71,62,62,62,62,62,53,53,53,53,77,75],"gold":214,"neow_bonus":"HUNDRED_GOLD","is_prod":false,"is_daily":false,"chose_seed":false,"campfire_upgraded":6,"win_rate":0,"timestamp":1541176987,"path_taken":["M","M","$","M","?","R","E","R","T","R","M","M","?","M","R","BOSS","M","?","?","?","?","E","M","R","T","R","M","?","R","M","R","BOSS","M","$","M","M","$","E","R","M","T","?","E","?","R","M","R","BOSS"],"build_version":"2018-11-01","purchased_purges":3,"victory":true,"max_hp_per_floor":[70,70,70,70,75,75,82,82,82,82,82,82,82,82,82,82,82,82,82,82,82,82,82,82,82,82,82,82,82,82,82,82,82,82,82,82,82,82,82,82,82,82,82,82,82,82,82,82,82,82],"card_choices":[{"not_picked":["Dash","Backflip"],"picked":"Slice","floor":1},{"not_picked":["Dagger Spray","Crippling Poison","Outmaneuver"],"picked":"SKIP","floor":2},{"not_picked":["Dagger Throw","Deflect"],"picked":"PiercingWail","floor":4},{"not_picked":["Deflect","PiercingWail","Dagger Spray"],"picked":"SKIP","floor":7},{"not_picked":["Distraction","Quick Slash"],"picked":"Dash","floor":11},{"not_picked":["Poisoned Stab","Dagger Throw","Distraction"],"picked":"SKIP","floor":12},{"not_picked":["Glass Knife","Infinite Blades+1"],"picked":"Acrobatics","floor":14},{"not_picked":["Storm of Steel","Bullet Time"],"picked":"Die Die Die","floor":16},{"not_picked":["Sucker Punch","Outmaneuver"],"picked":"Acrobatics+1","floor":18},{"not_picked":["Poisoned Stab","Acrobatics"],"picked":"Underhanded Strike+1","floor":19},{"not_picked":["Noxious Fumes+1","Burst"],"picked":"Eviscerate","floor":23},{"not_picked":["Dagger Throw","Flechettes"],"picked":"Backflip+1","floor":24},{"not_picked":["Slice","Outmaneuver"],"picked":"Tactician+1","floor":28},{"not_picked":["Flechettes","Noxious Fumes+1","Dagger Spray"],"picked":"SKIP","floor":31},{"not_picked":["Venomology","Corpse Explosion"],"picked":"Phantasmal Killer","floor":33},{"not_picked":["Concentrate","Skewer"],"picked":"Acrobatics+1","floor":35},{"not_picked":["Acrobatics+1","Sucker Punch+1","PiercingWail+1"],"picked":"SKIP","floor":37},{"not_picked":["Deflect+1","Dodge and Roll"],"picked":"Dagger Throw+1","floor":38},{"not_picked":["Masterful Stab","Bane+1","Tools of the Trade+1"],"picked":"SKIP","floor":40},{"not_picked":["Bouncing Flask+1","Quick Slash+1","Acrobatics"],"picked":"SKIP","floor":42},{"not_picked":["Riddle With Holes+1","Finisher"],"picked":"Eviscerate+1","floor":45},{"not_picked":["Slice+1","Dash+1","Flechettes+1"],"picked":"SKIP","floor":48}],"player_experience":555107,"relics_obtained":[{"floor":7,"key":"Strawberry"},{"floor":9,"key":"Art of War"},{"floor":13,"key":"Frozen Egg 2"},{"floor":19,"key":"Red Mask"},{"floor":23,"key":"Incense Burner"},{"floor":26,"key":"Oddly Smooth Stone"},{"floor":40,"key":"Peace Pipe"},{"floor":43,"key":"Shuriken"},{"floor":43,"key":"Darkstone Periapt"},{"floor":45,"key":"Meat on the Bone"},{"floor":46,"key":"The Specimen"}],"event_choices":[{"damage_healed":0,"gold_gain":0,"player_choice":"Donut","damage_taken":0,"max_hp_gain":5,"max_hp_loss":0,"event_name":"Big Fish","floor":5,"gold_loss":0},{"damage_healed":0,"gold_gain":0,"player_choice":"Fought Bandits","damage_taken":0,"max_hp_gain":0,"max_hp_loss":0,"event_name":"Masked Bandits","floor":19,"gold_loss":0},{"damage_healed":0,"gold_gain":0,"player_choice":"Smashed Altar","damage_taken":0,"max_hp_gain":0,"max_hp_loss":0,"event_name":"Forgotten Altar","floor":20,"gold_loss":0,"cards_obtained":["Decay"]},{"damage_healed":0,"gold_gain":0,"player_choice":"Opened","damage_taken":0,"relics_obtained":["Matryoshka"],"max_hp_gain":0,"max_hp_loss":0,"event_name":"The Mausoleum","floor":29,"gold_loss":0},{"cards_removed":["Strike_G"],"damage_healed":0,"gold_gain":0,"player_choice":"Removed Attack","damage_taken":0,"max_hp_gain":0,"max_hp_loss":0,"event_name":"Falling","floor":44,"gold_loss":0},{"damage_healed":0,"gold_gain":0,"player_choice":"Fight","damage_taken":0,"max_hp_gain":0,"max_hp_loss":0,"event_name":"Mysterious Sphere","floor":46,"gold_loss":0}],"is_beta":false,"boss_relics":[{"not_picked":["Pandora\u0027s Box","Tiny House"],"picked":"HoveringKite"},{"not_picked":["Fusion Hammer","Velvet Choker"],"picked":"Runic Pyramid"}],"items_purged_floors":[3,21,36],"is_endless":false,"potions_floor_spawned":[1,11,12,24,28,31,33,38,40,45,48],"ascension_level":5}