{"gold_per_floor":[114,114,114,133,148,182,197,208,258,258,183,183,83,83,83,186,186,206,20,20,39,51,51,51,51,51,51,80,92,106,106,106,203,203,217,317,332,332,344,344,358,391,468,487,500,513,21,54,54,54],"floor_reached":51,"playtime":3423,"items_purged":["Slimebound:Strike_Slimebound","Slimebound:Strike_Slimebound","Slimebound:Strike_Slimebound+1"],"score":890,"play_id":"dadd8bfc-8aca-4ab7-b76d-ab9f746d2e37","local_time":"20190107205433","is_ascension_mode":true,"campfire_choices":[{"data":"Slimebound:SpikyOuterGoop","floor":10.0,"key":"SMITH"},{"data":"Slimebound:SamplingLick","floor":12.0,"key":"SMITH"},{"data":"Slimebound:SuperSplit","floor":15.0,"key":"SMITH"},{"data":"Slimebound:Gluttony","floor":23.0,"key":"SMITH"},{"data":"Slimebound:SlimeSpikes","floor":25.0,"key":"SMITH"},{"data":"Slimebound:ItLooksTasty","floor":27.0,"key":"SMITH"},{"data":"Slimebound:SamplingLick","floor":32.0,"key":"SMITH"},{"data":"Slimebound:Overexert","floor":40,"key":"SMITH"},{"data":"Slimebound:HungryTackle","floor":49,"key":"SMITH"}],"neow_cost":"NONE","seed_source_timestamp":431296094154234,"circlet_count":0,"master_deck":["Slimebound:Strike_Slimebound+1","Slimebound:Defend_Slimebound+1","Slimebound:Defend_Slimebound+1","Slimebound:Defend_Slimebound+1","Slimebound:Defend_Slimebound+1","Slimebound:Split+1","Slimebound:CorrosiveSpit+1","Slimebound:ItLooksTasty+1","Slimebound:SamplingLick+1","Slimebound:SpikyOuterGoop+1","Slimebound:SuperSplit+1","Slimebound:HungryTackle+1","Slimebound:Overexert+1","Slimebound:SamplingLick+1","Slimebound:Gluttony+1","Slimebound:SlimeSpikes+1","Necronomicurse","Slimebound:ItLooksTasty+1","Slimebound:SamplingLick+1","Slimebound:SpikyOuterGoop+1","Slimebound:RejuvenatingLick+1","Slimebound:ViciousTackle+1","Slimebound:Teamwork","Slimebound:PoisonLick+1","Slimebound:TongueLash+1","Slimebound:Replication+1","Slimebound:ItLooksTasty+1","Slimebound:FirmFortitude+1","Slimebound:SamplingLick+1","Slimebound:SlimeSpikes+1","Slimebound:PoisonLick+1","Slimebound:Lick+1","Slimebound:ProtectTheBoss+1","Finesse+1","Slimebound:FormABlockade+1","Slimebound:SlimeSpikes+1"],"special_seed":0,"relics":["Slimebound:AbsorbEndCombatUpgraded","Orichalcum","Lantern","Blood Vial","Philosopher\u0027s Stone","Necronomicon","Matryoshka","Toxic Egg 2","Slimebound:StudyCardRelic","War Paint","Bag of Preparation","Letter Opener","Bottled Lightning","Vajra"],"potions_floor_usage":[42,50,50,50],"damage_taken":[{"damage":7.0,"enemies":"Jaw Worm","floor":1.0,"turns":4.0},{"damage":4.0,"enemies":"2 Louse","floor":4.0,"turns":2.0},{"damage":3.0,"enemies":"Cultist","floor":5.0,"turns":3.0},{"damage":23.0,"enemies":"3 Sentries","floor":6.0,"turns":8.0},{"damage":5.0,"enemies":"2 Fungi Beasts","floor":7.0,"turns":4.0},{"damage":15.0,"enemies":"Exordium Wildlife","floor":8.0,"turns":3.0},{"damage":28.0,"enemies":"Hexaghost","floor":16.0,"turns":8.0},{"damage":30.0,"enemies":"Shell Parasite","floor":18.0,"turns":4.0},{"damage":50.0,"enemies":"3 Byrds","floor":21.0,"turns":4.0},{"damage":29.0,"enemies":"Centurion and Healer","floor":22.0,"turns":5.0},{"damage":17.0,"enemies":"Book of Stabbing","floor":28.0,"turns":4.0},{"damage":25.0,"enemies":"Snake Plant","floor":29.0,"turns":3.0},{"damage":22.0,"enemies":"3 Cultists","floor":30.0,"turns":5.0},{"damage":54.0,"enemies":"Automaton","floor":33.0,"turns":8.0},{"damage":3,"enemies":"Orb Walker","floor":35,"turns":2},{"damage":18,"enemies":"Orb Walker","floor":36,"turns":3},{"damage":19,"enemies":"3 Darklings","floor":37,"turns":3},{"damage":13,"enemies":"4 Shapes","floor":39,"turns":4},{"damage":11,"enemies":"Transient","floor":41,"turns":5},{"damage":48,"enemies":"Nemesis","floor":42,"turns":5},{"damage":29,"enemies":"Writhing Mass","floor":44,"turns":3},{"damage":37,"enemies":"Maw","floor":45,"turns":4},{"damage":3,"enemies":"Sphere and 2 Shapes","floor":46,"turns":3},{"damage":6,"enemies":"Reptomancer","floor":48,"turns":4},{"damage":58,"enemies":"Awakened One","floor":50,"turns":7}],"seed_played":"2907493621109472731","potions_obtained":[{"floor":5.0,"key":"Weak Potion"},{"floor":6.0,"key":"Strength Potion"},{"floor":7.0,"key":"Explosive Potion"},{"floor":18.0,"key":"Fire Potion"},{"floor":21.0,"key":"Fruit Juice"},{"floor":22.0,"key":"Regen Potion"},{"floor":30.0,"key":"Fire Potion"},{"floor":36,"key":"PowerPotion"},{"floor":44,"key":"Ancient Potion"},{"floor":48,"key":"Slimebound:ThreeZeroPotion"}],"is_trial":false,"path_per_floor":["M","?","?","M","M","E","M","M","T","R","$","R","$","?","R","B",null,"M","$","?","M","M","R","?","R","T","R","E","M","M","?","R","B",null,"M","?","M","?","M","R","M","E","T","M","M","M","$","E","R","B",null],"character_chosen":"SLIMEBOUND","items_purchased":["Slimebound:SamplingLick","Slimebound:Gluttony","Slimebound:SlimeSpikes","Bottled Lightning","Finesse+1","Slimebound:FormABlockade+1"],"campfire_rested":0,"item_purchase_floors":[19,19,19,47,47,47],"current_hp_per_floor":[60,48,48,54,60,52,60,60,60,60,60,60,60,65,65,65,65,65,65,49,33,45,45,45,45,45,45,70,70,70,70,70,70,70,67,70,70,70,70,70,70,67,67,70,70,70,70,70,70,70],"gold":54,"neow_bonus":"RANDOM_COMMON_RELIC","is_prod":false,"is_daily":false,"chose_seed":false,"campfire_upgraded":9,"win_rate":0,"timestamp":1546890873,"path_taken":["M","?","?","M","?","E","M","M","T","R","$","R","$","?","R","BOSS","M","$","?","M","M","R","?","R","T","R","E","M","M","?","R","BOSS","M","?","M","?","M","R","M","E","T","M","?","M","$","E","R","BOSS"],"build_version":"2019-01-03v4","purchased_purges":3,"victory":true,"max_hp_per_floor":[60,60,60,60,60,60,60,60,60,60,60,60,60,65,65,65,65,65,65,65,70,70,70,70,70,70,70,70,70,70,70,70,70,70,70,70,70,70,70,70,70,70,70,70,70,70,70,70,70,70],"card_choices":[{"not_picked":["Slimebound:SoulSicken","Slimebound:SlimeBarrage","Slimebound:GoopSpray"],"picked":"SKIP","floor":1.0},{"not_picked":["Slimebound:LeechingTouch","Slimebound:GrowthPunch"],"picked":"Slimebound:ItLooksTasty","floor":4.0},{"not_picked":["Slimebound:FormABlockade","Slimebound:Chomp"],"picked":"Slimebound:SamplingLick","floor":5.0},{"not_picked":["Slimebound:GoopSpray","Slimebound:FirmFortitude"],"picked":"Slimebound:SpikyOuterGoop","floor":6.0},{"not_picked":["Slimebound:SplitAcid","Slimebound:SpikyOuterGoop"],"picked":"Slimebound:SuperSplit","floor":7.0},{"not_picked":["Slimebound:Repurpose","Slimebound:LeechingTouch"],"picked":"Slimebound:HungryTackle","floor":8.0},{"not_picked":["Slimebound:Teamwork","Slimebound:SlimeBrawl"],"picked":"Slimebound:Overexert","floor":16.0},{"not_picked":["Slimebound:ComboTackle","Slimebound:SplitAcid","Slimebound:SplitBruiser"],"picked":"SKIP","floor":18.0},{"not_picked":["Slimebound:DisruptingSlam","Slimebound:ViciousTackle"],"picked":"Slimebound:ItLooksTasty+1","floor":21.0},{"not_picked":["Slimebound:SplitLeeching","Slimebound:ProtectTheBoss+1"],"picked":"Slimebound:SamplingLick","floor":22.0},{"not_picked":["Slimebound:Prepare+1","Slimebound:Replication+1"],"picked":"Slimebound:SpikyOuterGoop+1","floor":28.0},{"not_picked":["Slimebound:ComboTackle","Slimebound:DuplicatedForm"],"picked":"Slimebound:RejuvenatingLick+1","floor":29.0},{"not_picked":["Slimebound:FormOfPuddle+1","Slimebound:ItLooksTasty"],"picked":"Slimebound:ViciousTackle+1","floor":30.0},{"not_picked":["Slimebound:DuplicatedForm","Slimebound:DouseInSlime+1"],"picked":"Slimebound:Teamwork","floor":33.0},{"not_picked":["Slimebound:ComboTackle+1","Slimebound:Equalize"],"picked":"Slimebound:PoisonLick+1","floor":35},{"not_picked":["Slimebound:RejuvenatingLick+1","Slimebound:AcidGelatin+1"],"picked":"Slimebound:TongueLash+1","floor":36},{"not_picked":["Slimebound:DisruptingSlam","Slimebound:FlameTackle"],"picked":"Slimebound:Replication+1","floor":37},{"not_picked":["Slimebound:FormABlockade+1","Slimebound:SelfFormingGoo"],"picked":"Slimebound:FirmFortitude+1","floor":39},{"not_picked":["Slimebound:ComboTackle","Slimebound:SplitBruiser+1"],"picked":"Slimebound:SamplingLick+1","floor":41},{"not_picked":["Slimebound:LeechingTouch","Slimebound:FlameTackle+1"],"picked":"Slimebound:SlimeSpikes+1","floor":42},{"not_picked":["Slimebound:ProtectTheBoss+1","Slimebound:LeechingTouch"],"picked":"Slimebound:PoisonLick+1","floor":44},{"not_picked":["Slimebound:ComboTackle","Slimebound:HauntingLick+1"],"picked":"Slimebound:Lick+1","floor":45},{"not_picked":["Slimebound:FormABlockade+1","Slimebound:SelfFormingGoo"],"picked":"Slimebound:ProtectTheBoss+1","floor":46},{"not_picked":["Slimebound:Repurpose+1","Slimebound:VenomTackle"],"picked":"Slimebound:SlimeSpikes+1","floor":48}],"player_experience":33075,"relics_obtained":[{"floor":6.0,"key":"Lantern"},{"floor":9.0,"key":"Blood Vial"},{"floor":20.0,"key":"Necronomicon"},{"floor":26.0,"key":"Matryoshka"},{"floor":28.0,"key":"Toxic Egg 2"},{"floor":36,"key":"Slimebound:StudyCardRelic"},{"floor":42,"key":"War Paint"},{"floor":43,"key":"Bag of Preparation"},{"floor":43,"key":"Letter Opener"},{"floor":48,"key":"Vajra"}],"event_choices":[{"damage_healed":0.0,"max_hp_gain":0.0,"max_hp_loss":0.0,"gold_gain":0.0,"event_name":"Shining Light","player_choice":"Entered Light","floor":2.0,"gold_loss":0.0,"damage_taken":12.0,"cards_upgraded":["Slimebound:Split","Slimebound:Strike_Slimebound"]},{"damage_healed":0.0,"max_hp_gain":0.0,"max_hp_loss":0.0,"gold_gain":0.0,"event_name":"Upgrade Shrine","player_choice":"Upgraded","floor":3.0,"gold_loss":0.0,"damage_taken":0.0,"cards_upgraded":["Slimebound:CorrosiveSpit"]},{"damage_healed":0.0,"max_hp_gain":5.0,"max_hp_loss":0.0,"gold_gain":0.0,"event_name":"Big Fish","player_choice":"Donut","floor":14.0,"gold_loss":0.0,"damage_taken":0.0},{"damage_healed":0.0,"max_hp_gain":0.0,"max_hp_loss":0.0,"gold_gain":0.0,"event_name":"Cursed Tome","player_choice":"Obtained Book","floor":20.0,"gold_loss":0.0,"damage_taken":16.0},{"damage_healed":0.0,"max_hp_gain":0.0,"max_hp_loss":0.0,"gold_gain":0.0,"event_name":"Vampires","player_choice":"Ignored","floor":24.0,"gold_loss":0.0,"damage_taken":0.0},{"damage_healed":0.0,"max_hp_gain":0.0,"max_hp_loss":0.0,"gold_gain":0.0,"event_name":"Back to Basics","player_choice":"Simplicity","floor":31.0,"gold_loss":0.0,"damage_taken":0.0,"cards_upgraded":[]},{"damage_healed":0,"gold_gain":0,"player_choice":"Copied","damage_taken":0,"max_hp_gain":0,"max_hp_loss":0,"event_name":"Duplicator","floor":38,"gold_loss":0,"cards_obtained":["Slimebound:ItLooksTasty"]}],"is_beta":false,"boss_relics":[{"not_picked":["White Beast Statue","Coffee Dripper"],"picked":"Philosopher\u0027s Stone"},{"not_picked":["Runic Pyramid","Cursed Key"],"picked":"Slimebound:AbsorbEndCombatUpgraded"}],"items_purged_floors":[11,13,47],"is_endless":false,"potions_floor_spawned":[5,6,7,18,21,22,30,36,41,44,45,48],"ascension_level":4}