{"gold_per_floor":[119,139,139,214,214,214,242,242,242,277,277,277,291,316,316,445,445,459,502,602,621,634,634,672,693,693,238,238,238,282,298,298,417,417,431,764,776,789,804,804,829,829,829,829,573,604,604,638,638,638,638,638,56,88,88],"floor_reached":56,"playtime":6581,"items_purged":["Defend_B","Strike_B","Strike_B"],"score":1572,"play_id":"4caa4082-0cb6-4547-a8a6-397946cb888c","local_time":"20190214160255","is_ascension_mode":true,"campfire_choices":[{"data":"Steam","floor":6.0,"key":"SMITH"},{"floor":8.0,"key":"REST"},{"floor":12.0,"key":"REST"},{"data":"Zap","floor":15.0,"key":"SMITH"},{"floor":23.0,"key":"REST"},{"data":"Go for the Eyes","floor":28.0,"key":"SMITH"},{"data":"Sweeping Beam","floor":32.0,"key":"SMITH"},{"data":"Electrodynamics","floor":40.0,"key":"SMITH"},{"data":"Ball Lightning","floor":42.0,"key":"SMITH"},{"floor":47,"key":"RECALL"},{"data":"Defend_B","floor":49,"key":"SMITH"},{"data":"Defend_B","floor":52,"key":"SMITH"}],"neow_cost":"NONE","seed_source_timestamp":10962362700400,"circlet_count":0,"master_deck":["Strike_B","Strike_B+1","Defend_B+1","Defend_B+1","Defend_B+1","Zap+1","Dualcast+1","Gash+1","Steam+1","Steam+1","Genetic Algorithm+1","Leap+1","Glacier+1","Electrodynamics+1","Ball Lightning+1","Skim+1","Sweeping Beam+1","Go for the Eyes+1","Auto Shields+1","Impatience+1","Chaos+1","Self Repair+1","Compile Driver+1","Sweeping Beam+1","Amplify+1","Lockon+1","Defragment+1","Hologram+1","Heatsinks+1","Seek+1","Capacitor+1","Double Energy+1","Hologram+1","Storm+1","Capacitor+1","Storm+1","Cold Snap+1"],"special_seed":0,"relics":["Cracked Core","Toxic Egg 2","Gremlin Horn","Ice Cream","Dodecahedron","Philosopher\u0027s Stone","Red Mask","Letter Opener","Frozen Egg 2","Happy Flower","Whetstone","Runic Pyramid","Potion Belt","Cables","Juzu Bracelet","Turnip","Bag of Marbles"],"potions_floor_usage":[48,55,55],"damage_taken":[{"damage":2.0,"enemies":"Jaw Worm","floor":1.0,"turns":4.0},{"damage":2.0,"enemies":"2 Louse","floor":2.0,"turns":2.0},{"damage":35.0,"enemies":"Gremlin Nob","floor":7.0,"turns":4.0},{"damage":23.0,"enemies":"Lagavulin","floor":10.0,"turns":7.0},{"damage":5.0,"enemies":"Cultist","floor":13.0,"turns":3.0},{"damage":1.0,"enemies":"3 Louse","floor":14.0,"turns":3.0},{"damage":25.0,"enemies":"Slime Boss","floor":16.0,"turns":20.0},{"damage":19.0,"enemies":"3 Byrds","floor":18.0,"turns":6.0},{"damage":39.0,"enemies":"Masked Bandits","floor":19.0,"turns":5.0},{"damage":7.0,"enemies":"Shell Parasite","floor":21.0,"turns":6.0},{"damage":5.0,"enemies":"Shelled Parasite and Fungi","floor":22.0,"turns":5.0},{"damage":4.0,"enemies":"Book of Stabbing","floor":24.0,"turns":6.0},{"damage":0.0,"enemies":"Cultist and Chosen","floor":25.0,"turns":4.0},{"damage":0.0,"enemies":"Gremlin Leader","floor":30.0,"turns":6.0},{"damage":0.0,"enemies":"Snecko","floor":31.0,"turns":7.0},{"damage":13.0,"enemies":"Collector","floor":33.0,"turns":8.0},{"damage":0.0,"enemies":"3 Darklings","floor":35.0,"turns":2.0},{"damage":0.0,"enemies":"3 Shapes","floor":37.0,"turns":3.0},{"damage":29.0,"enemies":"Writhing Mass","floor":38.0,"turns":5.0},{"damage":0.0,"enemies":"Sphere and 2 Shapes","floor":39.0,"turns":4.0},{"damage":0.0,"enemies":"Reptomancer","floor":41.0,"turns":5.0},{"damage":0,"enemies":"Nemesis","floor":46,"turns":5},{"damage":0,"enemies":"Reptomancer","floor":48,"turns":2},{"damage":21,"enemies":"Donu and Deca","floor":50,"turns":5},{"damage":0,"enemies":"Shield and Spear","floor":54,"turns":3},{"damage":74,"enemies":"The Heart","floor":55,"turns":8}],"seed_played":"-1547934687073526011","potions_obtained":[{"floor":2.0,"key":"FearPotion"},{"floor":14.0,"key":"Poison Potion"},{"floor":16.0,"key":"Dexterity Potion"},{"floor":21.0,"key":"Strength Potion"},{"floor":22.0,"key":"LiquidBronze"},{"floor":30.0,"key":"GamblersBrew"},{"floor":33.0,"key":"EntropicBrew"},{"floor":41.0,"key":"SkillPotion"},{"floor":54,"key":"LiquidBronze"}],"is_trial":false,"path_per_floor":["M","M","?","?","?","R","E","R","T","E","?","R","M","M","R","B",null,"M","?","?","M","M","R","E","M","T","$","R","?","E","M","R","B",null,"M","?","M","M","M","R","E","R","T","?","$","E","R","E","R","B",null,"R","$","E","B",null],"character_chosen":"DEFECT","items_purchased":["Impatience+1","Chaos+1","Self Repair+1","Happy Flower","Capacitor+1","Double Energy+1","Hologram+1","Turnip","Storm+1","FearPotion","GamblersBrew"],"campfire_rested":3,"item_purchase_floors":[27,27,27,27,45,45,45,53,53,53,53],"current_hp_per_floor":[73,71,68,57,62,62,27,51,51,28,8,32,27,26,26,1,80,61,22,22,15,10,34,30,30,30,30,30,30,40,50,50,47,80,80,80,80,61,71,71,80,80,80,80,80,80,80,80,80,59,80,80,80,80,6],"gold":88,"neow_bonus":"UPGRADE_CARD","is_prod":false,"is_daily":false,"chose_seed":false,"campfire_upgraded":8,"win_rate":0,"timestamp":1550156575,"path_taken":["M","M","?","?","?","R","E","R","T","E","?","R","M","M","R","BOSS","M","?","?","M","M","R","E","?","T","$","R","?","E","M","R","BOSS","M","?","M","M","M","R","E","R","T","?","$","E","R","E","R","BOSS","R","$","E","BOSS"],"build_version":"2019-01-23","purchased_purges":3,"victory":true,"max_hp_per_floor":[75,75,75,75,80,80,80,80,80,80,80,80,80,80,80,80,80,80,80,80,80,80,80,80,80,80,80,80,80,80,80,80,80,80,80,80,80,80,80,80,80,80,80,80,80,80,80,80,80,80,80,80,80,80,80],"card_choices":[{"not_picked":["Beam Cell","Streamline"],"picked":"Gash","floor":1.0},{"not_picked":["Self Repair","Fusion"],"picked":"Steam","floor":2.0},{"not_picked":["Buffer","Turbo+1"],"picked":"Steam+1","floor":7.0},{"not_picked":["Aggregate+1","Redo+1"],"picked":"Genetic Algorithm+1","floor":10.0},{"not_picked":["Ball Lightning","Sweeping Beam"],"picked":"Leap+1","floor":13.0},{"not_picked":["Hyperbeam","Hello World"],"picked":"Glacier+1","floor":14.0},{"not_picked":["Creative AI","Seek+1"],"picked":"Electrodynamics","floor":16.0},{"not_picked":["Blizzard","Turbo+1"],"picked":"Ball Lightning","floor":18.0},{"not_picked":["Double Energy+1","Sunder"],"picked":"Skim+1","floor":19.0},{"not_picked":["Conserve Battery+1","Turbo+1"],"picked":"Sweeping Beam","floor":21.0},{"not_picked":["Conserve Battery+1","Beam Cell"],"picked":"Go for the Eyes","floor":22.0},{"not_picked":["Aggregate+1","Barrage","Turbo+1"],"picked":"SKIP","floor":24.0},{"not_picked":["Leap+1","Ball Lightning"],"picked":"Auto Shields+1","floor":25.0},{"not_picked":["Thunder Strike","Rainbow+1"],"picked":"Compile Driver+1","floor":30.0},{"not_picked":["White Noise+1","Static Discharge+1"],"picked":"Sweeping Beam+1","floor":31.0},{"not_picked":["Thunder Strike","Meteor Strike"],"picked":"Amplify+1","floor":33.0},{"not_picked":["Blizzard+1","Sweeping Beam+1"],"picked":"Lockon+1","floor":35.0},{"not_picked":["Hologram+1","Compile Driver"],"picked":"Defragment+1","floor":37.0},{"not_picked":["Streamline","Stack+1"],"picked":"Hologram+1","floor":38.0},{"not_picked":["Sweeping Beam","Steam Power+1"],"picked":"Heatsinks+1","floor":39.0},{"not_picked":["Conserve Battery+1","Leap+1"],"picked":"Seek+1","floor":41.0},{"not_picked":["Chaos+1","Streamline+1"],"picked":"Storm+1","floor":46},{"not_picked":["Consume+1","Conserve Battery+1"],"picked":"Capacitor+1","floor":48},{"not_picked":["Leap+1","Storm+1"],"picked":"Cold Snap+1","floor":54}],"player_experience":180539,"relics_obtained":[{"floor":7.0,"key":"Gremlin Horn"},{"floor":9.0,"key":"Ice Cream"},{"floor":10.0,"key":"Dodecahedron"},{"floor":19.0,"key":"Red Mask"},{"floor":24.0,"key":"Letter Opener"},{"floor":26.0,"key":"Frozen Egg 2"},{"floor":30.0,"key":"Whetstone"},{"floor":41.0,"key":"Potion Belt"},{"floor":46,"key":"Cables"},{"floor":48,"key":"Juzu Bracelet"},{"floor":54,"key":"Bag of Marbles"}],"event_choices":[{"damage_healed":0.0,"max_hp_gain":0.0,"max_hp_loss":0.0,"gold_gain":0.0,"event_name":"Scrap Ooze","player_choice":"Success","floor":3.0,"gold_loss":0.0,"damage_taken":3.0,"relics_obtained":["Toxic Egg 2"]},{"damage_healed":0.0,"max_hp_gain":0.0,"max_hp_loss":0.0,"gold_gain":75.0,"event_name":"World of Goop","player_choice":"Gather Gold","floor":4.0,"gold_loss":0.0,"damage_taken":11.0},{"damage_healed":0.0,"max_hp_gain":5.0,"max_hp_loss":0.0,"gold_gain":0.0,"event_name":"Big Fish","player_choice":"Donut","floor":5.0,"gold_loss":0.0,"damage_taken":0.0},{"damage_healed":0.0,"max_hp_gain":0.0,"max_hp_loss":0.0,"gold_gain":0.0,"event_name":"Golden Idol","player_choice":"Take Damage","floor":11.0,"gold_loss":0.0,"damage_taken":20.0,"relics_obtained":["Golden Idol"]},{"damage_healed":0.0,"max_hp_gain":0.0,"max_hp_loss":0.0,"gold_gain":0.0,"event_name":"Masked Bandits","player_choice":"Fought Bandits","floor":19.0,"gold_loss":0.0,"damage_taken":0.0},{"damage_healed":0.0,"max_hp_gain":0.0,"max_hp_loss":0.0,"gold_gain":100.0,"event_name":"Golden Shrine","player_choice":"Pray","floor":20.0,"gold_loss":0.0,"damage_taken":0.0},{"damage_healed":0.0,"max_hp_gain":0.0,"max_hp_loss":0.0,"gold_gain":0.0,"event_name":"Vampires","player_choice":"Ignored","floor":29.0,"gold_loss":0.0,"damage_taken":0.0},{"damage_healed":0.0,"max_hp_gain":0.0,"max_hp_loss":0.0,"gold_gain":333.0,"event_name":"The Moai Head","player_choice":"Gave Idol","floor":36.0,"relics_lost":["Golden Idol"],"gold_loss":0.0,"damage_taken":0.0},{"damage_healed":0.0,"max_hp_gain":0.0,"max_hp_loss":0.0,"gold_gain":0.0,"event_name":"Upgrade Shrine","player_choice":"Upgraded","floor":44.0,"gold_loss":0.0,"damage_taken":0.0,"cards_upgraded":["Defend_B"]}],"is_beta":false,"boss_relics":[{"not_picked":["Fusion Hammer","Snecko Eye"],"picked":"Philosopher\u0027s Stone"},{"not_picked":["Busted Crown","Orrery"],"picked":"Runic Pyramid"}],"items_purged_floors":[27,45,53],"is_endless":false,"potions_floor_spawned":[2,14,16,21,22,30,33,35,38,41,54],"ascension_level":3}