{"gold_per_floor":[110,110,120,63,75,75,102,102,102,102,102,129,140,140,140,217,217,227,5,15,15,15,50,50,50],"floor_reached":25,"playtime":734,"items_purged":[],"score":454,"play_id":"d2be7e16-4c49-4c74-84fe-3dcb5b0387b9","local_time":"20181211152158","is_ascension_mode":true,"campfire_choices":[{"data":"Bludgeon","floor":6,"key":"SMITH"},{"data":"Armaments","floor":8,"key":"SMITH"},{"data":"Bash","floor":10,"key":"SMITH"},{"floor":15,"key":"REST"},{"floor":24,"key":"REST"}],"neow_cost":"NONE","seed_source_timestamp":65777026817185,"circlet_count":0,"master_deck":["AscendersBane","Strike_R+1","Strike_R","Strike_R+1","Defend_R","Defend_R","Defend_R","Defend_R","Bash+1","Bludgeon+1","Clothesline","Armaments+1","Double Tap","Evolve","Whirlwind","Shrug It Off","Barricade","Disarm","Feed","Shrug It Off","Feel No Pain","True Grit"],"relics":["Burning Blood","Pantograph","Dodecahedron","Question Card","Velvet Choker","Letter Opener"],"potions_floor_usage":[3,18,23,25],"damage_taken":[{"damage":12,"enemies":"Jaw Worm","floor":1,"turns":2},{"damage":0,"enemies":"Cultist","floor":3,"turns":2},{"damage":0,"enemies":"2 Louse","floor":5,"turns":2},{"damage":25,"enemies":"3 Sentries","floor":7,"turns":6},{"damage":8,"enemies":"Gremlin Nob","floor":12,"turns":3},{"damage":14,"enemies":"Red Slaver","floor":13,"turns":2},{"damage":34,"enemies":"Slime Boss","floor":16,"turns":7},{"damage":23,"enemies":"Shell Parasite","floor":18,"turns":6},{"damage":0,"enemies":"3 Byrds","floor":20,"turns":6},{"damage":44,"enemies":"Slavers","floor":23,"turns":8},{"damage":48,"enemies":"Book of Stabbing","floor":25,"turns":5}],"seed_played":"-3339118041043268390","potions_obtained":[{"floor":1,"key":"BloodPotion"},{"floor":12,"key":"Poison Potion"},{"floor":18,"key":"Fire Potion"}],"is_trial":false,"path_per_floor":["M","?","M","$","M","R","E","R","T","R","?","E","M","?","R","B",null,"M","$","M","$","?","E","R","E"],"character_chosen":"IRONCLAD","items_purchased":["FearPotion","Feed","Shrug It Off"],"campfire_rested":2,"item_purchase_floors":[4,19,19],"current_hp_per_floor":[62,39,52,52,58,58,39,39,39,39,39,37,29,29,51,47,68,51,51,61,61,61,23,46,0],"gold":50,"neow_bonus":"ONE_RANDOM_RARE_CARD","is_prod":false,"is_daily":false,"chose_seed":false,"campfire_upgraded":3,"win_rate":0,"timestamp":1544538118,"path_taken":["M","?","M","$","M","R","E","R","T","R","?","E","?","?","R","BOSS","M","$","M","$","?","E","R","E"],"build_version":"2018-12-06","purchased_purges":0,"victory":false,"max_hp_per_floor":[75,75,75,75,75,75,75,75,75,75,75,75,75,75,75,75,75,75,75,79,79,79,79,79,79],"card_choices":[{"not_picked":["Rupture","Power Through","Heavy Blade"],"picked":"SKIP","floor":1},{"not_picked":["Wild Strike","Warcry"],"picked":"Clothesline","floor":3},{"not_picked":["Body Slam","Fire Breathing"],"picked":"Armaments","floor":5},{"not_picked":["Cleave","Anger"],"picked":"Double Tap","floor":7},{"not_picked":["True Grit","Pommel Strike"],"picked":"Whirlwind","floor":12},{"not_picked":["Body Slam","Rage","Bloodletting"],"picked":"Shrug It Off","floor":13},{"not_picked":["Double Tap","Impervious","Demon Form"],"picked":"Barricade","floor":16},{"not_picked":["Iron Wave","Thunderclap","Evolve"],"picked":"Disarm","floor":18},{"not_picked":["Searing Blow","Dual Wield+1","Havoc"],"picked":"Feel No Pain","floor":20},{"not_picked":["Iron Wave","Twin Strike","Pummel"],"picked":"True Grit","floor":23}],"player_experience":1787424,"relics_obtained":[{"floor":7,"key":"Pantograph"},{"floor":9,"key":"Dodecahedron"},{"floor":12,"key":"Question Card"},{"floor":23,"key":"Letter Opener"}],"event_choices":[{"damage_healed":0,"gold_gain":0,"player_choice":"Entered Light","damage_taken":23,"max_hp_gain":0,"max_hp_loss":0,"event_name":"Shining Light","floor":2,"gold_loss":0,"cards_upgraded":["Strike_R","Strike_R"]},{"damage_healed":0,"gold_gain":0,"cards_transformed":["Strike_R"],"player_choice":"Transformed","damage_taken":0,"max_hp_gain":0,"max_hp_loss":0,"event_name":"Transmorgrifier","floor":11,"gold_loss":0,"cards_obtained":["Evolve"]},{"cards_removed":["Strike_R"],"damage_healed":0,"gold_gain":0,"player_choice":"Forget","damage_taken":0,"max_hp_gain":0,"max_hp_loss":0,"event_name":"Living Wall","floor":14,"gold_loss":0}],"is_beta":false,"boss_relics":[{"not_picked":["Empty Cage","Calling Bell"],"picked":"Velvet Choker"}],"items_purged_floors":[],"is_endless":false,"potions_floor_spawned":[1,12,18,20],"killed_by":"Book of Stabbing","ascension_level":20}