{"gold_per_floor":[109,109,109,34,34,74,74,98,147,147,485,485,525,548,548,548],"floor_reached":16,"playtime":484,"items_purged":["Strike_G"],"score":226,"play_id":"a6c60278-66d8-40e5-952d-5171fab21e98","local_time":"20190208121729","is_ascension_mode":true,"campfire_choices":[{"data":"Neutralize","floor":7.0,"key":"SMITH"},{"data":"Cloak And Dagger","floor":10.0,"key":"SMITH"},{"data":"Flechettes","floor":12.0,"key":"SMITH"},{"floor":15.0,"key":"REST"}],"neow_cost":"NONE","seed_source_timestamp":139010434485000,"circlet_count":0,"master_deck":["AscendersBane","Defend_G+1","Defend_G","Defend_G","Defend_G+1","Strike_G","Strike_G","Strike_G","Strike_G","Survivor","Neutralize+1","Blur","Deflect","Cloak And Dagger+1","Flechettes+1","Glass Knife","Terror"],"special_seed":0,"relics":["Ring of the Snake","NeowsBlessing","Golden Idol","Anchor","Oddly Smooth Stone","Old Coin","Paper Crane"],"potions_floor_usage":[16],"damage_taken":[{"damage":0.0,"enemies":"Jaw Worm","floor":1.0,"turns":1.0},{"damage":0.0,"enemies":"Lagavulin","floor":6.0,"turns":1.0},{"damage":0.0,"enemies":"Small Slimes","floor":8.0,"turns":1.0},{"damage":1.0,"enemies":"3 Sentries","floor":11.0,"turns":10.0},{"damage":29.0,"enemies":"Gremlin Nob","floor":13.0,"turns":5.0},{"damage":0.0,"enemies":"Cultist","floor":14.0,"turns":2.0},{"damage":34,"enemies":"Slime Boss","floor":16,"turns":7}],"seed_played":"7646592437376698924","potions_obtained":[{"floor":1.0,"key":"Fire Potion"},{"floor":6.0,"key":"Swift Potion"},{"floor":13.0,"key":"FearPotion"}],"is_trial":false,"path_per_floor":["?","?","?"],"character_chosen":"THE_SILENT","items_purchased":[],"campfire_rested":1,"item_purchase_floors":[],"current_hp_per_floor":[63,63,50,50,50,50,50,50,50,50,49,49,20,20,39,5],"gold":548,"neow_bonus":"THREE_ENEMY_KILL","is_prod":false,"is_daily":false,"chose_seed":false,"campfire_upgraded":3,"win_rate":0,"timestamp":1549595849,"path_taken":["M","?","?","$","?","E","R","M","T","R","E","R","E","M","R","BOSS"],"build_version":"2019-01-23","purchased_purges":1,"victory":false,"max_hp_per_floor":[70,65,65,65,65,65,65,65,65,65,65,65,65,65,65,65],"card_choices":[{"not_picked":["Blade Dance","Eviscerate"],"picked":"Blur","floor":1.0},{"not_picked":["Flechettes","Flying Knee"],"picked":"Deflect","floor":6.0},{"not_picked":["Masterful Stab","Bane"],"picked":"Cloak And Dagger","floor":8.0},{"not_picked":["PiercingWail","Flying Knee"],"picked":"Flechettes","floor":11.0},{"not_picked":["Dagger Spray","Slice"],"picked":"Glass Knife","floor":13.0},{"not_picked":["Caltrops","Poisoned Stab"],"picked":"Terror","floor":14.0}],"player_experience":274554,"relics_obtained":[{"floor":6.0,"key":"Anchor"},{"floor":9.0,"key":"Oddly Smooth Stone"},{"floor":11.0,"key":"Old Coin"},{"floor":13.0,"key":"Paper Crane"}],"event_choices":[{"damage_healed":0.0,"max_hp_gain":0.0,"max_hp_loss":5.0,"gold_gain":0.0,"event_name":"Golden Idol","player_choice":"Lose Max HP","floor":2.0,"gold_loss":0.0,"damage_taken":0.0,"relics_obtained":["Golden Idol"]},{"damage_healed":0.0,"max_hp_gain":0.0,"max_hp_loss":0.0,"gold_gain":0.0,"event_name":"Shining Light","player_choice":"Entered Light","floor":3.0,"gold_loss":0.0,"damage_taken":13.0,"cards_upgraded":["Defend_G","Defend_G"]},{"cards_removed":["Defend_G"],"damage_healed":0.0,"max_hp_gain":0.0,"max_hp_loss":0.0,"gold_gain":0.0,"event_name":"Bonfire Elementals","player_choice":"Offered Basic","floor":5.0,"gold_loss":0.0,"damage_taken":0.0}],"is_beta":false,"boss_relics":[],"items_purged_floors":[4],"is_endless":false,"potions_floor_spawned":[1,6,13],"killed_by":"Slime Boss","ascension_level":12}