{"gold_per_floor":[117,292,292,27,27,27,56,56,56,68,81,81,115,115,115,219,219,230,240,240,167,167,167,186,186,211,211,229,144,179,24,24,126,126,146,146,45,45,60,60,77,77,77,77,97,97,97,109,109,109],"floor_reached":51,"playtime":1915,"items_purged":["Strike_R","Strike_R+1","Defend_R","Defend_R"],"score":791,"play_id":"5513aa72-90a5-4196-a5f4-253a844d1053","local_time":"20190209150250","is_ascension_mode":true,"campfire_choices":[{"data":"Bash","floor":6.0,"key":"SMITH"},{"data":"Disarm","floor":8.0,"key":"SMITH"},{"data":"Shockwave","floor":12.0,"key":"SMITH"},{"floor":15.0,"key":"REST"},{"data":"Demon Form","floor":23.0,"key":"SMITH"},{"data":"Seeing Red","floor":25.0,"key":"SMITH"},{"data":"Offering","floor":27.0,"key":"SMITH"},{"data":"Master of Strategy","floor":32.0,"key":"SMITH"},{"data":"Panacea","floor":40.0,"key":"SMITH"},{"data":"Heavy Blade","floor":42.0,"key":"SMITH"},{"data":"Pommel Strike","floor":44.0,"key":"SMITH"},{"data":"Seeing Red","floor":47.0,"key":"SMITH"},{"data":"Shrug It Off","floor":49,"key":"SMITH"}],"neow_cost":"NONE","seed_source_timestamp":0,"circlet_count":0,"master_deck":["Strike_R+1","Bash+1","Shrug It Off","Disarm+1","Shockwave+1","Offering+1","Demon Form+1","Pommel Strike+1","Seeing Red+1","Shrug It Off+1","Seeing Red+1","Master of Strategy+1","Warcry+1","Bandage Up","Panacea+1","Heavy Blade+1","Sword Boomerang+1"],"special_seed":0,"relics":["Burning Blood","Membership Card","Blood Vial","Magic Flower","Ancient Tea Set","Empty Cage","MutagenicStrength","Omamori","Unceasing Top","Anchor","Runic Dome","Letter Opener","Darkstone Periapt"],"potions_floor_usage":[50],"damage_taken":[{"damage":9.0,"enemies":"Jaw Worm","floor":1.0,"turns":6.0},{"damage":34.0,"enemies":"Gremlin Nob","floor":7.0,"turns":5.0},{"damage":2.0,"enemies":"2 Louse","floor":10.0,"turns":3.0},{"damage":8.0,"enemies":"Small Slimes","floor":11.0,"turns":5.0},{"damage":30.0,"enemies":"Lagavulin","floor":13.0,"turns":9.0},{"damage":43.0,"enemies":"The Guardian","floor":16.0,"turns":17.0},{"damage":22.0,"enemies":"2 Thieves","floor":18.0,"turns":5.0},{"damage":0.0,"enemies":"3 Byrds","floor":19.0,"turns":5.0},{"damage":18.0,"enemies":"Centurion and Healer","floor":24.0,"turns":5.0},{"damage":6.0,"enemies":"Cultist and Chosen","floor":28.0,"turns":4.0},{"damage":7.0,"enemies":"Gremlin Leader","floor":30.0,"turns":5.0},{"damage":35.0,"enemies":"Champ","floor":33.0,"turns":9.0},{"damage":6.0,"enemies":"Orb Walker","floor":35.0,"turns":3.0},{"damage":6.0,"enemies":"3 Darklings","floor":39.0,"turns":2.0},{"damage":6.0,"enemies":"Jaw Worm Horde","floor":41.0,"turns":2.0},{"damage":6.0,"enemies":"Transient","floor":45.0,"turns":5.0},{"damage":9,"enemies":"Sphere and 2 Shapes","floor":48,"turns":3},{"damage":18,"enemies":"Time Eater","floor":50,"turns":4}],"seed_played":"-2948158486531179263","potions_obtained":[{"floor":7.0,"key":"PowerPotion"},{"floor":10.0,"key":"Strength Potion"},{"floor":16.0,"key":"PowerPotion"},{"floor":28.0,"key":"BloodPotion"},{"floor":39.0,"key":"Explosive Potion"},{"floor":45.0,"key":"SkillPotion"}],"is_trial":false,"path_per_floor":["M","?","?","$","?","R","E","R","T","M","M","R","E","?","R","B",null,"M","M","?","$","?","R","M","R","T","R","M","?","E","$","R","B",null,"M","?","$","?","M","R","M","R","T","R","M","?","R","M","R","B",null],"character_chosen":"IRONCLAD","items_purchased":["Membership Card","Disarm","Pommel Strike","Master of Strategy","Heavy Blade"],"campfire_rested":1,"item_purchase_floors":[4,4,21,31,37],"current_hp_per_floor":[77,77,70,70,70,70,42,42,42,52,56,56,38,22,46,15,80,67,79,79,79,79,79,71,71,71,71,77,77,80,80,80,54,80,80,75,75,75,80,80,80,80,80,80,80,80,80,80,80,80],"gold":109,"neow_bonus":"REMOVE_CARD","is_prod":false,"is_daily":false,"chose_seed":false,"campfire_upgraded":12,"win_rate":0,"timestamp":1549720970,"path_taken":["M","?","?","$","?","R","E","R","T","M","M","R","E","?","R","BOSS","BOSS","M","M","?","$","?","R","M","R","T","R","M","?","E","?","R","BOSS","M","?","$","?","?","R","M","R","T","R","M","?","R","M","R","BOSS"],"build_version":"2019-01-23","purchased_purges":4,"victory":true,"max_hp_per_floor":[80,80,80,80,80,80,80,80,80,80,80,80,80,80,80,80,80,80,80,80,80,80,80,80,80,80,80,80,80,80,80,80,80,80,80,80,80,80,80,80,80,80,80,80,80,80,80,80,80,80],"card_choices":[{"not_picked":["Perfected Strike","Headbutt"],"picked":"Shrug It Off","floor":1.0},{"not_picked":["Hemokinesis","Rupture","Fire Breathing"],"picked":"SKIP","floor":7.0},{"not_picked":["Havoc","Heavy Blade"],"picked":"Shockwave","floor":10.0},{"not_picked":["Bloodletting","Rage","Wild Strike"],"picked":"SKIP","floor":11.0},{"not_picked":["Anger","Hemokinesis","Iron Wave"],"picked":"SKIP","floor":13.0},{"not_picked":["Feed","Bludgeon"],"picked":"Offering","floor":16.0},{"not_picked":["True Grit+1","Heavy Blade"],"picked":"Twin Strike","floor":18.0},{"not_picked":["Hemokinesis","Warcry"],"picked":"Demon Form","floor":19.0},{"not_picked":["Clash","Headbutt"],"picked":"Shrug It Off","floor":24.0},{"not_picked":["Twin Strike+1","Second Wind"],"picked":"Seeing Red","floor":28.0},{"not_picked":["Seeing Red","Immolate","Warcry"],"picked":"SKIP","floor":30.0},{"not_picked":["Combust+1","Twin Strike"],"picked":"Warcry+1","floor":35.0},{"not_picked":["Chrysalis","Jack Of All Trades"],"picked":"Bandage Up","floor":36.0},{"not_picked":["Purity","Master of Strategy"],"picked":"Panacea","floor":36.0},{"not_picked":["Body Slam","Anger","Iron Wave"],"picked":"SKIP","floor":39.0},{"not_picked":["Sever Soul+1","Clothesline+1","Headbutt"],"picked":"SKIP","floor":41.0},{"not_picked":["Clothesline","Perfected Strike+1","Twin Strike"],"picked":"SKIP","floor":45.0},{"not_picked":["Iron Wave","Cleave+1"],"picked":"Sword Boomerang+1","floor":48}],"player_experience":45351,"relics_obtained":[{"floor":7.0,"key":"Blood Vial"},{"floor":9.0,"key":"Magic Flower"},{"floor":13.0,"key":"Ancient Tea Set"},{"floor":26.0,"key":"Omamori"},{"floor":30.0,"key":"Anchor"},{"floor":43.0,"key":"Darkstone Periapt"}],"event_choices":[{"damage_healed":0.0,"max_hp_gain":0.0,"max_hp_loss":0.0,"gold_gain":175.0,"event_name":"Liars Game","player_choice":"AGREE","floor":2.0,"gold_loss":0.0,"damage_taken":0.0,"cards_obtained":["Doubt"]},{"cards_removed":["Doubt"],"damage_healed":0.0,"max_hp_gain":0.0,"max_hp_loss":0.0,"gold_gain":0.0,"event_name":"Golden Wing","player_choice":"Card Removal","floor":3.0,"gold_loss":0.0,"damage_taken":7.0},{"cards_removed":["Defend_R"],"damage_healed":0.0,"max_hp_gain":0.0,"max_hp_loss":0.0,"gold_gain":0.0,"event_name":"Living Wall","player_choice":"Forget","floor":5.0,"gold_loss":0.0,"damage_taken":0.0},{"damage_healed":0.0,"max_hp_gain":0.0,"max_hp_loss":0.0,"gold_gain":0.0,"event_name":"Shining Light","player_choice":"Entered Light","floor":14.0,"gold_loss":0.0,"damage_taken":16.0,"cards_upgraded":["Strike_R","Strike_R"]},{"damage_healed":0.0,"max_hp_gain":0.0,"max_hp_loss":0.0,"gold_gain":0.0,"event_name":"Drug Dealer","player_choice":"Inject Mutagens","floor":20.0,"gold_loss":0.0,"damage_taken":0.0,"relics_obtained":["MutagenicStrength"]},{"damage_healed":0.0,"max_hp_gain":0.0,"max_hp_loss":0.0,"gold_gain":0.0,"event_name":"The Library","player_choice":"Read","floor":22.0,"gold_loss":0.0,"damage_taken":0.0,"cards_obtained":["Seeing Red"]},{"damage_healed":0.0,"max_hp_gain":0.0,"max_hp_loss":0.0,"gold_gain":0.0,"event_name":"Addict","player_choice":"Obtained Relic","floor":29.0,"gold_loss":85.0,"damage_taken":0.0,"relics_obtained":["Unceasing Top"]},{"damage_healed":0.0,"max_hp_gain":0.0,"max_hp_loss":0.0,"gold_gain":0.0,"event_name":"SensoryStone","player_choice":"Memory 2","floor":36.0,"gold_loss":0.0,"damage_taken":5.0},{"damage_healed":0.0,"max_hp_gain":0.0,"max_hp_loss":0.0,"gold_gain":0.0,"event_name":"WeMeetAgain","player_choice":"Gave Potion","floor":38.0,"gold_loss":0.0,"damage_taken":0.0,"relics_obtained":["Letter Opener"]},{"cards_removed":["Twin Strike"],"damage_healed":0.0,"max_hp_gain":0.0,"max_hp_loss":0.0,"gold_gain":0.0,"event_name":"Falling","player_choice":"Removed Attack","floor":46.0,"gold_loss":0.0,"damage_taken":0.0}],"is_beta":false,"boss_relics":[{"not_picked":["Snecko Eye","Coffee Dripper"],"picked":"Empty Cage"},{"not_picked":["Astrolabe","Runic Pyramid"],"picked":"Runic Dome"}],"items_purged_floors":[4,21,31,37],"is_endless":false,"potions_floor_spawned":[7,10,16,28,39,45],"ascension_level":3}