{"gold_per_floor":[112,112,62,237,183,183,213,213,236,246,272,285,302,319,319,418,418,432,1,17,17,37,68,68,99,126,126,139,99,127,143,143,241,241,258,275,78,78,78,106,106],"floor_reached":41,"playtime":2567,"items_purged":["Doubt"],"score":591,"play_id":"e6f68851-0d35-4915-b3e8-04cf6fe8b4c0","local_time":"20190209180553","is_ascension_mode":true,"campfire_choices":[{"data":"Heavy Blade","floor":6,"key":"SMITH"},{"data":"Armaments","floor":8,"key":"SMITH"},{"data":"Armaments","floor":15,"key":"SMITH"},{"floor":24,"key":"RECALL"},{"floor":27,"key":"REST"},{"floor":32,"key":"REST"}],"neow_cost":"NONE","seed_source_timestamp":153463063595266,"circlet_count":0,"master_deck":["Strike_R","Strike_R+1","Strike_R","Strike_R","Defend_R","Defend_R","Defend_R","Defend_R","Bash+1","Heavy Blade+1","Armaments+1","Flex","Armaments+1","Headbutt","Twin Strike","Perfected Strike","Berserk+1","Pommel Strike","Inflame+1","Wild Strike","Perfected Strike","Shrug It Off+1","Spot Weakness","Second Wind+1","Heavy Blade","Feed","Shrug It Off+1","Twin Strike+1","Trip","Master of Strategy","Panacea","Madness","Madness","Infernal Blade+1"],"relics":["Burning Blood","Whetstone","Red Skull","Centennial Puzzle","Sundial","Bronze Scales","Pen Nib","Sozu","Kunai","Frozen Egg 2","Ginger","Orichalcum","Cursed Key","Sling","Dream Catcher"],"potions_floor_usage":[11,16,16,23],"damage_taken":[{"damage":0,"enemies":"2 Louse","floor":1,"turns":3},{"damage":32,"enemies":"Gremlin Nob","floor":7,"turns":4},{"damage":0,"enemies":"Small Slimes","floor":10,"turns":3},{"damage":15,"enemies":"3 Sentries","floor":11,"turns":6},{"damage":0,"enemies":"Cultist","floor":12,"turns":2},{"damage":11,"enemies":"Looter","floor":13,"turns":3},{"damage":0,"enemies":"2 Fungi Beasts","floor":14,"turns":1},{"damage":10,"enemies":"Hexaghost","floor":16,"turns":7},{"damage":26,"enemies":"Shell Parasite","floor":18,"turns":5},{"damage":17,"enemies":"2 Thieves","floor":20,"turns":4},{"damage":7,"enemies":"Chosen and Byrds","floor":22,"turns":3},{"damage":22,"enemies":"Slavers","floor":23,"turns":3},{"damage":15,"enemies":"Gremlin Leader","floor":25,"turns":3},{"damage":9,"enemies":"Centurion and Healer","floor":28,"turns":4},{"damage":42,"enemies":"Slavers","floor":30,"turns":5},{"damage":0,"enemies":"3 Cultists","floor":31,"turns":4},{"damage":31,"enemies":"Champ","floor":33,"turns":6},{"damage":18,"enemies":"3 Darklings","floor":35,"turns":4},{"damage":8,"enemies":"3 Shapes","floor":36,"turns":4},{"damage":44,"enemies":"Nemesis","floor":40,"turns":5},{"damage":24,"enemies":"Spire Growth","floor":41,"turns":2}],"seed_played":"-4773328634323904534","potions_obtained":[{"floor":7,"key":"Block Potion"},{"floor":10,"key":"AttackPotion"},{"floor":14,"key":"PowerPotion"},{"floor":16,"key":"Strength Potion"}],"is_trial":false,"path_per_floor":["M","?","?","?","?","R","E","R","T","M","E","M","M","M","R","B",null,"M","$","M","?","M","E","R","E","T","R","M","?","E","M","R","B",null,"M","M","$","?","?","E","M"],"character_chosen":"IRONCLAD","items_purchased":["Inflame","Kunai","Wild Strike","Sling"],"campfire_rested":2,"item_purchase_floors":[19,19,19,37],"current_hp_per_floor":[80,68,68,68,68,68,42,42,42,48,39,45,40,46,46,42,80,60,60,49,49,48,32,32,23,23,47,44,44,8,14,38,13,80,72,73,73,63,52,14,0],"gold":106,"neow_bonus":"RANDOM_COMMON_RELIC","is_prod":false,"is_daily":false,"chose_seed":false,"campfire_upgraded":3,"win_rate":0,"timestamp":1549731953,"path_taken":["M","?","?","?","?","R","E","R","T","?","E","M","M","M","R","BOSS","M","$","M","?","M","E","R","E","T","R","M","?","E","M","R","BOSS","M","?","?","?","?","E","M"],"build_version":"2019-01-23","purchased_purges":1,"victory":false,"max_hp_per_floor":[80,80,80,80,80,80,80,80,80,80,80,80,80,80,80,80,80,80,80,80,80,80,80,80,80,80,80,80,80,80,80,80,80,80,84,87,87,87,87,87,87],"card_choices":[{"not_picked":["Twin Strike","Bloodletting"],"picked":"Heavy Blade","floor":1},{"not_picked":["Juggernaut","Cleave"],"picked":"Armaments","floor":7},{"not_picked":["Combust","Twin Strike"],"picked":"Flex","floor":10},{"not_picked":["Sentinel","Metallicize"],"picked":"Armaments","floor":11},{"not_picked":["Anger","True Grit"],"picked":"Headbutt","floor":12},{"not_picked":["Sentinel","Disarm"],"picked":"Twin Strike","floor":13},{"not_picked":["Sentinel","Sword Boomerang"],"picked":"Perfected Strike","floor":14},{"not_picked":["Barricade","Fiend Fire"],"picked":"Berserk","floor":16},{"not_picked":["Flex+1","Cleave"],"picked":"Pommel Strike","floor":18},{"not_picked":["Searing Blow","Wild Strike"],"picked":"Perfected Strike","floor":20},{"not_picked":["Combust","Bloodletting","Dropkick"],"picked":"SKIP","floor":22},{"not_picked":["Infernal Blade","Disarm"],"picked":"Shrug It Off+1","floor":23},{"not_picked":["Flame Barrier","Havoc+1","Dropkick"],"picked":"SKIP","floor":25},{"not_picked":["Bloodletting","Pommel Strike"],"picked":"Spot Weakness","floor":28},{"not_picked":["Iron Wave","Offering"],"picked":"Second Wind+1","floor":30},{"not_picked":["Reckless Charge+1","Anger"],"picked":"Heavy Blade","floor":31},{"not_picked":["Brutality+1","Juggernaut+1"],"picked":"Feed","floor":33},{"not_picked":["Body Slam+1","Cleave+1"],"picked":"Shrug It Off+1","floor":35},{"not_picked":["Sever Soul","Second Wind+1"],"picked":"Twin Strike+1","floor":36},{"not_picked":["Panacea","Jack Of All Trades"],"picked":"Trip","floor":38},{"not_picked":["Mind Blast","Good Instincts"],"picked":"Master of Strategy","floor":38},{"not_picked":["Purity","Metamorphosis"],"picked":"Panacea","floor":38},{"not_picked":["Heavy Blade+1","Shrug It Off"],"picked":"Infernal Blade+1","floor":40}],"player_experience":106509,"relics_obtained":[{"floor":7,"key":"Sundial"},{"floor":9,"key":"Bronze Scales"},{"floor":11,"key":"Pen Nib"},{"floor":23,"key":"Frozen Egg 2"},{"floor":25,"key":"Ginger"},{"floor":30,"key":"Orichalcum"},{"floor":40,"key":"Dream Catcher"}],"event_choices":[{"damage_healed":0,"gold_gain":0,"player_choice":"Success","damage_taken":12,"relics_obtained":["Red Skull"],"max_hp_gain":0,"max_hp_loss":0,"event_name":"Scrap Ooze","floor":2,"gold_loss":0},{"cards_removed":["Strike_R"],"damage_healed":0,"gold_gain":0,"player_choice":"Card Removal","damage_taken":0,"max_hp_gain":0,"max_hp_loss":0,"event_name":"The Cleric","floor":3,"gold_loss":50},{"damage_healed":0,"gold_gain":175,"player_choice":"AGREE","damage_taken":0,"max_hp_gain":0,"max_hp_loss":0,"event_name":"Liars Game","floor":4,"gold_loss":0,"cards_obtained":["Doubt"]},{"damage_healed":0,"gold_gain":0,"player_choice":"Paid Gold","damage_taken":0,"relics_obtained":["Centennial Puzzle"],"max_hp_gain":0,"max_hp_loss":0,"event_name":"WeMeetAgain","floor":5,"gold_loss":54},{"damage_healed":0,"gold_gain":0,"player_choice":"Ignored","damage_taken":0,"max_hp_gain":0,"max_hp_loss":0,"event_name":"Vampires","floor":21,"gold_loss":0},{"damage_healed":0,"gold_gain":0,"player_choice":"Upgraded Two","damage_taken":0,"max_hp_gain":0,"max_hp_loss":0,"event_name":"Designer","floor":29,"gold_loss":40,"cards_upgraded":["Berserk","Inflame"]},{"damage_healed":0,"gold_gain":0,"player_choice":"Memory 3","damage_taken":10,"max_hp_gain":0,"max_hp_loss":0,"event_name":"SensoryStone","floor":38,"gold_loss":0},{"damage_healed":0,"gold_gain":0,"player_choice":"Embrace Madness","damage_taken":11,"max_hp_gain":0,"max_hp_loss":0,"event_name":"Winding Halls","floor":39,"gold_loss":0,"cards_obtained":["Madness","Madness"]}],"is_beta":false,"boss_relics":[{"not_picked":["Runic Cube","Tiny House"],"picked":"Sozu"},{"not_picked":["Runic Dome","Astrolabe"],"picked":"Cursed Key"}],"items_purged_floors":[19],"is_endless":false,"potions_floor_spawned":[7,10,14,16,23,25,28,30,31],"killed_by":"Spire Growth","ascension_level":3}