{"gold_per_floor":[12,24,37,52,64,64,96,106,160,171,198,198,225,236,236,311,311,327,340,340,14,14,14,14],"floor_reached":24,"playtime":1857,"items_purged":["Strike_G"],"score":385,"play_id":"5c062a0f-9b7e-42bd-b507-b995d52ff799","local_time":"20190210122756","is_ascension_mode":true,"campfire_choices":[{"data":"Cloak And Dagger","floor":6.0,"key":"SMITH"},{"data":"Neutralize","floor":12.0,"key":"SMITH"},{"data":"Survivor","floor":15.0,"key":"SMITH"},{"data":"Sucker Punch","floor":23,"key":"SMITH"}],"neow_cost":"NO_GOLD","seed_source_timestamp":75005543046100,"circlet_count":0,"master_deck":["AscendersBane","Defend_G+1","Defend_G+1","Defend_G+1","Defend_G+1","Defend_G+1","Strike_G+1","Strike_G+1","Strike_G+1","Strike_G+1","Survivor+1","Neutralize+1","Terror","Cloak And Dagger+1","Slice","Calculated Gamble","Reflex","Caltrops","PiercingWail","Dagger Spray","Infinite Blades","Dagger Throw","Tactician","Tools of the Trade","Cloak And Dagger","Sucker Punch+1"],"special_seed":0,"relics":["Ring of the Snake","Dead Branch","Art of War","Boot","Pear","Darkstone Periapt","Eternal Feather","Meat on the Bone"],"potions_floor_usage":[16,16,18],"damage_taken":[{"damage":0.0,"enemies":"2 Louse","floor":1.0,"turns":3.0},{"damage":2.0,"enemies":"Jaw Worm","floor":2.0,"turns":5.0},{"damage":0.0,"enemies":"Cultist","floor":3.0,"turns":3.0},{"damage":1.0,"enemies":"2 Fungi Beasts","floor":4.0,"turns":4.0},{"damage":1.0,"enemies":"3 Louse","floor":5.0,"turns":3.0},{"damage":10.0,"enemies":"Lagavulin","floor":7.0,"turns":5.0},{"damage":0.0,"enemies":"Looter","floor":8.0,"turns":2.0},{"damage":3.0,"enemies":"Exordium Wildlife","floor":10.0,"turns":5.0},{"damage":16.0,"enemies":"3 Sentries","floor":11.0,"turns":5.0},{"damage":15.0,"enemies":"Lagavulin","floor":13.0,"turns":4.0},{"damage":0.0,"enemies":"Lots of Slimes","floor":14.0,"turns":3.0},{"damage":12,"enemies":"The Guardian","floor":16,"turns":9},{"damage":30,"enemies":"Spheric Guardian","floor":18,"turns":6},{"damage":3,"enemies":"Chosen","floor":19,"turns":5},{"damage":3,"enemies":"Gremlin Leader","floor":24,"turns":5}],"seed_played":"-3019887328664761823","potions_obtained":[{"floor":3.0,"key":"Ancient Potion"},{"floor":5.0,"key":"Regen Potion"},{"floor":7.0,"key":"PowerPotion"},{"floor":10.0,"key":"PowerPotion"},{"floor":11.0,"key":"Energy Potion"},{"floor":16,"key":"EssenceOfSteel"}],"is_trial":false,"path_per_floor":["?","?"],"character_chosen":"THE_SILENT","items_purchased":["Meat on the Bone"],"campfire_rested":0,"item_purchase_floors":[21],"current_hp_per_floor":[59,57,57,56,55,55,54,54,54,51,45,45,30,30,30,18,62,32,29,7,7,7,22,19],"gold":14,"neow_bonus":"ONE_RARE_RELIC","is_prod":false,"is_daily":false,"chose_seed":false,"campfire_upgraded":4,"win_rate":0,"timestamp":1549769276,"path_taken":["M","M","M","M","M","R","E","M","T","M","E","R","E","M","R","BOSS","M","M","?","$","?","R","E"],"build_version":"2019-01-23","purchased_purges":1,"victory":false,"max_hp_per_floor":[66,66,66,66,66,66,66,66,66,66,76,76,76,76,76,76,76,76,76,81,81,81,81,81],"card_choices":[{"not_picked":["Deadly Poison","Prepared"],"picked":"Terror","floor":1.0},{"not_picked":["Bane","PiercingWail"],"picked":"Cloak And Dagger","floor":2.0},{"not_picked":["Deadly Poison","Phantasmal Killer"],"picked":"Slice","floor":3.0},{"not_picked":["Bane","Prepared"],"picked":"Calculated Gamble","floor":4.0},{"not_picked":["Riddle With Holes","PiercingWail"],"picked":"Reflex","floor":5.0},{"not_picked":["Bane","Burst"],"picked":"Caltrops","floor":7.0},{"not_picked":["Bouncing Flask","Acrobatics"],"picked":"PiercingWail","floor":8.0},{"not_picked":["Underhanded Strike","Terror"],"picked":"Dagger Spray","floor":10.0},{"not_picked":["Flying Knee","Quick Slash"],"picked":"Infinite Blades","floor":11.0},{"not_picked":["Masterful Stab","Setup"],"picked":"Dagger Throw","floor":13.0},{"not_picked":["Prepared","Quick Slash"],"picked":"Tactician","floor":14.0},{"not_picked":["Grand Finale","Burst"],"picked":"Tools of the Trade","floor":16},{"not_picked":["Flying Knee","Expertise"],"picked":"Cloak And Dagger","floor":18},{"not_picked":["Flying Knee","Poisoned Stab"],"picked":"Sucker Punch","floor":19}],"player_experience":310777,"relics_obtained":[{"floor":7.0,"key":"Art of War"},{"floor":9.0,"key":"Boot"},{"floor":11.0,"key":"Pear"},{"floor":13.0,"key":"Darkstone Periapt"}],"event_choices":[{"damage_healed":0,"gold_gain":0,"player_choice":"Shed Blood","damage_taken":27,"max_hp_gain":5,"max_hp_loss":0,"event_name":"Forgotten Altar","floor":20,"gold_loss":0},{"damage_healed":0,"gold_gain":0,"player_choice":"Simplicity","damage_taken":0,"max_hp_gain":0,"max_hp_loss":0,"event_name":"Back to Basics","floor":22,"gold_loss":0,"cards_upgraded":["Defend_G","Defend_G","Defend_G","Defend_G","Defend_G","Strike_G","Strike_G","Strike_G","Strike_G"]}],"is_beta":false,"boss_relics":[{"not_picked":["HoveringKite","Runic Dome"],"picked":"Eternal Feather"}],"items_purged_floors":[21],"is_endless":false,"potions_floor_spawned":[3,5,7,10,11,13,14,16],"killed_by":"Gremlin Leader","ascension_level":15}