{"gold_per_floor":[114,129,79,94,94,124,124,31,86,86,86,101,116,131,131,231,231,246,246,261,261,276,276,306,306,331,346,361,376,391,51,51,151,151,166,186,0,15,30,10,10,10,10,40,55,70,85,100,100,100],"floor_reached":51,"playtime":2599,"items_purged":["Strike_R"],"score":955,"play_id":"666737d8-b3e9-4461-8050-ff575684a9e5","local_time":"20190213125239","daily_mods":["Cursed Run","Uncertain Future","Night Terrors"],"is_ascension_mode":false,"campfire_choices":[{"data":"Pummel","floor":7,"key":"SMITH"},{"data":"Shrug It Off","floor":10,"key":"SMITH"},{"floor":15,"key":"REST"},{"data":"Whirlwind","floor":23,"key":"SMITH"},{"floor":25,"key":"REST"},{"data":"Barricade","floor":32,"key":"SMITH"},{"floor":42,"key":"REST"},{"data":"Body Slam","floor":49,"key":"SMITH"}],"neow_cost":"","seed_source_timestamp":0,"circlet_count":0,"master_deck":["Strike_R+1","Strike_R+1","Defend_R","Defend_R","Defend_R","Defend_R","Bash","Pummel+1","Heavy Blade","Pummel","Cleave+1","Shrug It Off+1","Inflame+1","Doubt","Barricade+1","Flame Barrier","Whirlwind+1","Shame","Limit Break","Body Slam+1","Cleave+1","Thunderclap","Inflame","Writhe","Shrug It Off+1","Searing Blow+1","Juggernaut","Feel No Pain","Injury","Demon Form","Whirlwind","Twin Strike+1","Disarm+1","Flex","Regret","Headbutt+1","Normality","Flex+1","Clothesline+1","Entrench+1","Burning Pact","Body Slam+1","Clumsy"],"special_seed":17940,"relics":["Cursed Key","Darkstone Periapt","Du-Vu Doll","Matryoshka","Vajra","Velvet Choker","Nloth\u0027s Gift","MutagenicStrength","The Courier","Whetstone","Dream Catcher","Chemical X","Pen Nib","Black Star","Calipers","Red Mask","Blood Vial","Bag of Marbles","Ancient Tea Set","Boot"],"potions_floor_usage":[24,27,39,44,44,48,48],"damage_taken":[{"damage":1,"enemies":"Jaw Worm","floor":1,"turns":3},{"damage":0,"enemies":"Small Slimes","floor":2,"turns":2},{"damage":2,"enemies":"2 Louse","floor":4,"turns":3},{"damage":6,"enemies":"Gremlin Nob","floor":6,"turns":3},{"damage":5,"enemies":"Lots of Slimes","floor":12,"turns":3},{"damage":0,"enemies":"2 Fungi Beasts","floor":13,"turns":2},{"damage":0,"enemies":"Blue Slaver","floor":14,"turns":1},{"damage":0,"enemies":"Slime Boss","floor":16,"turns":6},{"damage":5,"enemies":"2 Thieves","floor":18,"turns":3},{"damage":0,"enemies":"Spheric Guardian","floor":20,"turns":3},{"damage":9,"enemies":"Centurion and Healer","floor":22,"turns":3},{"damage":31,"enemies":"Book of Stabbing","floor":24,"turns":4},{"damage":0,"enemies":"Shelled Parasite and Fungi","floor":27,"turns":1},{"damage":4,"enemies":"Snake Plant","floor":28,"turns":3},{"damage":0,"enemies":"Snecko","floor":29,"turns":2},{"damage":0,"enemies":"3 Cultists","floor":30,"turns":3},{"damage":31,"enemies":"Automaton","floor":33,"turns":5},{"damage":19,"enemies":"3 Darklings","floor":35,"turns":2},{"damage":13,"enemies":"2 Orb Walkers","floor":36,"turns":2},{"damage":10,"enemies":"3 Shapes","floor":38,"turns":2},{"damage":3,"enemies":"Sphere and 2 Shapes","floor":39,"turns":3},{"damage":1,"enemies":"Nemesis","floor":44,"turns":3},{"damage":9,"enemies":"3 Darklings","floor":45,"turns":2},{"damage":0,"enemies":"Maw","floor":46,"turns":4},{"damage":0,"enemies":"Jaw Worm Horde","floor":47,"turns":2},{"damage":0,"enemies":"Writhing Mass","floor":48,"turns":2},{"damage":0,"enemies":"Time Eater","floor":50,"turns":2}],"seed_played":"420993889476971038","potions_obtained":[{"floor":1,"key":"Explosive Potion"},{"floor":2,"key":"Dexterity Potion"},{"floor":14,"key":"PowerPotion"},{"floor":16,"key":"Block Potion"},{"floor":28,"key":"Weak Potion"},{"floor":30,"key":"SpeedPotion"},{"floor":36,"key":"AttackPotion"},{"floor":38,"key":"EssenceOfSteel"},{"floor":44,"key":"Ancient Potion"},{"floor":46,"key":"Block Potion"}],"is_trial":false,"path_per_floor":["M","M","?","M","?","E","R","$","T","R","?","M","M","M","R","B",null,"M","?","M","?","M","R","E","R","T","M","M","M","M","$","R","B",null,"M","?","?","M","M","$","T","R","T","E","M","M","M","M","R","B",null],"character_chosen":"IRONCLAD","items_purchased":["Shrug It Off","Inflame","Chemical X","Pen Nib","Flex"],"campfire_rested":3,"item_purchase_floors":[8,8,31,31,40],"current_hp_per_floor":[79,79,79,77,70,64,64,64,70,70,53,48,48,48,81,87,87,82,82,82,82,73,73,42,82,88,88,84,84,84,84,84,59,94,75,62,62,52,49,49,55,95,101,100,92,94,96,98,98,106],"gold":100,"neow_bonus":"","is_prod":false,"is_daily":true,"chose_seed":false,"campfire_upgraded":5,"win_rate":0,"timestamp":1550080359,"path_taken":["M","M","?","M","?","E","R","$","T","R","?","M","M","M","R","BOSS","M","?","?","?","M","R","E","R","T","M","M","M","M","$","R","BOSS","M","?","?","M","M","$","?","R","T","E","M","M","M","M","R","BOSS"],"build_version":"2019-01-23","purchased_purges":1,"victory":true,"max_hp_per_floor":[80,80,80,80,80,80,80,80,86,86,86,86,86,86,81,87,87,87,87,87,87,87,87,87,82,88,88,88,88,88,88,88,94,94,94,94,94,94,94,94,100,95,101,101,101,101,101,101,101,107],"card_choices":[{"not_picked":["Evolve","Warcry"],"picked":"Pummel","floor":1},{"not_picked":["Evolve","Headbutt"],"picked":"Heavy Blade","floor":2},{"not_picked":["Clothesline","Flex"],"picked":"Pummel","floor":4},{"not_picked":["Iron Wave","Flame Barrier"],"picked":"Cleave","floor":6},{"not_picked":["Flex","Anger"],"picked":"Barricade","floor":12},{"not_picked":["Iron Wave","Seeing Red"],"picked":"Flame Barrier","floor":13},{"not_picked":["Sword Boomerang","Warcry"],"picked":"Whirlwind","floor":14},{"not_picked":["Exhume","Berserk"],"picked":"Limit Break","floor":16},{"not_picked":["Clash","Sword Boomerang+1"],"picked":"Body Slam+1","floor":18},{"not_picked":["Reaper","Clothesline"],"picked":"Cleave+1","floor":20},{"not_picked":["Searing Blow","Perfected Strike"],"picked":"Thunderclap","floor":22},{"not_picked":["Pommel Strike","Offering"],"picked":"Inflame","floor":24},{"not_picked":["Reckless Charge","Iron Wave"],"picked":"Shrug It Off+1","floor":27},{"not_picked":["Wild Strike","Anger"],"picked":"Searing Blow+1","floor":28},{"not_picked":["True Grit","Anger"],"picked":"Juggernaut","floor":29},{"not_picked":["Headbutt","Warcry"],"picked":"Feel No Pain","floor":30},{"not_picked":["Offering","Immolate"],"picked":"Demon Form","floor":33},{"not_picked":["Clash","Anger+1","Havoc"],"picked":"SKIP","floor":35},{"not_picked":["Dual Wield","Headbutt+1"],"picked":"Whirlwind","floor":36},{"not_picked":["Iron Wave+1","Thunderclap"],"picked":"Twin Strike+1","floor":38},{"not_picked":["Sever Soul+1","Seeing Red+1"],"picked":"Disarm+1","floor":39},{"not_picked":["Body Slam","Corruption"],"picked":"Headbutt+1","floor":42},{"not_picked":["Blood for Blood","Power Through"],"picked":"Flex+1","floor":44},{"not_picked":["Clash","Demon Form"],"picked":"Clothesline+1","floor":45},{"not_picked":["Dual Wield+1","Perfected Strike"],"picked":"Entrench+1","floor":46},{"not_picked":["Feel No Pain","Evolve"],"picked":"Burning Pact","floor":47},{"not_picked":["Perfected Strike+1","Iron Wave"],"picked":"Body Slam","floor":48}],"player_experience":96107,"relics_obtained":[{"floor":6,"key":"Matryoshka"},{"floor":9,"key":"Tiny Chest"},{"floor":9,"key":"Vajra"},{"floor":24,"key":"The Courier"},{"floor":26,"key":"Whetstone"},{"floor":26,"key":"Dream Catcher"},{"floor":36,"key":"Calipers"},{"floor":41,"key":"Blood Vial"},{"floor":43,"key":"Bag of Marbles"},{"floor":44,"key":"Ancient Tea Set"},{"floor":44,"key":"Boot"}],"event_choices":[{"cards_removed":["Strike_R"],"damage_healed":0,"gold_gain":0,"player_choice":"Card Removal","damage_taken":0,"max_hp_gain":0,"max_hp_loss":0,"event_name":"The Cleric","floor":3,"gold_loss":50},{"cards_removed":["Strike_R"],"damage_healed":0,"gold_gain":0,"player_choice":"Card Removal","damage_taken":7,"max_hp_gain":0,"max_hp_loss":0,"event_name":"Golden Wing","floor":5,"gold_loss":0},{"damage_healed":0,"gold_gain":0,"player_choice":"Entered Light","damage_taken":17,"max_hp_gain":0,"max_hp_loss":0,"event_name":"Shining Light","floor":11,"gold_loss":0,"cards_upgraded":["Strike_R","Inflame"]},{"damage_healed":0,"gold_gain":0,"player_choice":"Traded Relic","damage_taken":0,"relics_obtained":["Nloth\u0027s Gift"],"max_hp_gain":0,"max_hp_loss":0,"event_name":"N\u0027loth","floor":19,"relics_lost":["Tiny Chest"],"gold_loss":0},{"damage_healed":0,"gold_gain":0,"player_choice":"Inject Mutagens","damage_taken":0,"relics_obtained":["MutagenicStrength"],"max_hp_gain":0,"max_hp_loss":0,"event_name":"Drug Dealer","floor":21,"gold_loss":0},{"damage_healed":0,"gold_gain":0,"player_choice":"Fight","damage_taken":0,"max_hp_gain":0,"max_hp_loss":0,"event_name":"Mysterious Sphere","floor":36,"gold_loss":0},{"damage_healed":0,"gold_gain":0,"player_choice":"Paid","damage_taken":0,"relics_obtained":["Red Mask"],"max_hp_gain":0,"max_hp_loss":0,"event_name":"Tomb of Lord Red Mask","floor":37,"gold_loss":186}],"is_beta":false,"boss_relics":[{"not_picked":["Astrolabe","Eternal Feather"],"picked":"Velvet Choker"},{"not_picked":["Coffee Dripper","Fusion Hammer"],"picked":"Black Star"}],"items_purged_floors":[31],"is_endless":false,"potions_floor_spawned":[1,2,14,16,20,22,28,30,36,38,44,46],"ascension_level":0}