{"gold_per_floor":[114,127,73,86,100,100,126,50,74,74,88,119,135,135,135,261,261,280,242,265,290,304,338,338,338,389,412,447,497,497,516,516,644,682,698,698,718,416,437,470,470,803,853,853,901,929,530,530,530,530],"floor_reached":51,"playtime":3545,"items_purged":[],"score":1030,"play_id":"f6ebe61d-b90a-4509-9e5e-df6f4d833eb3","local_time":"20180713161415","daily_mods":["Draft","Heirloom","Vintage"],"is_ascension_mode":false,"campfire_choices":[{"data":"Perfected Strike","floor":6,"key":"SMITH"},{"data":"Perfected Strike","floor":10,"key":"SMITH"},{"data":"Shockwave","floor":15,"key":"SMITH"},{"data":"Limit Break","floor":25,"key":"SMITH"},{"data":"Inflame","floor":32,"key":"SMITH"},{"data":"Whirlwind","floor":41,"key":"SMITH"},{"data":"Feel No Pain","floor":44,"key":"SMITH"},{"data":"Spot Weakness","floor":49,"key":"SMITH"}],"neow_cost":"","seed_source_timestamp":0,"circlet_count":0,"master_deck":["Twin Strike+1","Shrug It Off","Evolve","Inflame+1","Perfected Strike+1","Headbutt","True Grit","Sword Boomerang","Twin Strike","Twin Strike","Flex","Feel No Pain+1","Twin Strike+1","Perfected Strike+1","Warcry","Wild Strike","Flex","Battle Trance+1","Shockwave+1","Limit Break+1","Whirlwind+1","Dual Wield+1","Jack Of All Trades+1","Wild Strike","Feel No Pain+1","Feed","Warcry","Spot Weakness+1","Dual Wield+1","Shrug It Off","Burning Pact","Finesse"],"special_seed":17725,"relics":["Burning Blood","Ginger","Vajra","Regal Pillow","Happy Flower","Red Skull","Dodecahedron","Pen Nib","Dream Catcher","Mummified Hand","Lantern","Whetstone","Eternal Feather","Centennial Puzzle","Thread and Needle","Mercury Hourglass","Art of War","Pantograph","Oddly Smooth Stone","Anchor","Peace Pipe","Matryoshka","Bronze Scales","Tiny House","Singing Bowl","Gambling Chip","Bag of Marbles","War Paint","Blood Vial","Blue Candle","Boot","Orichalcum","Ice Cream","Mango","Ancient Tea Set"],"potions_floor_usage":[16,16,21,45,45,50],"damage_taken":[{"damage":7,"enemies":"Small Slimes","floor":1,"turns":2},{"damage":1,"enemies":"Jaw Worm","floor":2,"turns":2},{"damage":0,"enemies":"2 Louse","floor":4,"turns":1},{"damage":12,"enemies":"Exordium Thugs","floor":5,"turns":3},{"damage":9,"enemies":"3 Sentries","floor":7,"turns":4},{"damage":4,"enemies":"Gremlin Gang","floor":11,"turns":3},{"damage":0,"enemies":"Gremlin Nob","floor":12,"turns":2},{"damage":4,"enemies":"Blue Slaver","floor":13,"turns":2},{"damage":18,"enemies":"Hexaghost","floor":16,"turns":3},{"damage":8,"enemies":"Shell Parasite","floor":18,"turns":2},{"damage":10,"enemies":"2 Thieves","floor":20,"turns":2},{"damage":10,"enemies":"Snake Plant","floor":21,"turns":2},{"damage":0,"enemies":"3 Cultists","floor":22,"turns":2},{"damage":16,"enemies":"Book of Stabbing","floor":23,"turns":2},{"damage":0,"enemies":"Snecko","floor":27,"turns":3},{"damage":0,"enemies":"Slavers","floor":28,"turns":2},{"damage":6,"enemies":"Snake Plant","floor":31,"turns":2},{"damage":0,"enemies":"Champ","floor":33,"turns":5},{"damage":0,"enemies":"Flame Bruiser 1 Orb","floor":35,"turns":3},{"damage":0,"enemies":"3 Shapes","floor":37,"turns":1},{"damage":0,"enemies":"Spire Growth","floor":39,"turns":2},{"damage":0,"enemies":"Giant Head","floor":40,"turns":4},{"damage":0,"floor":45,"turns":2},{"damage":0,"enemies":"Nemesis","floor":46,"turns":3},{"damage":15,"enemies":"Donu and Deca","floor":50,"turns":7}],"seed_played":"604701674940253732","potions_obtained":[{"floor":2,"key":"AttackPotion"},{"floor":5,"key":"AttackPotion"},{"floor":12,"key":"Weak Potion"},{"floor":21,"key":"Poison Potion"},{"floor":23,"key":"Energy Potion"},{"floor":28,"key":"Block Potion"},{"floor":45,"key":"SteroidPotion"}],"is_trial":true,"path_per_floor":["M","M","$","M","M","R","E","$","T","R","M","E","M","?","R","B",null,"M","$","M","M","M","E","?","R","T","M","E","?","?","M","R","B",null,"M","$","M","$","M","E","R","?","T","R","?","E","$","?","R","B"],"character_chosen":"IRONCLAD","items_purchased":["Wild Strike","Battle Trance","Whirlwind","Bag of Marbles","War Paint","Shrug It Off","Ancient Tea Set","Burning Pact","Finesse","Dexterity Potion"],"campfire_rested":0,"item_purchase_floors":[3,8,19,38,38,47,47,47,47,47],"current_hp_per_floor":[79,80,80,80,74,74,71,71,71,71,73,79,80,60,60,48,80,78,78,74,70,76,66,66,74,74,80,80,80,80,80,80,80,85,88,88,88,88,88,90,90,90,90,90,90,104,104,104,104,98],"gold":530,"neow_bonus":"","is_prod":false,"is_daily":false,"chose_seed":false,"campfire_upgraded":8,"win_rate":0,"timestamp":1531491255,"path_taken":["M","M","$","M","M","R","E","$","T","R","M","E","M","?","R","BOSS","M","$","M","M","M","E","?","R","T","?","E","?","?","M","R","BOSS","M","$","M","$","M","E","R","?","T","R","?","E","$","?","R","BOSS"],"build_version":"2018-07-12","purchased_purges":0,"victory":true,"max_hp_per_floor":[80,80,80,80,80,80,80,80,80,80,80,80,80,80,80,80,80,80,80,80,80,80,80,80,80,80,80,80,80,80,80,80,80,85,88,88,88,88,88,90,90,90,90,90,90,104,104,104,104,107],"card_choices":[{"not_picked":["Pummel","Rampage"],"picked":"Twin Strike","floor":0},{"not_picked":["Second Wind","Sword Boomerang"],"picked":"Shrug It Off","floor":0},{"not_picked":["Wild Strike","Clothesline"],"picked":"Evolve","floor":0},{"not_picked":["Body Slam","True Grit"],"picked":"Inflame","floor":0},{"not_picked":["Hemokinesis","Ghostly Armor"],"picked":"Perfected Strike","floor":0},{"not_picked":["Cleave","Hemokinesis"],"picked":"Headbutt","floor":0},{"not_picked":["Corruption","Flex"],"picked":"True Grit","floor":0},{"not_picked":["Heavy Blade","Flex"],"picked":"Sword Boomerang","floor":0},{"not_picked":["Clash","Hemokinesis"],"picked":"Twin Strike","floor":0},{"not_picked":["Rampage","Clash"],"picked":"Twin Strike","floor":0},{"not_picked":["Cleave","Pommel Strike"],"picked":"Flex","floor":0},{"not_picked":["Entrench","Warcry"],"picked":"Feel No Pain","floor":0},{"not_picked":["Shrug It Off","Wild Strike"],"picked":"Twin Strike","floor":0},{"not_picked":["Havoc","Shrug It Off"],"picked":"Perfected Strike","floor":0},{"not_picked":["Heavy Blade","Havoc"],"picked":"Warcry","floor":0},{"not_picked":["Reaper","Dropkick"],"picked":"Flex","floor":7},{"not_picked":["Clash","Searing Blow"],"picked":"Shockwave","floor":12},{"not_picked":["Impervious","Offering"],"picked":"Limit Break","floor":16},{"not_picked":["Carnage+1","Clothesline"],"picked":"Dual Wield+1","floor":23},{"not_picked":["Intimidate+1","Cleave"],"picked":"Feel No Pain","floor":28},{"not_picked":["Berserk","Fiend Fire"],"picked":"Feed","floor":33},{"not_picked":["Armaments","Headbutt+1"],"picked":"Warcry","floor":34},{"not_picked":["Thunderclap+1","Flex","Rupture"],"picked":"Singing Bowl","floor":40},{"not_picked":["Clothesline+1","True Grit+1"],"picked":"Spot Weakness","floor":45},{"not_picked":["Inflame","Clothesline"],"picked":"Dual Wield+1","floor":46}],"player_experience":1034472,"relics_obtained":[{"floor":1,"key":"Vajra"},{"floor":2,"key":"Regal Pillow"},{"floor":4,"key":"Happy Flower"},{"floor":5,"key":"Red Skull"},{"floor":7,"key":"Dodecahedron"},{"floor":9,"key":"Pen Nib"},{"floor":11,"key":"Dream Catcher"},{"floor":12,"key":"Mummified Hand"},{"floor":13,"key":"Lantern"},{"floor":16,"key":"Whetstone"},{"floor":18,"key":"Centennial Puzzle"},{"floor":20,"key":"Thread and Needle"},{"floor":21,"key":"Mercury Hourglass"},{"floor":22,"key":"Art of War"},{"floor":23,"key":"Pantograph"},{"floor":26,"key":"Oddly Smooth Stone"},{"floor":27,"key":"Anchor"},{"floor":28,"key":"Peace Pipe"},{"floor":31,"key":"Matryoshka"},{"floor":33,"key":"Bronze Scales"},{"floor":35,"key":"Singing Bowl"},{"floor":37,"key":"Gambling Chip"},{"floor":39,"key":"Blood Vial"},{"floor":40,"key":"Blue Candle"},{"floor":43,"key":"Boot"},{"floor":43,"key":"Orichalcum"},{"floor":45,"key":"Ice Cream"},{"floor":46,"key":"Mango"}],"event_choices":[{"event_name":"Golden Idol","player_choice":"Take Damage","floor":14,"damage_taken":0},{"event_name":"Match and Keep!","player_choice":"2 cards matched","floor":24,"damage_taken":0},{"event_name":"The Joust","player_choice":"Bet on Murderer","floor":29,"damage_taken":0},{"event_name":"Back to Basics","player_choice":"Simplicity","floor":30,"damage_taken":0},{"event_name":"The Moai Head","player_choice":"Gave Idol","floor":42,"damage_taken":0},{"event_name":"Mysterious Sphere","player_choice":"Fight","floor":45,"damage_taken":0},{"event_name":"SecretPortal","player_choice":"Rejected Portal.","floor":48,"damage_taken":0}],"boss_relics":[{"not_picked":["Empty Cage","Coffee Dripper"],"picked":"Eternal Feather"},{"not_picked":["Black Blood","Runic Cube"],"picked":"Tiny House"}],"items_purged_floors":[],"is_endless":false,"potions_floor_spawned":[2,5,12,21,23,28,35,40,45],"ascension_level":0}