{"path_per_floor":["M","?","?","?","M","E","R","M","T","E","$","E","R","M","R","B",null,"M","M","M","M","$","R","M","R","T","R","M","E","R","$","R"],"character_chosen":"IRONCLAD","items_purchased":["Offering","Bag of Preparation","Shrug It Off"],"gold_per_floor":[109,109,69,69,80,113,113,125,125,157,12,44,44,56,56,158,158,174,184,198,217,66,66,84,84,156,156,171,196,196,170,170],"floor_reached":33,"campfire_rested":2,"playtime":1312,"current_hp_per_floor":[80,80,80,80,80,53,53,52,52,26,26,16,40,45,45,24,66,58,39,41,23,23,23,14,38,38,38,36,39,39,39,39],"items_purged":[],"gold":170,"score":356,"play_id":"3cf5e833-4d53-43dd-84ab-ed566b0c1e9f","local_time":"20180311193621","is_prod":false,"is_daily":false,"is_ascension_mode":true,"campfire_upgraded":6,"timestamp":1520793381,"path_taken":["M","?","?","?","?","E","R","M","T","E","$","E","R","?","R","BOSS","M","?","M","M","?","R","M","R","T","R","M","E","R","$","R","BOSS"],"build_version":"2018-03-09","purchased_purges":0,"victory":false,"master_deck":["Strike_R","Strike_R","Strike_R","Strike_R","Defend_R","Defend_R","Defend_R","Defend_R","Bash+1","Searing Blow+6","Flame Barrier","Headbutt","Shrug It Off","Offering","Offering","Pommel Strike","Flex+1","Clothesline+1","Iron Wave+1","Thunderclap+1","Shrug It Off"],"max_hp_per_floor":[80,80,80,80,80,80,80,80,80,80,80,80,80,80,80,80,80,80,80,80,80,80,80,80,80,80,80,80,87,87,87,87],"relics":["Burning Blood","Paper Frog","Torii","Smiling Mask","Pantograph","Orrery","Bag of Preparation","Darkstone Periapt","Strawberry"],"card_choices":[{"not_picked":["Wild Strike","Shrug It Off"],"picked":"Searing Blow"},{"not_picked":["Anger","Twin Strike"],"picked":"Flame Barrier"},{"not_picked":["Wild Strike","Spot Weakness"],"picked":"Headbutt"},{"not_picked":["Dropkick","Twin Strike"],"picked":"Shrug It Off"},{"not_picked":["Juggernaut","Immolate"],"picked":"Offering"},{"not_picked":["Sentinel","Havoc"],"picked":"Pommel Strike"},{"not_picked":["Clothesline","Havoc"],"picked":"Flex"},{"not_picked":["Hemokinesis","Exhume"],"picked":"Clothesline"},{"not_picked":["Disarm","Rage"],"picked":"Iron Wave"},{"not_picked":["Searing Blow","Flex"],"picked":"Thunderclap"}],"player_experience":275126,"potions_floor_usage":[6,10,14,19,21],"damage_taken":[{"damage":0,"enemies":"2 Louse","floor":1,"turns":3},{"damage":6,"enemies":"Cultist","floor":5,"turns":3},{"damage":48,"enemies":"3 Sentries","floor":6,"turns":9},{"damage":7,"enemies":"Jaw Worm","floor":8,"turns":2},{"damage":32,"enemies":"Gremlin Nob","floor":10,"turns":4},{"damage":16,"enemies":"3 Sentries","floor":12,"turns":8},{"damage":1,"enemies":"Red Slaver","floor":14,"turns":5},{"damage":52,"enemies":"The Guardian","floor":16,"turns":13},{"damage":14,"enemies":"3 Byrds","floor":18,"turns":4},{"damage":25,"enemies":"2 Thieves","floor":19,"turns":3},{"damage":4,"enemies":"Snecko","floor":20,"turns":2},{"damage":24,"enemies":"Centurion and Healer","floor":21,"turns":5},{"damage":15,"enemies":"Chosen and Byrds","floor":24,"turns":7},{"damage":8,"enemies":"Cultist and Chosen","floor":28,"turns":3},{"damage":10,"enemies":"Book of Stabbing","floor":29,"turns":3},{"damage":67,"enemies":"Automaton","floor":33,"turns":6}],"event_choices":[{"event_name":"Wheel of Change","player_choice":"Card Removal","floor":2,"damage_taken":0},{"event_name":"The Woman in Blue","player_choice":"Bought 3 Potions","floor":3,"damage_taken":0},{"event_name":"The Cleric","player_choice":"Leave","floor":4,"damage_taken":0}],"boss_relics":[{"not_picked":["Eternal Feather","Philosopher\u0027s Stone"],"picked":"Orrery"}],"potions_floor_spawned":[5,10,14,18,28],"seed_played":"-7872825397286830965","killed_by":"Automaton","ascension_level":5,"is_trial":false}