{"gold_per_floor":[115,128,144,144,156,185,185,185,208,239,259,270,364,384,384,462,462,477,496,496,509,509,534,549,549,549,549,562,562,572,586,586,659,659,679,679,679,699,717,717,752,752,752,752,763,783,148,180,180,180],"floor_reached":51,"playtime":2067,"items_purged":[],"score":1682,"play_id":"2859bcf4-3dc1-40ec-8d86-366476fa6803","local_time":"20180716194723","is_ascension_mode":true,"campfire_choices":[{"data":"Whirlwind","floor":8,"key":"SMITH"},{"data":"Bash","floor":15,"key":"SMITH"},{"data":"Body Slam","floor":25,"key":"SMITH"},{"data":"Rampage","floor":27,"key":"SMITH"},{"floor":32,"key":"REST"},{"data":"Demon Form","floor":40,"key":"SMITH"},{"data":"Shrug It Off","floor":44,"key":"SMITH"},{"data":"Shrug It Off","floor":49,"key":"SMITH"}],"neow_cost":"NONE","seed_source_timestamp":502609733398123,"circlet_count":0,"master_deck":["Strike_R+1","Strike_R+1","Strike_R+1","Strike_R+1","Strike_R+1","Defend_R+1","Defend_R+1","Defend_R+1","Defend_R+1","Bash+1","AscendersBane","Rampage+1","Shrug It Off+1","Armaments+1","Iron Wave","Whirlwind+1","Shrug It Off+1","Shrug It Off","Reckless Charge","Headbutt","Offering","Body Slam+1","Shrug It Off+1","Body Slam+1","Demon Form+1","Reaper"],"relics":["Burning Blood","Orichalcum","Potion Belt","Red Skull","Ancient Tea Set","Tiny Chest","Busted Crown","Pear","Lantern","Self Forming Clay","Coffee Dripper","Ice Cream","Dodecahedron","Torii","GremlinMask","Bottled Flame","Du-Vu Doll","HandDrill","Girya"],"potions_floor_usage":[5,13,16,16,23,23,24,24,24,28,28,33,33,33,38,41,48,50,50],"damage_taken":[{"damage":6,"enemies":"Jaw Worm","floor":1,"turns":3},{"damage":4,"enemies":"Cultist","floor":2,"turns":4},{"damage":5,"enemies":"2 Louse","floor":3,"turns":3},{"damage":11,"enemies":"Exordium Thugs","floor":5,"turns":5},{"damage":11,"enemies":"3 Sentries","floor":6,"turns":13},{"damage":22,"enemies":"Gremlin Nob","floor":10,"turns":5},{"damage":8,"enemies":"Blue Slaver","floor":11,"turns":4},{"damage":17,"enemies":"Exordium Wildlife","floor":12,"turns":4},{"damage":0,"enemies":"3 Sentries","floor":13,"turns":3},{"damage":0,"enemies":"3 Louse","floor":14,"turns":1},{"damage":21,"enemies":"Hexaghost","floor":16,"turns":9},{"damage":4,"enemies":"Chosen","floor":18,"turns":4},{"damage":10,"enemies":"Spheric Guardian","floor":19,"turns":4},{"damage":10,"enemies":"Chosen and Byrds","floor":21,"turns":4},{"damage":8,"enemies":"Slavers","floor":23,"turns":6},{"damage":20,"enemies":"Slaver and Parasite","floor":24,"turns":7},{"damage":18,"enemies":"Snake Plant","floor":28,"turns":3},{"damage":10,"enemies":"Sentry and Sphere","floor":30,"turns":4},{"damage":2,"enemies":"Snecko","floor":31,"turns":3},{"damage":94,"enemies":"Collector","floor":33,"turns":14},{"damage":2,"enemies":"3 Shapes","floor":35,"turns":6},{"damage":22,"floor":36,"turns":7},{"damage":4,"enemies":"3 Darklings","floor":38,"turns":1},{"damage":41,"enemies":"Transient","floor":39,"turns":5},{"damage":0,"enemies":"2 Orb Walkers","floor":41,"turns":2},{"damage":0,"enemies":"Sphere and 2 Shapes","floor":45,"turns":1},{"damage":5,"enemies":"Maw","floor":46,"turns":5},{"damage":11,"enemies":"Nemesis","floor":48,"turns":5},{"damage":50,"enemies":"Donu and Deca","floor":50,"turns":5}],"seed_played":"-8831699947891252095","potions_obtained":[{"floor":1,"key":"SkillPotion"},{"floor":2,"key":"Poison Potion"},{"floor":10,"key":"Energy Potion"},{"floor":12,"key":"Energy Potion"},{"floor":13,"key":"EntropicBrew"},{"floor":16,"key":"EssenceOfSteel"},{"floor":19,"key":"BloodPotion"},{"floor":23,"key":"SkillPotion"},{"floor":24,"key":"Explosive Potion"},{"floor":30,"key":"Regen Potion"},{"floor":33,"key":"Energy Potion"},{"floor":35,"key":"Energy Potion"},{"floor":36,"key":"Poison Potion"},{"floor":45,"key":"BloodPotion"},{"floor":48,"key":"SpeedPotion"}],"is_trial":false,"path_per_floor":["M","M","M","?","M","E","?","R","T","E","M","M","?","M","R","B",null,"M","M","?","M","?","E","M","R","T","R","M","T","M","M","R","B",null,"M","?","T","M","M","R","E","?","T","R","M","M","$","E","R","B"],"character_chosen":"IRONCLAD","items_purchased":["Du-Vu Doll","HandDrill","Regen Potion","Block Potion"],"campfire_rested":1,"item_purchase_floors":[47,47,47,47],"current_hp_per_floor":[68,70,71,71,66,61,66,66,66,50,48,37,43,49,49,34,69,71,67,67,63,63,79,65,65,65,65,53,53,49,53,80,7,69,73,57,57,59,24,24,30,30,30,30,36,37,37,32,32,39],"gold":180,"neow_bonus":"RANDOM_COMMON_RELIC","is_prod":false,"is_daily":false,"chose_seed":false,"campfire_upgraded":7,"win_rate":0,"timestamp":1531763243,"path_taken":["M","M","M","?","?","E","?","R","T","E","M","?","?","M","R","BOSS","M","?","?","M","?","E","M","R","T","R","M","?","M","M","R","BOSS","M","?","?","M","M","R","E","?","T","R","M","M","$","E","R","BOSS"],"build_version":"2018-07-12","purchased_purges":0,"victory":true,"max_hp_per_floor":[75,75,75,75,75,75,80,80,80,80,80,80,80,80,80,80,80,80,80,80,80,80,90,90,90,90,90,90,90,90,90,90,90,90,90,90,90,90,90,90,90,90,90,90,90,90,90,90,90,90],"card_choices":[{"not_picked":["Burning Pact","Sword Boomerang"],"picked":"Rampage","floor":1},{"not_picked":["Twin Strike","Disarm"],"picked":"Shrug It Off","floor":2},{"not_picked":["Heavy Blade","Sword Boomerang"],"picked":"Armaments","floor":3},{"not_picked":["Anger","Clash"],"picked":"Iron Wave","floor":5},{"not_picked":["Twin Strike","Shrug It Off"],"picked":"Whirlwind","floor":6},{"not_picked":["Thunderclap","Body Slam"],"picked":"Shrug It Off","floor":10},{"not_picked":["Heavy Blade","Wild Strike"],"picked":"Shrug It Off","floor":11},{"not_picked":["Sentinel","Armaments","Juggernaut"],"picked":"SKIP","floor":12},{"not_picked":["Pommel Strike","Shrug It Off"],"picked":"Reckless Charge","floor":13},{"not_picked":["Sword Boomerang","Armaments"],"picked":"Headbutt","floor":14},{"not_picked":["Reaper","Limit Break"],"picked":"Offering","floor":16},{"not_picked":[],"picked":"Body Slam","floor":18},{"not_picked":["Sentinel"],"picked":"SKIP","floor":19},{"not_picked":["Headbutt"],"picked":"SKIP","floor":21},{"not_picked":["Pommel Strike"],"picked":"SKIP","floor":23},{"not_picked":["Clash"],"picked":"SKIP","floor":24},{"not_picked":[],"picked":"Shrug It Off+1","floor":28},{"not_picked":[],"picked":"Body Slam+1","floor":30},{"not_picked":["Pommel Strike"],"picked":"SKIP","floor":31},{"not_picked":[],"picked":"Demon Form","floor":33},{"not_picked":["Inflame"],"picked":"SKIP","floor":35},{"not_picked":["Flex"],"picked":"SKIP","floor":38},{"not_picked":["Pommel Strike+1"],"picked":"SKIP","floor":39},{"not_picked":["Clothesline"],"picked":"SKIP","floor":41},{"not_picked":["Warcry"],"picked":"SKIP","floor":45},{"not_picked":["Anger+1"],"picked":"SKIP","floor":46},{"not_picked":[],"picked":"Reaper","floor":48}],"player_experience":1063929,"relics_obtained":[{"floor":6,"key":"Potion Belt"},{"floor":9,"key":"Red Skull"},{"floor":10,"key":"Ancient Tea Set"},{"floor":13,"key":"Tiny Chest"},{"floor":23,"key":"Pear"},{"floor":26,"key":"Lantern"},{"floor":29,"key":"Self Forming Clay"},{"floor":36,"key":"Ice Cream"},{"floor":37,"key":"Dodecahedron"},{"floor":41,"key":"Torii"},{"floor":43,"key":"Bottled Flame"},{"floor":48,"key":"Girya"}],"event_choices":[{"event_name":"Accursed Blacksmith","player_choice":"Forge","floor":4,"damage_taken":0},{"event_name":"Big Fish","player_choice":"Donut","floor":7,"damage_taken":0},{"event_name":"Dead Adventurer","player_choice":"Searched \u00271\u0027 times","floor":13,"damage_taken":0},{"event_name":"Ghosts","player_choice":"Ignored","floor":20,"damage_taken":0},{"event_name":"Back to Basics","player_choice":"Simplicity","floor":22,"damage_taken":0},{"event_name":"MindBloom","player_choice":"Fight","floor":36,"damage_taken":0},{"event_name":"FaceTrader","player_choice":"Trade","floor":42,"damage_taken":0}],"boss_relics":[{"not_picked":["Black Blood","Empty Cage"],"picked":"Busted Crown"},{"not_picked":["Runic Cube","Snecko Eye"],"picked":"Coffee Dripper"}],"items_purged_floors":[],"is_endless":false,"potions_floor_spawned":[1,2,10,12,13,16,19,23,24,30,33,35,36,45,48],"ascension_level":15}