{"gold_per_floor":[117,292,217,228,239,239,269,285,285,285,285,285,318,21,21,145,145,166,166,179,198,198,238,263,263,263,307,321,106,106,124,124,250,250,269,231,231,231,250,288,313,313,313,313,333,347,347,347,347,347],"floor_reached":51,"playtime":1992,"items_purged":["Doubt"],"score":1075,"play_id":"40fe3f74-f20e-4978-8b36-5011c4a23994","local_time":"20180710112859","daily_mods":["Diverse","Heirloom","Vintage"],"is_ascension_mode":false,"campfire_choices":[{"data":"Bash","floor":6,"key":"SMITH"},{"data":"Cleave","floor":10,"key":"SMITH"},{"floor":12,"key":"REST"},{"data":"Spot Weakness","floor":15,"key":"SMITH"},{"data":"Dagger Spray","floor":25,"key":"SMITH"},{"floor":30,"key":"REST"},{"data":"Aggregate","floor":32,"key":"SMITH"},{"data":"Backstab","floor":42,"key":"SMITH"},{"floor":44,"key":"REST"},{"floor":49,"key":"REST"}],"neow_cost":"","seed_source_timestamp":0,"circlet_count":0,"master_deck":["Strike_R","Strike_R","Strike_R","Strike_R","Defend_R","Defend_R","Defend_R","Defend_R","Bash+1","Cleave+1","Dagger Spray+1","Spot Weakness+1","Backstab+1","Concentrate","Rampage","Wild Strike","Aggregate+1","Dropkick","Thunderclap","Decay","Clumsy","Parasite","Backstab","Underhanded Strike","Anger","Dagger Spray+1","Writhe","Heavy Blade+1"],"relics":["Burning Blood","Sundial","Mercury Hourglass","Ornamental Fan","Champion Belt","Blue Candle","Regal Pillow","Smiling Mask","Golden Idol","Unceasing Top","Bag of Marbles","Self Forming Clay","Runic Cube","Singing Bowl","Frozen Egg 2","Anchor","Dream Catcher","Prayer Wheel","Shuriken","Du-Vu Doll","Ice Cream","Blood Vial","Oddly Smooth Stone","Pear","Calling Bell","Ancient Tea Set","Gremlin Horn","Red Skull","Dodecahedron","Gambling Chip","Bottled Lightning","Pantograph","Mummified Hand","The Courier","Kunai","Boot"],"potions_floor_usage":[7,23,27,50],"damage_taken":[{"damage":14,"enemies":"Jaw Worm","floor":1,"turns":6},{"damage":0,"enemies":"Small Slimes","floor":4,"turns":2},{"damage":1,"enemies":"Cultist","floor":5,"turns":3},{"damage":30,"enemies":"Lagavulin","floor":7,"turns":6},{"damage":8,"enemies":"2 Fungi Beasts","floor":8,"turns":3},{"damage":19,"enemies":"3 Sentries","floor":13,"turns":4},{"damage":41,"enemies":"The Guardian","floor":16,"turns":9},{"damage":10,"enemies":"Shell Parasite","floor":18,"turns":4},{"damage":7,"enemies":"2 Thieves","floor":20,"turns":2},{"damage":1,"enemies":"Cultist and Chosen","floor":21,"turns":3},{"damage":16,"enemies":"Book of Stabbing","floor":23,"turns":4},{"damage":12,"enemies":"Sentry and Sphere","floor":24,"turns":4},{"damage":23,"enemies":"Gremlin Leader","floor":27,"turns":4},{"damage":5,"enemies":"Slaver and Parasite","floor":28,"turns":3},{"damage":2,"enemies":"Snecko","floor":31,"turns":3},{"damage":23,"enemies":"Collector","floor":33,"turns":5},{"damage":0,"enemies":"3 Darklings","floor":35,"turns":2},{"damage":7,"floor":37,"turns":5},{"damage":2,"enemies":"3 Shapes","floor":39,"turns":2},{"damage":2,"enemies":"2 Orb Walkers","floor":40,"turns":2},{"damage":1,"enemies":"3 Darklings","floor":41,"turns":1},{"damage":1,"enemies":"Sphere and 2 Shapes","floor":45,"turns":1},{"damage":11,"enemies":"Maw","floor":46,"turns":4},{"damage":23,"enemies":"Time Eater","floor":50,"turns":5}],"seed_played":"-8468785228267125924","potions_obtained":[{"floor":1,"key":"Explosive Potion"},{"floor":16,"key":"Fire Potion"},{"floor":20,"key":"Energy Potion"},{"floor":23,"key":"SkillPotion"},{"floor":28,"key":"Strength Potion"},{"floor":33,"key":"Fire Potion"}],"is_trial":true,"path_per_floor":["M","?","$","M","M","R","E","M","T","R","?","R","E","$","R","B",null,"M","?","M","M","?","E","M","R","T","E","M","$","R","M","R","B",null,"M","$","?","$","M","E","M","R","T","R","M","M","?","?","R","B"],"character_chosen":"IRONCLAD","items_purchased":["Bag of Marbles","Spot Weakness","Backstab","Blood Vial","Dropkick","Backstab"],"campfire_rested":4,"item_purchase_floors":[14,14,14,29,29,36],"current_hp_per_floor":[72,72,72,78,80,80,56,54,54,54,34,73,60,60,60,25,80,76,76,75,80,80,70,64,64,64,47,48,48,80,80,80,75,92,92,92,91,91,92,92,92,92,92,92,92,87,92,92,92,75],"gold":347,"neow_bonus":"","is_prod":false,"is_daily":false,"chose_seed":false,"campfire_upgraded":6,"win_rate":0,"timestamp":1531214939,"path_taken":["M","?","$","M","M","R","E","?","T","R","?","R","E","$","R","BOSS","M","?","?","M","?","E","M","R","T","E","?","$","R","M","R","BOSS","M","$","?","$","M","E","M","R","T","R","M","M","?","?","R","BOSS"],"build_version":"2018-07-05","purchased_purges":1,"victory":true,"max_hp_per_floor":[80,80,80,80,80,80,80,80,80,80,80,80,80,80,80,80,80,80,80,80,80,80,80,80,80,80,80,80,80,80,80,80,92,92,92,92,92,92,92,92,92,92,92,92,92,92,92,92,92,92],"card_choices":[{"not_picked":["Calculated Gamble","Rebound"],"picked":"Cleave","floor":7},{"not_picked":["Havoc","Gash"],"picked":"Dagger Spray","floor":13},{"not_picked":["Wraith Form v2","Creative AI"],"picked":"Machine Learning","floor":16},{"not_picked":["Redo+1","Loop+1"],"picked":"Wild Strike","floor":23},{"not_picked":["Ball Lightning","Gash+1"],"picked":"Aggregate","floor":27},{"not_picked":["Burning Pact","Leap"],"picked":"Thunderclap","floor":30},{"not_picked":["Impervious","Rainbow","Dark Embrace+1"],"picked":"Singing Bowl","floor":33},{"not_picked":["Genetic Algorithm","Reinforced Body"],"picked":"Underhanded Strike","floor":37},{"not_picked":["Crippling Poison+1","Machine Learning+1"],"picked":"Anger","floor":40},{"not_picked":["Combust+1","Iron Wave+1"],"picked":"Dagger Spray+1","floor":44},{"not_picked":["Backflip+1","Underhanded Strike"],"picked":"Heavy Blade+1","floor":49}],"player_experience":1007475,"relics_obtained":[{"floor":1,"key":"Mercury Hourglass"},{"floor":4,"key":"Ornamental Fan"},{"floor":5,"key":"Champion Belt"},{"floor":7,"key":"Blue Candle"},{"floor":8,"key":"Regal Pillow"},{"floor":9,"key":"Smiling Mask"},{"floor":13,"key":"Unceasing Top"},{"floor":16,"key":"Self Forming Clay"},{"floor":18,"key":"Singing Bowl"},{"floor":20,"key":"Frozen Egg 2"},{"floor":21,"key":"Anchor"},{"floor":23,"key":"Dream Catcher"},{"floor":24,"key":"Prayer Wheel"},{"floor":26,"key":"Shuriken"},{"floor":27,"key":"Du-Vu Doll"},{"floor":28,"key":"Ice Cream"},{"floor":31,"key":"Oddly Smooth Stone"},{"floor":33,"key":"Pear"},{"floor":34,"key":"Ancient Tea Set"},{"floor":34,"key":"Gremlin Horn"},{"floor":34,"key":"Red Skull"},{"floor":35,"key":"Dodecahedron"},{"floor":37,"key":"Gambling Chip"},{"floor":39,"key":"Bottled Lightning"},{"floor":40,"key":"Pantograph"},{"floor":41,"key":"Mummified Hand"},{"floor":43,"key":"The Courier"},{"floor":45,"key":"Kunai"},{"floor":46,"key":"Boot"}],"event_choices":[{"event_name":"Liars Game","player_choice":"agreed","floor":2,"damage_taken":0},{"event_name":"Golden Idol","player_choice":"Take Damage","floor":11,"damage_taken":0},{"event_name":"The Library","player_choice":"Read","floor":19,"damage_taken":0},{"event_name":"Transmorgrifier","player_choice":"Transform","floor":22,"damage_taken":0},{"event_name":"MindBloom","player_choice":"Fight","floor":37,"damage_taken":0},{"event_name":"Winding Halls","player_choice":"Writhe","floor":47,"damage_taken":0},{"event_name":"Falling","player_choice":"Removed Power","floor":48,"damage_taken":0}],"boss_relics":[{"not_picked":["Mark of Pain","Runic Pyramid"],"picked":"Runic Cube"},{"not_picked":["Black Star","Tiny House"],"picked":"Calling Bell"}],"items_purged_floors":[3],"is_endless":false,"potions_floor_spawned":[1,16,20,23,28,33,39,40,46],"ascension_level":0}