{"gold_per_floor":[115,134,152,3,14,14,25,25,49,82,82,95,129,149,149,247,247,258,20,40,40,40,40],"floor_reached":23,"playtime":1071,"items_purged":["Strike_R","Corruption"],"score":274,"play_id":"e9563225-d1f0-41f0-b2f6-9870e20d1793","local_time":"20190121214445","is_ascension_mode":true,"campfire_choices":[{"data":"Rampage","floor":6,"key":"SMITH"},{"floor":8,"key":"REST"},{"data":"Madness","floor":15,"key":"SMITH"}],"neow_cost":"NONE","seed_source_timestamp":332246135647135,"circlet_count":0,"master_deck":["Strike_R","Strike_R","Strike_R","Strike_R","Defend_R","Defend_R","Defend_R","Defend_R","Bash","Madness+1","Battle Trance","Rampage+1","Pommel Strike","Burning Pact","Clothesline","Limit Break","Flex","Offering","Decay"],"relics":["Burning Blood","Red Skull","Dream Catcher","Lantern","Cursed Key"],"potions_floor_usage":[13,16,23,23],"damage_taken":[{"damage":7,"enemies":"Small Slimes","floor":1,"turns":4},{"damage":1,"enemies":"Cultist","floor":2,"turns":3},{"damage":12,"enemies":"Jaw Worm","floor":3,"turns":4},{"damage":36,"enemies":"Gremlin Gang","floor":5,"turns":7},{"damage":12,"enemies":"Large Slime","floor":7,"turns":6},{"damage":27,"enemies":"Lagavulin","floor":10,"turns":7},{"damage":12,"enemies":"Looter","floor":12,"turns":3},{"damage":32,"enemies":"Gremlin Nob","floor":13,"turns":4},{"damage":7,"enemies":"Exordium Thugs","floor":14,"turns":4},{"damage":52,"enemies":"Slime Boss","floor":16,"turns":9},{"damage":23,"enemies":"2 Thieves","floor":18,"turns":4},{"damage":12,"enemies":"Spheric Guardian","floor":20,"turns":3},{"damage":43,"enemies":"Slavers","floor":23,"turns":3}],"seed_played":"-1472173662797110893","potions_obtained":[{"floor":2,"key":"Regen Potion"},{"floor":3,"key":"SteroidPotion"},{"floor":7,"key":"Fire Potion"},{"floor":13,"key":"SteroidPotion"},{"floor":20,"key":"Explosive Potion"}],"is_trial":false,"path_per_floor":["M","M","M","$","M","R","M","R","T","E","?","M","E","M","R","B",null,"M","$","M","?","?","E"],"character_chosen":"IRONCLAD","items_purchased":["Burning Pact","Offering"],"campfire_rested":1,"item_purchase_floors":[4,19],"current_hp_per_floor":[71,76,70,70,40,40,34,58,58,37,80,74,57,56,56,10,63,46,46,40,40,40,0],"gold":40,"neow_bonus":"RANDOM_COLORLESS","is_prod":false,"is_daily":false,"chose_seed":false,"campfire_upgraded":2,"win_rate":0,"timestamp":1548125085,"path_taken":["M","M","M","$","M","R","M","R","T","E","?","M","E","?","R","BOSS","M","$","M","?","?","E"],"build_version":"2019-01-17v2","purchased_purges":2,"victory":false,"max_hp_per_floor":[80,80,80,80,80,80,80,80,80,80,80,80,80,80,80,80,80,80,80,80,80,80,80],"card_choices":[{"not_picked":["Disarm","Warcry"],"picked":"Battle Trance","floor":1},{"not_picked":["Battle Trance","Cleave"],"picked":"Rampage","floor":2},{"not_picked":["Clothesline","Searing Blow"],"picked":"Pommel Strike","floor":3},{"not_picked":["Reckless Charge","Flex"],"picked":"Spot Weakness","floor":5},{"not_picked":["Anger","Hemokinesis","Flex"],"picked":"SKIP","floor":7},{"not_picked":["True Grit","Body Slam"],"picked":"Corruption","floor":10},{"not_picked":["Demon Form","Twin Strike","Pommel Strike"],"picked":"SKIP","floor":12},{"not_picked":["Dropkick","Thunderclap","Seeing Red"],"picked":"SKIP","floor":13},{"not_picked":["Anger","Sword Boomerang"],"picked":"Clothesline","floor":14},{"not_picked":["Demon Form","Barricade"],"picked":"Limit Break","floor":16},{"not_picked":["Pummel+1","Headbutt+1"],"picked":"Flex","floor":18},{"not_picked":["Wild Strike","Reckless Charge","Sever Soul+1"],"picked":"SKIP","floor":20}],"player_experience":381091,"relics_obtained":[{"floor":9,"key":"Red Skull"},{"floor":10,"key":"Dream Catcher"},{"floor":13,"key":"Lantern"}],"event_choices":[{"cards_removed":["Spot Weakness"],"damage_healed":43,"gold_gain":0,"player_choice":"Offered Uncommon","damage_taken":0,"max_hp_gain":0,"max_hp_loss":0,"event_name":"Bonfire Elementals","floor":11,"gold_loss":0},{"damage_healed":0,"gold_gain":0,"player_choice":"Ignored","damage_taken":0,"max_hp_gain":0,"max_hp_loss":0,"event_name":"Beggar","floor":21,"gold_loss":0},{"damage_healed":0,"gold_gain":0,"player_choice":"Cursed","damage_taken":0,"max_hp_gain":0,"max_hp_loss":0,"event_name":"Wheel of Change","floor":22,"gold_loss":0,"cards_obtained":["Decay"]}],"is_beta":false,"boss_relics":[{"not_picked":["Lizard Tail","Tiny House"],"picked":"Cursed Key"}],"items_purged_floors":[4,19],"is_endless":false,"potions_floor_spawned":[2,3,7,10,13,20],"killed_by":"Slavers","ascension_level":7}