{"gold_per_floor":[110,126,126,150,150,150,181,181,207,232,232,307,321,42,42,135,135,153,78,3,53,103,103,103],"floor_reached":24,"playtime":713,"items_purged":["Strike_R"],"score":434,"play_id":"e13d70de-e6f9-4d50-abe4-b2637630060a","local_time":"20181115125748","is_ascension_mode":true,"campfire_choices":[{"data":"Armaments","floor":6.0,"key":"SMITH"},{"floor":8.0,"key":"REST"},{"data":"Limit Break","floor":11,"key":"SMITH"},{"data":"Spot Weakness","floor":15,"key":"SMITH"},{"floor":23,"key":"REST"}],"neow_cost":"NONE","seed_source_timestamp":0,"circlet_count":0,"master_deck":["AscendersBane","Strike_R","Strike_R","Defend_R","Defend_R","Defend_R","Defend_R","Bash","Limit Break+1","Inflame","Armaments+1","Evolve","Reaper","Iron Wave","Spot Weakness+1","Limit Break","Sword Boomerang","Flame Barrier","Shrug It Off","Seeing Red","Whirlwind"],"special_seed":0,"relics":["Burning Blood","Golden Idol","Lantern","Omamori","Question Card","Orrery"],"potions_floor_usage":[10,16,24],"damage_taken":[{"damage":4.0,"enemies":"Small Slimes","floor":1.0,"turns":4.0},{"damage":1.0,"enemies":"2 Louse","floor":2.0,"turns":3.0},{"damage":14.0,"enemies":"Jaw Worm","floor":4.0,"turns":4.0},{"damage":19.0,"enemies":"Lagavulin","floor":7.0,"turns":7.0},{"damage":23,"enemies":"3 Louse","floor":10,"turns":4},{"damage":18,"enemies":"2 Fungi Beasts","floor":13,"turns":5},{"damage":54,"enemies":"The Guardian","floor":16,"turns":12},{"damage":51,"enemies":"Shell Parasite","floor":18,"turns":8},{"damage":57,"enemies":"Book of Stabbing","floor":24,"turns":4}],"seed_played":"-4094573504896770659","potions_obtained":[{"floor":1.0,"key":"Dexterity Potion"},{"floor":7.0,"key":"SkillPotion"},{"floor":13,"key":"Strength Potion"}],"is_trial":false,"path_per_floor":["M","M","?","M","?","R","E","R","T","M","R","?","M","$","R","B",null,"M","$","?","?","?","R","E"],"character_chosen":"IRONCLAD","items_purchased":["Question Card"],"campfire_rested":2,"item_purchase_floors":[14],"current_hp_per_floor":[70,75,49,41,41,41,28,50,50,60,60,49,47,47,47,20,61,32,32,32,32,32,54,0],"gold":103,"neow_bonus":"TRANSFORM_CARD","is_prod":false,"is_daily":false,"chose_seed":false,"campfire_upgraded":3,"win_rate":0,"timestamp":1542283068,"path_taken":["M","M","?","M","?","R","E","R","T","M","R","?","?","$","R","BOSS","M","$","?","?","?","R","E"],"build_version":"2018-11-08","purchased_purges":1,"victory":false,"max_hp_per_floor":[75,75,75,75,75,75,75,75,75,75,75,75,75,75,75,75,75,75,75,75,75,75,75,75],"card_choices":[{"not_picked":["True Grit","Sentinel"],"picked":"Inflame","floor":1.0},{"not_picked":["Iron Wave","Cleave"],"picked":"Armaments","floor":2.0},{"not_picked":["Entrench","Thunderclap"],"picked":"Evolve","floor":4.0},{"not_picked":["Cleave","Armaments"],"picked":"Reaper","floor":7.0},{"not_picked":["Warcry","Dual Wield"],"picked":"Iron Wave","floor":10},{"not_picked":["Perfected Strike","True Grit"],"picked":"Spot Weakness","floor":13},{"not_picked":["Demon Form","Brutality","Barricade"],"picked":"Limit Break","floor":16},{"not_picked":["Twin Strike","Rampage","Bludgeon"],"picked":"Sword Boomerang","floor":17},{"not_picked":["Sever Soul","Havoc","Armaments"],"picked":"Flame Barrier","floor":17},{"not_picked":["Havoc","Evolve","Burning Pact"],"picked":"Shrug It Off","floor":17},{"not_picked":["Metallicize","Power Through","Combust"],"picked":"Seeing Red","floor":17},{"not_picked":["Sword Boomerang","True Grit","Immolate"],"picked":"Whirlwind","floor":18}],"player_experience":1705346,"relics_obtained":[{"floor":7.0,"key":"Lantern"},{"floor":9.0,"key":"Omamori"}],"event_choices":[{"damage_healed":0.0,"max_hp_gain":0.0,"max_hp_loss":0.0,"gold_gain":0.0,"event_name":"Golden Idol","player_choice":"Take Damage","floor":3.0,"gold_loss":0.0,"damage_taken":26.0,"relics_obtained":["Golden Idol"]},{"damage_healed":0.0,"max_hp_gain":0.0,"max_hp_loss":0.0,"gold_gain":0.0,"event_name":"Golden Wing","player_choice":"Ignored","floor":5.0,"gold_loss":0.0,"damage_taken":0.0},{"damage_healed":0,"gold_gain":75,"player_choice":"Gather Gold","damage_taken":11,"max_hp_gain":0,"max_hp_loss":0,"event_name":"World of Goop","floor":12,"gold_loss":0},{"cards_removed":["Strike_R"],"damage_healed":0,"gold_gain":0,"player_choice":"Gave Gold","damage_taken":0,"max_hp_gain":0,"max_hp_loss":0,"event_name":"Beggar","floor":20,"gold_loss":75},{"damage_healed":0,"gold_gain":50,"player_choice":"Stole From Cult","damage_taken":0,"max_hp_gain":0,"max_hp_loss":0,"event_name":"Nest","floor":21,"gold_loss":0},{"damage_healed":0,"gold_gain":50,"player_choice":"Pray","damage_taken":0,"max_hp_gain":0,"max_hp_loss":0,"event_name":"Golden Shrine","floor":22,"gold_loss":0}],"is_beta":false,"boss_relics":[{"not_picked":["Runic Cube","Empty Cage"],"picked":"Orrery"}],"items_purged_floors":[19],"is_endless":false,"potions_floor_spawned":[1,7,13],"killed_by":"Book of Stabbing","ascension_level":20}