{"gold_per_floor":[111,125,48,198,158,158,189,200,200,219,11,11,11],"floor_reached":13,"playtime":384,"items_purged":[],"score":145,"play_id":"d0ea4ef1-e027-426a-8077-0fcbf7a7067d","local_time":"20180707020111","is_ascension_mode":true,"campfire_choices":[{"data":"Body Slam","floor":6,"key":"SMITH"},{"floor":12,"key":"DIG"}],"neow_cost":"NONE","seed_source_timestamp":910051350270261,"circlet_count":0,"master_deck":["Strike_R","Strike_R","Strike_R","Strike_R","Strike_R","Defend_R","Defend_R","Defend_R","Defend_R","Bash","AscendersBane","Body Slam+1","Headbutt","Uppercut","Doubt","Limit Break","Body Slam+1"],"relics":["Burning Blood","Shovel","Unceasing Top","DollysMirror","Turnip"],"potions_floor_usage":[1,7,13,13],"damage_taken":[{"damage":0,"enemies":"2 Louse","floor":1,"turns":1},{"damage":9,"enemies":"Jaw Worm","floor":2,"turns":4},{"damage":22,"enemies":"3 Sentries","floor":7,"turns":9},{"damage":6,"enemies":"Cultist","floor":8,"turns":4},{"damage":14,"enemies":"Lots of Slimes","floor":10,"turns":5},{"damage":56,"enemies":"Lagavulin","floor":13,"turns":6}],"seed_played":"3305910026494219105","potions_obtained":[{"floor":1,"key":"Weak Potion"},{"floor":10,"key":"Strength Potion"}],"is_trial":false,"path_per_floor":["M","M","$","?","?","R","E","M","T","M","$","R"],"character_chosen":"IRONCLAD","items_purchased":["Uppercut","DollysMirror"],"campfire_rested":0,"item_purchase_floors":[3,11],"current_hp_per_floor":[74,71,71,71,71,71,55,55,55,47,47,47,0],"gold":11,"neow_bonus":"THREE_SMALL_POTIONS","is_prod":false,"is_daily":false,"chose_seed":false,"campfire_upgraded":1,"win_rate":0,"timestamp":1530921671,"path_taken":["M","M","$","?","?","R","E","M","T","M","$","R","E"],"build_version":"2018-07-05","purchased_purges":0,"victory":false,"max_hp_per_floor":[75,75,75,75,75,75,75,75,75,75,75,75,75],"card_choices":[{"not_picked":["Anger","Clash"],"picked":"Body Slam","floor":1},{"not_picked":["Infernal Blade","Body Slam"],"picked":"Headbutt","floor":2},{"not_picked":["Clothesline","Pommel Strike"],"picked":"Limit Break","floor":7},{"not_picked":["Sword Boomerang","Searing Blow","Thunderclap"],"picked":"SKIP","floor":8},{"not_picked":["Dual Wield","Thunderclap","Clash"],"picked":"SKIP","floor":10}],"player_experience":989336,"relics_obtained":[{"floor":7,"key":"Shovel"},{"floor":9,"key":"Unceasing Top"},{"floor":12,"key":"Turnip"}],"event_choices":[{"event_name":"Liars Game","player_choice":"agreed","floor":4,"damage_taken":0},{"event_name":"World of Goop","player_choice":"Left","floor":5,"damage_taken":0}],"boss_relics":[],"items_purged_floors":[],"is_endless":false,"potions_floor_spawned":[1,10],"killed_by":"Lagavulin","ascension_level":15}