{"path_per_floor":["M","?","M","?","$","E","?","R","T","R","M","R","M","$","R","B",null,"M","M","$","?","$","R","E","R","T","R","M","?","$","M","R"],"character_chosen":"IRONCLAD","items_purchased":["Limit Break","Lee\u0027s Waffle","Flex"],"gold_per_floor":[119,119,130,130,130,157,157,157,207,207,220,220,234,74,74,172,172,190,210,210,210,0,0,27,27,53,53,64,164,113,133,133],"floor_reached":33,"campfire_rested":0,"playtime":1093,"current_hp_per_floor":[78,70,76,60,60,66,41,41,41,41,47,47,53,53,53,23,66,68,17,17,17,87,87,55,61,61,67,69,69,69,75,81],"items_purged":[],"gold":133,"score":404,"play_id":"2d662cb4-2523-4853-ab21-5914d0f11ef1","local_time":"20180315215633","is_prod":false,"is_daily":false,"is_ascension_mode":true,"campfire_upgraded":8,"timestamp":1521147393,"path_taken":["M","?","M","?","$","E","?","R","T","R","M","R","?","$","R","BOSS","M","M","$","?","$","R","E","R","T","R","M","?","?","M","R","BOSS"],"build_version":"2018-03-09","purchased_purges":0,"victory":false,"master_deck":["Strike_R+1","Strike_R+1","Strike_R+1","Strike_R+1","Strike_R+1","Defend_R+1","Defend_R+1","Defend_R+1","Defend_R+1","Bash","Searing Blow+9","Burning Pact","Limit Break","Offering","Shrug It Off+1","Flex"],"max_hp_per_floor":[80,80,80,80,80,80,80,80,80,80,80,80,80,80,80,80,80,80,80,80,80,87,87,87,87,87,87,87,87,87,87,87],"relics":["Burning Blood","NeowsBlessing","Toolbox","Lantern","Oddly Smooth Stone","Eternal Feather","Lee\u0027s Waffle","Ancient Tea Set","Happy Flower"],"card_choices":[{"not_picked":["Iron Wave","Shockwave"],"picked":"Searing Blow"},{"not_picked":["Reckless Charge","Brutality"],"picked":"Burning Pact"},{"not_picked":["Juggernaut","Reaper"],"picked":"Offering"},{"not_picked":["Wild Strike","Clothesline"],"picked":"Shrug It Off"}],"player_experience":303579,"potions_floor_usage":[16,16,16,19],"damage_taken":[{"damage":0,"enemies":"2 Louse","floor":1,"turns":1},{"damage":0,"enemies":"Cultist","floor":3,"turns":1},{"damage":0,"enemies":"Lagavulin","floor":6,"turns":1},{"damage":0,"enemies":"Small Slimes","floor":11,"turns":1},{"damage":0,"enemies":"2 Fungi Beasts","floor":13,"turns":3},{"damage":36,"enemies":"Hexaghost","floor":16,"turns":6},{"damage":4,"enemies":"Spheric Guardian","floor":18,"turns":3},{"damage":57,"enemies":"3 Byrds","floor":19,"turns":12},{"damage":38,"enemies":"Book of Stabbing","floor":24,"turns":5},{"damage":4,"enemies":"Slaver and Parasite","floor":28,"turns":2},{"damage":0,"enemies":"Chosen and Byrds","floor":31,"turns":5},{"damage":108,"enemies":"Champ","floor":33,"turns":6}],"event_choices":[{"event_name":"Wheel of Change","player_choice":"Damage","floor":2,"damage_taken":0},{"event_name":"Shining Light","player_choice":"Entered Light","floor":4,"damage_taken":0},{"event_name":"Scrap Ooze","player_choice":"success","floor":7,"damage_taken":25},{"event_name":"Back to Basics","player_choice":"Simplicity","floor":21,"damage_taken":0},{"event_name":"Golden Shrine","player_choice":"Pray","floor":29,"damage_taken":0}],"boss_relics":[{"not_picked":["Philosopher\u0027s Stone","White Beast Statue"],"picked":"Eternal Feather"}],"potions_floor_spawned":[3,6,13,16,24,28,31],"seed_played":"-2328230136345848027","killed_by":"Champ","ascension_level":6,"is_trial":false}