{"gold_per_floor":[209,225,30,30,30,30,47,73,148,148,51,51,51,64,64,140,140,156,172,172,172],"floor_reached":21,"playtime":628,"items_purged":[],"score":354,"play_id":"3109bc27-7dd9-458d-9f55-14d7593f3e99","local_time":"20181122160737","is_ascension_mode":true,"campfire_choices":[{"data":"Bash","floor":6.0,"key":"SMITH"},{"floor":10.0,"key":"REST"},{"data":"Disarm","floor":13.0,"key":"SMITH"},{"data":"Clothesline","floor":15.0,"key":"SMITH"}],"neow_cost":"NONE","seed_source_timestamp":0,"circlet_count":0,"master_deck":["AscendersBane","Strike_R","Strike_R","Strike_R+1","Defend_R","Defend_R+1","Defend_R","Bash+1","Anger","Clothesline+1","Shrug It Off","Whirlwind","Disarm+1","Limit Break","Combust","Shrug It Off","Immolate","Flex","Battle Trance"],"special_seed":0,"relics":["Burning Blood","Ancient Tea Set","Sundial","Empty Cage"],"potions_floor_usage":[16,19,21],"damage_taken":[{"damage":17.0,"enemies":"Small Slimes","floor":1.0,"turns":6.0},{"damage":4.0,"enemies":"2 Louse","floor":2.0,"turns":3.0},{"damage":0.0,"enemies":"Cultist","floor":7.0,"turns":3.0},{"damage":30.0,"enemies":"Lagavulin","floor":8.0,"turns":8.0},{"damage":12.0,"enemies":"Large Slime","floor":14.0,"turns":5.0},{"damage":20,"enemies":"Hexaghost","floor":16,"turns":8},{"damage":29,"enemies":"Shell Parasite","floor":18,"turns":6},{"damage":15,"enemies":"2 Thieves","floor":19,"turns":3},{"damage":39,"enemies":"Cultist and Chosen","floor":21,"turns":5}],"seed_played":"-6343518641076339659","potions_obtained":[{"floor":2.0,"key":"Explosive Potion"},{"floor":8.0,"key":"PowerPotion"},{"floor":18,"key":"PowerPotion"}],"is_trial":false,"path_per_floor":["M","M","$","?","?","R","M","E","T","R","$","?","R","M","R","B",null,"M","M","$","M"],"character_chosen":"IRONCLAD","items_purchased":["Shrug It Off","Whirlwind","Poison Potion","Combust","Shrug It Off"],"campfire_rested":1,"item_purchase_floors":[3,3,3,11,11],"current_hp_per_floor":[57,59,59,36,41,41,47,23,23,47,47,47,47,41,41,27,67,44,35,35,0],"gold":172,"neow_bonus":"HUNDRED_GOLD","is_prod":false,"is_daily":false,"chose_seed":false,"campfire_upgraded":3,"win_rate":0,"timestamp":1542899257,"path_taken":["M","M","$","?","?","R","M","E","T","R","$","?","R","M","R","BOSS","M","M","$","M"],"build_version":"2018-11-15","purchased_purges":0,"victory":false,"max_hp_per_floor":[75,75,75,75,80,80,80,80,80,80,80,80,80,80,80,80,80,80,80,80,80],"card_choices":[{"not_picked":["Iron Wave","Sentinel"],"picked":"Anger","floor":1.0},{"not_picked":["Wild Strike","Power Through"],"picked":"Clothesline","floor":2.0},{"not_picked":["Cleave","True Grit"],"picked":"Disarm","floor":7.0},{"not_picked":["Iron Wave","Heavy Blade"],"picked":"Limit Break","floor":8.0},{"not_picked":["Pommel Strike","Rage","Clash"],"picked":"SKIP","floor":14.0},{"not_picked":["Reaper","Offering"],"picked":"Immolate","floor":16},{"not_picked":["Seeing Red","Clash"],"picked":"Flex","floor":18},{"not_picked":["Sentinel","Burning Pact"],"picked":"Battle Trance","floor":19}],"player_experience":1737614,"relics_obtained":[{"floor":8.0,"key":"Ancient Tea Set"},{"floor":9.0,"key":"Sundial"}],"event_choices":[{"damage_healed":0.0,"max_hp_gain":0.0,"max_hp_loss":0.0,"gold_gain":0.0,"event_name":"Shining Light","player_choice":"Entered Light","floor":4.0,"gold_loss":0.0,"damage_taken":23.0,"cards_upgraded":["Defend_R","Strike_R"]},{"damage_healed":0.0,"max_hp_gain":5.0,"max_hp_loss":0.0,"gold_gain":0.0,"event_name":"Big Fish","player_choice":"Donut","floor":5.0,"gold_loss":0.0,"damage_taken":0.0},{"cards_removed":["Strike_R"],"damage_healed":0.0,"max_hp_gain":0.0,"max_hp_loss":0.0,"gold_gain":0.0,"event_name":"Purifier","player_choice":"Purged","floor":12.0,"gold_loss":0.0,"damage_taken":0.0}],"is_beta":false,"boss_relics":[{"not_picked":["Runic Pyramid","Fusion Hammer"],"picked":"Empty Cage"}],"items_purged_floors":[],"is_endless":false,"potions_floor_spawned":[2,7,8,14,18],"killed_by":"Cultist and Chosen","ascension_level":20}