{"gold_per_floor":[113,126,126,139,89,124,139,139,139,163,163,176,200,200],"floor_reached":14,"playtime":866,"items_purged":[],"score":122,"play_id":"fb70539d-6ac9-4d5f-84ca-3aa481dd179e","local_time":"20190208145709","is_ascension_mode":true,"campfire_choices":[],"neow_cost":"NONE","seed_source_timestamp":923467927953500,"circlet_count":0,"master_deck":["Strike_R","Strike_R+1","Strike_R","Strike_R","Defend_R","Defend_R","Defend_R","Defend_R+1","Bash","Headbutt","Inflame","Clothesline","Hemokinesis","Fiend Fire","Heavy Blade","Dual Wield"],"relics":["Fusion Hammer","Blue Candle","Golden Idol","Mango","Lantern"],"potions_floor_usage":[14],"damage_taken":[{"damage":1,"enemies":"Jaw Worm","floor":1,"turns":3},{"damage":0,"enemies":"Small Slimes","floor":2,"turns":2},{"damage":0,"enemies":"2 Louse","floor":4,"turns":2},{"damage":12,"enemies":"Gremlin Nob","floor":6,"turns":4},{"damage":2,"enemies":"Looter","floor":7,"turns":3},{"damage":19,"enemies":"Large Slime","floor":10,"turns":2},{"damage":1,"enemies":"3 Louse","floor":12,"turns":4},{"damage":31,"enemies":"3 Sentries","floor":14,"turns":6}],"seed_played":"8299228968631986866","potions_obtained":[{"floor":4,"key":"Dexterity Potion"},{"floor":6,"key":"Fire Potion"}],"is_trial":false,"path_per_floor":["M","M","?","M","?","E","M","?","T","M","?","M","T","E"],"character_chosen":"IRONCLAD","items_purchased":[],"campfire_rested":0,"item_purchase_floors":[],"current_hp_per_floor":[79,79,84,84,84,72,70,49,63,44,24,23,23,0],"gold":200,"neow_bonus":"BOSS_RELIC","is_prod":false,"is_daily":false,"chose_seed":false,"campfire_upgraded":0,"win_rate":0,"timestamp":1549634229,"path_taken":["M","M","?","M","?","E","M","?","T","M","?","M","?","E"],"build_version":"2019-01-23","purchased_purges":0,"victory":false,"max_hp_per_floor":[80,80,85,85,85,85,85,85,99,99,99,99,99,99],"card_choices":[{"not_picked":["Clash","Entrench"],"picked":"Headbutt","floor":1},{"not_picked":["Headbutt","Twin Strike"],"picked":"Inflame","floor":2},{"not_picked":["Evolve","Cleave"],"picked":"Clothesline","floor":4},{"not_picked":["Seeing Red","Sword Boomerang"],"picked":"Hemokinesis","floor":6},{"not_picked":["Feel No Pain","Armaments"],"picked":"Fiend Fire","floor":7},{"not_picked":["Clash","Sword Boomerang"],"picked":"Heavy Blade","floor":10},{"not_picked":["Flex","Wild Strike"],"picked":"Dual Wield","floor":12}],"player_experience":85795,"relics_obtained":[{"floor":6,"key":"Blue Candle"},{"floor":9,"key":"Mango"},{"floor":13,"key":"Lantern"}],"event_choices":[{"damage_healed":0,"gold_gain":0,"player_choice":"Donut","damage_taken":0,"max_hp_gain":5,"max_hp_loss":0,"event_name":"Big Fish","floor":3,"gold_loss":0},{"cards_removed":["Strike_R"],"damage_healed":0,"gold_gain":0,"player_choice":"Card Removal","damage_taken":0,"max_hp_gain":0,"max_hp_loss":0,"event_name":"The Cleric","floor":5,"gold_loss":50},{"damage_healed":0,"gold_gain":0,"player_choice":"Take Damage","damage_taken":21,"relics_obtained":["Golden Idol"],"max_hp_gain":0,"max_hp_loss":0,"event_name":"Golden Idol","floor":8,"gold_loss":0},{"damage_healed":0,"gold_gain":0,"player_choice":"Entered Light","damage_taken":20,"max_hp_gain":0,"max_hp_loss":0,"event_name":"Shining Light","floor":11,"gold_loss":0,"cards_upgraded":["Defend_R","Strike_R"]}],"is_beta":false,"boss_relics":[],"items_purged_floors":[],"is_endless":false,"potions_floor_spawned":[4,6],"killed_by":"3 Sentries","ascension_level":1}