{"gold_per_floor":[110,35,49,64,76,76,88,88,113,113,188,66,119,119,119,119],"floor_reached":16,"playtime":2320,"items_purged":["Strike_G","Strike_G"],"score":90,"play_id":"8c3dd071-7524-4b0e-9790-eee13f7f039d","local_time":"20190212011607","is_ascension_mode":false,"campfire_choices":[{"floor":6,"key":"REST"},{"data":"Acrobatics","floor":8,"key":"SMITH"},{"data":"Neutralize","floor":10,"key":"SMITH"},{"floor":15,"key":"REST"}],"neow_cost":"NONE","seed_source_timestamp":36959726493900,"circlet_count":0,"master_deck":["Defend_G","Defend_G","Defend_G","Defend_G","Defend_G","Strike_G","Survivor","Neutralize+1","Infinite Blades","Blur","Prepared","Acrobatics+1","Dash","Blur","Prepared"],"relics":["Ring of the Snake","Juzu Bracelet"],"potions_floor_usage":[2,16],"damage_taken":[{"damage":0,"enemies":"2 Louse","floor":1,"turns":5},{"damage":0,"enemies":"Small Slimes","floor":3,"turns":6},{"damage":0,"enemies":"Cultist","floor":4,"turns":6},{"damage":27,"enemies":"Large Slime","floor":5,"turns":23},{"damage":0,"enemies":"Looter","floor":7,"turns":4},{"damage":79,"enemies":"Slime Boss","floor":16,"turns":22}],"seed_played":"6480322709096565014","potions_obtained":[{"floor":1,"key":"Fruit Juice"},{"floor":4,"key":"Swift Potion"}],"is_trial":false,"path_per_floor":["M","$","M","M","M","R","M","R","T","R","?","$","?","?","R","B"],"character_chosen":"THE_SILENT","items_purchased":["Prepared"],"campfire_rested":2,"item_purchase_floors":[12],"current_hp_per_floor":[70,75,75,75,48,70,70,70,70,70,59,59,59,59,75,0],"gold":119,"neow_bonus":"TRANSFORM_CARD","is_prod":false,"is_daily":false,"chose_seed":false,"campfire_upgraded":2,"win_rate":0,"timestamp":1549952167,"path_taken":["M","$","M","M","M","R","M","R","T","R","?","$","?","?","R","BOSS"],"build_version":"2019-01-23","purchased_purges":2,"victory":false,"max_hp_per_floor":[70,75,75,75,75,75,75,75,75,75,75,75,75,75,75,75],"card_choices":[{"not_picked":["Catalyst","Prepared"],"picked":"Blur","floor":1},{"not_picked":["Endless Agony","Distraction"],"picked":"Prepared","floor":3},{"not_picked":["Flying Knee","Dagger Spray"],"picked":"Acrobatics","floor":4},{"not_picked":["Masterful Stab","Underhanded Strike"],"picked":"Dash","floor":5},{"not_picked":["Acrobatics","Blade Dance"],"picked":"Blur","floor":7}],"player_experience":43090,"relics_obtained":[{"floor":9,"key":"Juzu Bracelet"}],"event_choices":[{"damage_healed":0,"gold_gain":75,"player_choice":"Gather Gold","damage_taken":11,"max_hp_gain":0,"max_hp_loss":0,"event_name":"World of Goop","floor":11,"gold_loss":0},{"damage_healed":0,"gold_gain":53,"player_choice":"Gained Gold","damage_taken":0,"max_hp_gain":0,"max_hp_loss":0,"event_name":"Golden Wing","floor":13,"gold_loss":0},{"cards_removed":["Strike_G"],"damage_healed":0,"gold_gain":0,"player_choice":"Offered Basic","damage_taken":0,"max_hp_gain":0,"max_hp_loss":0,"event_name":"Bonfire Elementals","floor":14,"gold_loss":0}],"is_beta":false,"boss_relics":[],"items_purged_floors":[2,12],"is_endless":false,"potions_floor_spawned":[1,4],"killed_by":"Slime Boss","ascension_level":0}