{"path_per_floor":["M","M","?","M","$","R","E","R","T","E","R"],"character_chosen":"IRONCLAD","items_purchased":["Feel No Pain"],"gold_per_floor":[117,132,132,148,79,79,104,104,131,166,166,166],"floor_reached":12,"campfire_rested":1,"playtime":300,"item_purchase_floors":[5],"current_hp_per_floor":[69,64,64,60,60,60,20,42,42,24,24,0],"items_purged":[],"gold":166,"score":151,"play_id":"52189164-f844-4b25-88a2-590d9b0e8e72","local_time":"20180530114344","is_prod":false,"is_daily":false,"chose_seed":false,"is_ascension_mode":true,"campfire_upgraded":2,"win_rate":0,"timestamp":1527673424,"campfire_choices":[{"data":"Searing Blow","floor":6,"key":"SMITH"},{"floor":8,"key":"REST"},{"data":"Searing Blow+1","floor":11,"key":"SMITH"}],"path_taken":["M","M","?","M","$","R","E","R","T","E","R","M"],"build_version":"2018-05-29","seed_source_timestamp":1854269138103880,"purchased_purges":0,"victory":false,"master_deck":["Strike_R","Strike_R","Strike_R","Strike_R","Defend_R","Defend_R","Defend_R","Defend_R","Bash+1","AscendersBane","Searing Blow+2","True Grit","Feel No Pain","Whirlwind","Double Tap"],"max_hp_per_floor":[75,75,75,75,75,75,75,75,75,75,75,75],"relics":["Burning Blood","Bag of Preparation","Dream Catcher","Pen Nib"],"card_choices":[{"not_picked":["Body Slam","Sword Boomerang","Burning Pact"],"picked":"SKIP","floor":1},{"not_picked":["Clash","Warcry"],"picked":"Searing Blow","floor":2},{"not_picked":["Clash","Barricade"],"picked":"True Grit","floor":4},{"not_picked":["Thunderclap","Perfected Strike"],"picked":"Whirlwind","floor":7},{"not_picked":["Reaper","Wild Strike"],"picked":"Double Tap","floor":10}],"player_experience":802884,"potions_floor_usage":[7,10],"damage_taken":[{"damage":5,"enemies":"Small Slimes","floor":1,"turns":5},{"damage":11,"enemies":"Cultist","floor":2,"turns":4},{"damage":10,"enemies":"2 Louse","floor":4,"turns":3},{"damage":46,"enemies":"Lagavulin","floor":7,"turns":6},{"damage":24,"enemies":"Gremlin Nob","floor":10,"turns":4},{"damage":27,"enemies":"Lots of Slimes","floor":12,"turns":4}],"relics_obtained":[{"floor":7,"key":"Bag of Preparation"},{"floor":9,"key":"Dream Catcher"},{"floor":10,"key":"Pen Nib"}],"event_choices":[{"event_name":"Purifier","player_choice":"One Purge","floor":3,"damage_taken":0}],"boss_relics":[],"items_purged_floors":[],"potions_floor_spawned":[2,4],"seed_played":"-1008988003983384298","killed_by":"Lots of Slimes","ascension_level":15,"potions_obtained":[{"floor":2,"key":"Fire Potion"},{"floor":4,"key":"AttackPotion"}],"is_trial":false}