{"gold_per_floor":[114,125,200,212,212,238,101,276,346,358,358,2,14,40,40,144,144,156,66,56,69,88,88],"floor_reached":23,"playtime":1641,"items_purged":[],"score":223,"play_id":"413e654e-d2aa-4420-9fff-e12239b18a70","local_time":"20190203180224","is_ascension_mode":true,"campfire_choices":[{"data":"Body Slam","floor":11,"key":"SMITH"},{"data":"Bandage Up","floor":15,"key":"SMITH"}],"neow_cost":"NONE","seed_source_timestamp":12759448410060,"circlet_count":0,"master_deck":["Strike_R","Strike_R","Strike_R","Strike_R","Strike_R","Defend_R+1","Defend_R+1","Defend_R","Defend_R+1","Bash","Iron Wave","Rage","Body Slam+1","Demon Form","Dramatic Entrance","Shrug It Off","Rampage","Bandage Up+1","Reckless Charge","Clash","Metallicize","Berserk","Heavy Blade","Anger","Flex","Anger"],"relics":["Burning Blood","War Paint","Thread and Needle","Darkstone Periapt","Toy Ornithopter","PreservedInsect","Cursed Key"],"potions_floor_usage":[6,14,16,21],"damage_taken":[{"damage":13,"enemies":"Jaw Worm","floor":1,"turns":5},{"damage":4,"enemies":"2 Louse","floor":2,"turns":4},{"damage":0,"enemies":"Cultist","floor":4,"turns":4},{"damage":19,"enemies":"Gremlin Nob","floor":6,"turns":5},{"damage":0,"enemies":"Blue Slaver","floor":10,"turns":5},{"damage":8,"enemies":"Exordium Thugs","floor":13,"turns":4},{"damage":13,"enemies":"3 Sentries","floor":14,"turns":12},{"damage":31,"enemies":"Hexaghost","floor":16,"turns":8},{"damage":25,"enemies":"Chosen","floor":18,"turns":7},{"damage":25,"enemies":"2 Thieves","floor":20,"turns":4},{"damage":3,"enemies":"Centurion and Healer","floor":21,"turns":8},{"damage":33,"enemies":"Cultist and Chosen","floor":22,"turns":7},{"damage":61,"enemies":"Gremlin Leader","floor":23,"turns":5}],"seed_played":"7209338356814965150","potions_obtained":[{"floor":2,"key":"Strength Potion"},{"floor":10,"key":"SneckoOil"},{"floor":14,"key":"SkillPotion"},{"floor":20,"key":"PowerPotion"},{"floor":22,"key":"Strength Potion"}],"is_trial":false,"path_per_floor":["M","M","?","M","?","E","$","?","T","M","R","$","M","E","R","B",null,"M","?","M","M","M","E"],"character_chosen":"IRONCLAD","items_purchased":["Dramatic Entrance","Shrug It Off","Bandage Up","Reckless Charge","Toy Ornithopter"],"campfire_rested":0,"item_purchase_floors":[7,7,12,12,12],"current_hp_per_floor":[81,83,72,78,66,53,53,53,53,59,59,59,61,63,63,49,88,74,74,61,75,54,0],"gold":88,"neow_bonus":"TEN_PERCENT_HP_BONUS","is_prod":false,"is_daily":false,"chose_seed":false,"campfire_upgraded":2,"win_rate":0,"timestamp":1549213344,"path_taken":["M","M","?","M","?","E","$","?","T","M","R","?","?","E","R","BOSS","M","?","M","?","M","E"],"build_version":"2019-01-23","purchased_purges":0,"victory":false,"max_hp_per_floor":[88,88,88,88,88,88,88,88,88,88,88,88,88,88,88,88,88,88,88,88,88,88,88],"card_choices":[{"not_picked":["Thunderclap","Uppercut"],"picked":"Iron Wave","floor":1},{"not_picked":["Havoc","Dropkick"],"picked":"Rage","floor":2},{"not_picked":["Perfected Strike","Combust"],"picked":"Body Slam","floor":4},{"not_picked":["Clothesline","Blood for Blood"],"picked":"Demon Form","floor":6},{"not_picked":["Havoc","Warcry"],"picked":"Rampage","floor":10},{"not_picked":["Shrug It Off","Spot Weakness"],"picked":"Clash","floor":13},{"not_picked":["Sentinel","Rupture"],"picked":"Metallicize","floor":14},{"not_picked":["Demon Form","Impervious"],"picked":"Berserk","floor":16},{"not_picked":["Seeing Red","Power Through"],"picked":"Heavy Blade","floor":18},{"not_picked":["Carnage","Sword Boomerang+1"],"picked":"Anger","floor":20},{"not_picked":["Perfected Strike+1","Thunderclap"],"picked":"Flex","floor":21},{"not_picked":["Headbutt","Sword Boomerang"],"picked":"Anger","floor":22}],"player_experience":38996,"relics_obtained":[{"floor":6,"key":"Thread and Needle"},{"floor":9,"key":"Darkstone Periapt"},{"floor":14,"key":"PreservedInsect"}],"event_choices":[{"damage_healed":0,"gold_gain":75,"player_choice":"Gather Gold","damage_taken":11,"max_hp_gain":0,"max_hp_loss":0,"event_name":"World of Goop","floor":3,"gold_loss":0},{"damage_healed":0,"gold_gain":0,"player_choice":"Success","damage_taken":12,"relics_obtained":["War Paint"],"max_hp_gain":0,"max_hp_loss":0,"event_name":"Scrap Ooze","floor":5,"gold_loss":0},{"damage_healed":0,"gold_gain":175,"player_choice":"AGREE","damage_taken":0,"max_hp_gain":0,"max_hp_loss":0,"event_name":"Liars Game","floor":8,"gold_loss":0,"cards_obtained":["Doubt"]},{"cards_removed":["Doubt"],"damage_healed":0,"gold_gain":0,"player_choice":"Upgrade and Remove","damage_taken":0,"max_hp_gain":0,"max_hp_loss":0,"event_name":"Designer","floor":19,"gold_loss":90,"cards_upgraded":["Defend_R"]}],"is_beta":false,"boss_relics":[{"not_picked":["Orrery","Runic Dome"],"picked":"Cursed Key"}],"items_purged_floors":[],"is_endless":false,"potions_floor_spawned":[2,10,14,20,22],"killed_by":"Gremlin Leader","ascension_level":2}