{"gold_per_floor":[115,126,126,4,16,47,64,64,64,74,74,101,48,65,65,164,164,174,174,19,35,46,46,146,146,146,159,179,199,199,199],"floor_reached":31,"playtime":1441,"items_purged":[],"score":239,"play_id":"54b831ee-a468-4672-85ef-6f489b754d98","local_time":"20190214000638","is_ascension_mode":false,"campfire_choices":[{"data":"Consume","floor":11.0,"key":"SMITH"},{"data":"Scrape","floor":15.0,"key":"SMITH"},{"floor":23,"key":"REST"},{"floor":25,"key":"REST"}],"neow_cost":"NONE","seed_source_timestamp":111880285517271,"circlet_count":0,"master_deck":["Strike_B","Strike_B","Strike_B","Strike_B","Defend_B","Defend_B","Defend_B","Defend_B","Zap","Dualcast","Redo","Auto Shields","Static Discharge+1","Barrage","Consume+1","Melter","Scrape+1","Gash","Gash","Echo Form+1","Reinforced Body","Leap","Electrodynamics+1","Glacier","Streamline","All For One","Aggregate","Consume","White Noise+1"],"special_seed":0,"relics":["Cracked Core","Frozen Egg 2","Letter Opener","Kunai","Bronze Scales","Inserter","Oddly Smooth Stone","Prayer Wheel","Darkstone Periapt","Bottled Flame"],"potions_floor_usage":[16,22,24,24,24,31],"damage_taken":[{"damage":4.0,"enemies":"Cultist","floor":1.0,"turns":4.0},{"damage":6.0,"enemies":"Jaw Worm","floor":2.0,"turns":4.0},{"damage":0.0,"enemies":"2 Louse","floor":5.0,"turns":3.0},{"damage":15.0,"enemies":"Lagavulin","floor":6.0,"turns":8.0},{"damage":11.0,"enemies":"2 Fungi Beasts","floor":7.0,"turns":3.0},{"damage":0.0,"enemies":"Looter","floor":10.0,"turns":3.0},{"damage":5.0,"enemies":"Exordium Thugs","floor":14.0,"turns":4.0},{"damage":26,"enemies":"The Guardian","floor":16,"turns":9},{"damage":5,"enemies":"Chosen","floor":18,"turns":4},{"damage":16,"enemies":"Spheric Guardian","floor":21,"turns":4},{"damage":21,"enemies":"Snake Plant","floor":22,"turns":4},{"damage":14,"enemies":"Colosseum Slavers","floor":24,"turns":4},{"damage":18,"enemies":"Colosseum Nobs","floor":24,"turns":4},{"damage":6,"enemies":"Shelled Parasite and Fungi","floor":27,"turns":8},{"damage":12,"enemies":"Sentry and Sphere","floor":28,"turns":5},{"damage":19,"enemies":"3 Cultists","floor":29,"turns":3},{"damage":8,"enemies":"Chosen and Byrds","floor":31,"turns":5}],"seed_played":"-2567483108575536039","potions_obtained":[{"floor":1.0,"key":"Poison Potion"},{"floor":14.0,"key":"Dexterity Potion"},{"floor":16,"key":"PowerPotion"},{"floor":21,"key":"EntropicBrew"},{"floor":22,"key":"Block Potion"}],"is_trial":false,"path_per_floor":["M","M","?","$","M","E","M","$","T","M","R","T","$","M","R","B",null,"M","?","$","M","M","R","?","R","T","M","M","M","?","M"],"character_chosen":"DEFECT","items_purchased":["Static Discharge+1","Barrage","Gash","Oddly Smooth Stone"],"campfire_rested":2,"item_purchase_floors":[4,4,13,20],"current_hp_per_floor":[78,72,72,72,72,57,46,46,46,46,46,46,46,41,41,15,82,77,61,61,45,24,50,18,44,44,38,26,7,7,0],"gold":199,"neow_bonus":"TEN_PERCENT_HP_BONUS","is_prod":false,"is_daily":false,"chose_seed":false,"campfire_upgraded":2,"win_rate":0.0,"timestamp":1550120798,"path_taken":["M","M","?","$","?","E","M","?","T","M","R","?","$","M","R","BOSS","M","?","$","M","M","R","?","R","T","M","M","M","?","M"],"build_version":"2019-01-23","purchased_purges":0,"victory":false,"max_hp_per_floor":[82,82,82,82,82,82,82,82,82,82,82,82,82,82,82,82,82,82,87,87,87,87,87,87,87,87,87,87,87,87,87],"card_choices":[{"not_picked":["Storm","Coolheaded"],"picked":"Redo","floor":1.0},{"not_picked":["Leap","Ball Lightning"],"picked":"Auto Shields","floor":2.0},{"not_picked":["Compile Driver","Reprogram","White Noise"],"picked":"SKIP","floor":5.0},{"not_picked":["Streamline","Chaos"],"picked":"Consume","floor":6.0},{"not_picked":["Beam Cell","Turbo"],"picked":"Melter","floor":7.0},{"not_picked":["BootSequence","Steam"],"picked":"Scrape","floor":10.0},{"not_picked":["Hologram","Leap"],"picked":"Gash","floor":14.0},{"not_picked":["Buffer+1","Meteor Strike"],"picked":"Echo Form+1","floor":16},{"not_picked":["Recycle","Streamline"],"picked":"Reinforced Body","floor":18},{"not_picked":["Sweeping Beam+1","Ball Lightning"],"picked":"Leap","floor":21},{"not_picked":["Steam+1","Hello World+1"],"picked":"Electrodynamics+1","floor":22},{"not_picked":["Go for the Eyes+1","Sunder"],"picked":"Glacier","floor":24},{"not_picked":["Coolheaded","Rebound"],"picked":"Streamline","floor":27},{"not_picked":["Compile Driver","Hologram+1"],"picked":"All For One","floor":27},{"not_picked":["Blizzard+1","Barrage"],"picked":"Aggregate","floor":28},{"not_picked":["Fusion","Sweeping Beam","Skim+1"],"picked":"SKIP","floor":28},{"not_picked":["Leap","Steam Power"],"picked":"Consume","floor":29},{"not_picked":["Aggregate+1","Rebound"],"picked":"White Noise+1","floor":29}],"player_experience":427090,"relics_obtained":[{"floor":6.0,"key":"Letter Opener"},{"floor":9.0,"key":"Kunai"},{"floor":12.0,"key":"Bronze Scales"},{"floor":24,"key":"Prayer Wheel"},{"floor":24,"key":"Darkstone Periapt"},{"floor":26,"key":"Bottled Flame"}],"event_choices":[{"damage_healed":0.0,"max_hp_gain":0.0,"max_hp_loss":0.0,"gold_gain":0.0,"event_name":"WeMeetAgain","player_choice":"Gave Potion","floor":3.0,"gold_loss":0.0,"damage_taken":0.0,"relics_obtained":["Frozen Egg 2"]},{"damage_healed":0,"gold_gain":0,"player_choice":"Shed Blood","damage_taken":21,"max_hp_gain":5,"max_hp_loss":0,"event_name":"Forgotten Altar","floor":19,"gold_loss":0},{"damage_healed":0,"gold_gain":0,"player_choice":"Fight","damage_taken":0,"max_hp_gain":0,"max_hp_loss":0,"event_name":"Colosseum","floor":24,"gold_loss":0},{"damage_healed":0,"gold_gain":0,"player_choice":"Fought Nobs","damage_taken":0,"max_hp_gain":0,"max_hp_loss":0,"event_name":"Colosseum","floor":24,"gold_loss":0},{"damage_healed":0,"gold_gain":0,"player_choice":"Ignored","damage_taken":0,"max_hp_gain":0,"max_hp_loss":0,"event_name":"Cursed Tome","floor":30,"gold_loss":0}],"is_beta":false,"boss_relics":[{"not_picked":["Runic Dome","FrozenCore"],"picked":"Inserter"}],"items_purged_floors":[],"is_endless":false,"potions_floor_spawned":[1,14,16,21,22,24],"killed_by":"Chosen and Byrds","ascension_level":0}