{"gold_per_floor":[118,131,381,392,408,408,423,452,478,504,429,429,458,338,338,338],"floor_reached":16,"playtime":611,"items_purged":["Strike_R"],"score":210,"play_id":"aead966c-3413-49de-801e-d5558db73e82","local_time":"20180730104948","is_ascension_mode":true,"campfire_choices":[{"data":"Armaments","floor":6.0,"key":"SMITH"},{"floor":12.0,"key":"REST"},{"floor":15.0,"key":"REST"}],"neow_cost":"NONE","seed_source_timestamp":0,"circlet_count":0,"master_deck":["Strike_R","Strike_R","Strike_R","Strike_R","Defend_R","Defend_R","Defend_R","Defend_R","Bash","AscendersBane","True Grit","Flame Barrier","Armaments+1","Body Slam","Clothesline","Shockwave","Ghostly Armor","True Grit"],"special_seed":0,"relics":["Burning Blood","Anchor","Bottled Lightning","Potion Belt","Happy Flower","Regal Pillow"],"potions_floor_usage":[16],"damage_taken":[{"damage":0.0,"enemies":"2 Louse","floor":1.0,"turns":3.0},{"damage":6.0,"enemies":"Cultist","floor":2.0,"turns":3.0},{"damage":4.0,"enemies":"Jaw Worm","floor":4.0,"turns":4.0},{"damage":18.0,"enemies":"Lots of Slimes","floor":5.0,"turns":7.0},{"damage":3.0,"enemies":"2 Fungi Beasts","floor":7.0,"turns":4.0},{"damage":31.0,"enemies":"Gremlin Nob","floor":8.0,"turns":5.0},{"damage":46.0,"enemies":"3 Sentries","floor":10.0,"turns":12.0},{"damage":21.0,"enemies":"Gremlin Nob","floor":13.0,"turns":5.0},{"damage":49,"enemies":"The Guardian","floor":16,"turns":14}],"seed_played":"-7149628556965358104","potions_obtained":[{"floor":4.0,"key":"Regen Potion"},{"floor":7.0,"key":"Fire Potion"},{"floor":13.0,"key":"Block Potion"}],"is_trial":false,"path_per_floor":["M","M","?","M","M","R","M","E","T","E","?","R","E","$","R"],"character_chosen":"IRONCLAD","items_purchased":["True Grit"],"campfire_rested":2,"item_purchase_floors":[14],"current_hp_per_floor":[74,74,74,75,63,63,75,50,50,10,10,32,17,17,54,5],"gold":338,"neow_bonus":"RANDOM_COMMON_RELIC","is_prod":false,"is_daily":false,"chose_seed":false,"campfire_upgraded":1,"win_rate":0,"timestamp":1532940588,"path_taken":["M","M","?","M","?","R","M","E","T","E","?","R","E","$","R","BOSS"],"build_version":"2018-07-26","purchased_purges":1,"victory":false,"max_hp_per_floor":[75,75,75,75,75,75,75,75,75,75,75,75,75,75,75,75],"card_choices":[{"not_picked":["Pommel Strike","Anger"],"picked":"True Grit","floor":1.0},{"not_picked":["Clash","Warcry"],"picked":"Flame Barrier","floor":2.0},{"not_picked":["Thunderclap","Heavy Blade"],"picked":"Armaments","floor":4.0},{"not_picked":["Havoc","Rampage"],"picked":"Body Slam","floor":5.0},{"not_picked":["Combust","Shockwave"],"picked":"Clothesline","floor":7.0},{"not_picked":["Body Slam","Dark Embrace","Anger"],"picked":"SKIP","floor":8.0},{"not_picked":["Wild Strike","Warcry"],"picked":"Shockwave","floor":10.0},{"not_picked":["Clash","Body Slam"],"picked":"Ghostly Armor","floor":13.0}],"player_experience":1183186,"relics_obtained":[{"floor":8.0,"key":"Bottled Lightning"},{"floor":9.0,"key":"Potion Belt"},{"floor":10.0,"key":"Happy Flower"},{"floor":13.0,"key":"Regal Pillow"}],"event_choices":[{"event_name":"Golden Shrine","player_choice":"Desecrate","floor":3.0,"damage_taken":0.0},{"event_name":"The Cleric","player_choice":"Card Removal","floor":11.0,"damage_taken":0.0}],"is_beta":false,"boss_relics":[],"items_purged_floors":[14],"is_endless":false,"potions_floor_spawned":[4,7,13],"killed_by":"The Guardian","ascension_level":15}