{"gold_per_floor":[112,37,37,61,61,61,101,114,114,114,130,165,188,228,240,378,453,490,523,460,452,478,490],"floor_reached":23,"playtime":1273,"items_purged":["Strike_G"],"score":354,"play_id":"748b34e7-a3d4-4363-a102-d308f19dfc15","local_time":"20190206185141","is_ascension_mode":true,"campfire_choices":[{"data":"Neutralize","floor":6.0,"key":"SMITH"},{"data":"Distraction","floor":10.0,"key":"SMITH"},{"floor":15.0,"key":"REST"}],"neow_cost":"NONE","seed_source_timestamp":190178965546100,"circlet_count":0,"master_deck":["AscendersBane","Defend_G","Defend_G","Defend_G","Defend_G","Strike_G","Strike_G","Strike_G","Strike_G","Survivor","Neutralize+1","All Out Attack","Dash","Distraction+1","Infinite Blades+1","Cloak And Dagger","Glass Knife","Accuracy","Blur","Venomology","Dodge and Roll","Quick Slash+1","Deflect+1","Distraction+1"],"special_seed":0,"relics":["Ring of the Snake","NeowsBlessing","Golden Idol","Dodecahedron","Bottled Lightning","Ornamental Fan","MawBank","Tiny House"],"potions_floor_usage":[18,19,19,22],"damage_taken":[{"damage":0.0,"enemies":"2 Louse","floor":1.0,"turns":1.0},{"damage":0.0,"enemies":"Jaw Worm","floor":4.0,"turns":1.0},{"damage":0.0,"enemies":"Gremlin Nob","floor":7.0,"turns":1.0},{"damage":0.0,"enemies":"Cultist","floor":8.0,"turns":3.0},{"damage":0.0,"enemies":"Looter","floor":11.0,"turns":3.0},{"damage":20.0,"enemies":"Lagavulin","floor":12.0,"turns":8.0},{"damage":0.0,"enemies":"Blue Slaver","floor":13.0,"turns":3.0},{"damage":9.0,"enemies":"Gremlin Nob","floor":14.0,"turns":4.0},{"damage":11.0,"enemies":"Slime Boss","floor":16.0,"turns":12.0},{"damage":4,"enemies":"Chosen","floor":18,"turns":6},{"damage":16,"enemies":"2 Thieves","floor":19,"turns":3},{"damage":23,"enemies":"Centurion and Healer","floor":22,"turns":7},{"damage":19,"enemies":"Slavers","floor":23,"turns":2}],"seed_played":"6728670808339403707","potions_obtained":[{"floor":1.0,"key":"FearPotion"},{"floor":4.0,"key":"EssenceOfSteel"},{"floor":8.0,"key":"GamblersBrew"},{"floor":13.0,"key":"PowerPotion"},{"floor":16.0,"key":"AttackPotion"},{"floor":17.0,"key":"Ancient Potion"},{"floor":21,"key":"PowerPotion"}],"is_trial":false,"path_per_floor":["?","?","?"],"character_chosen":"THE_SILENT","items_purchased":[],"campfire_rested":1,"item_purchase_floors":[],"current_hp_per_floor":[63,63,46,46,46,46,46,46,46,46,46,26,26,17,38,27,64,60,44,44,44,21,2],"gold":490,"neow_bonus":"THREE_ENEMY_KILL","is_prod":false,"is_daily":false,"chose_seed":false,"campfire_upgraded":2,"win_rate":0,"timestamp":1549446701,"path_taken":["M","$","?","M","$","R","E","M","T","R","M","E","M","E","R","BOSS","M","M","?","?","M","E"],"build_version":"2019-01-23","purchased_purges":1,"victory":false,"max_hp_per_floor":[70,70,70,70,70,70,70,70,70,70,70,70,70,70,70,70,75,75,75,75,75,75,75],"card_choices":[{"not_picked":["Crippling Poison","Sucker Punch"],"picked":"All Out Attack","floor":1.0},{"not_picked":["Outmaneuver","Deflect"],"picked":"Dash","floor":4.0},{"not_picked":["Setup","Crippling Poison"],"picked":"Distraction","floor":7.0},{"not_picked":["Cloak And Dagger","Outmaneuver"],"picked":"Infinite Blades","floor":8.0},{"not_picked":["Sucker Punch","Underhanded Strike"],"picked":"Cloak And Dagger","floor":11.0},{"not_picked":["Prepared","Acrobatics"],"picked":"Glass Knife","floor":12.0},{"not_picked":["Backstab","Outmaneuver"],"picked":"Accuracy","floor":13.0},{"not_picked":["Deflect","Escape Plan"],"picked":"Blur","floor":14.0},{"not_picked":["Malaise","Night Terror"],"picked":"Venomology","floor":16.0},{"not_picked":["PiercingWail","Sucker Punch"],"picked":"Dodge and Roll","floor":17.0},{"not_picked":["Sucker Punch","Underhanded Strike"],"picked":"Quick Slash+1","floor":18},{"not_picked":["Noxious Fumes","Quick Slash"],"picked":"Deflect+1","floor":19},{"not_picked":["Masterful Stab","Reflex"],"picked":"Distraction+1","floor":22}],"player_experience":256317,"relics_obtained":[{"floor":7.0,"key":"Dodecahedron"},{"floor":9.0,"key":"Bottled Lightning"},{"floor":12.0,"key":"Ornamental Fan"},{"floor":14.0,"key":"MawBank"}],"event_choices":[{"damage_healed":0.0,"max_hp_gain":0.0,"max_hp_loss":0.0,"gold_gain":0.0,"event_name":"Golden Idol","player_choice":"Take Damage","floor":3.0,"gold_loss":0.0,"damage_taken":17.0,"relics_obtained":["Golden Idol"]},{"cards_removed":["Defend_G"],"damage_healed":0,"gold_gain":0,"player_choice":"Gave Gold","damage_taken":0,"max_hp_gain":0,"max_hp_loss":0,"event_name":"Beggar","floor":20,"gold_loss":75},{"damage_healed":0,"gold_gain":0,"player_choice":"Bought 1 Potion","damage_taken":0,"max_hp_gain":0,"max_hp_loss":0,"event_name":"The Woman in Blue","floor":21,"gold_loss":0}],"is_beta":false,"boss_relics":[{"not_picked":["HoveringKite","Orrery"],"picked":"Tiny House"}],"items_purged_floors":[2],"is_endless":false,"potions_floor_spawned":[1,4,8,13,16],"killed_by":"Slavers","ascension_level":10}