{"gold_per_floor":[118,128,141,141,141,141,155,330,330,360,417,449,449,35,35,35],"floor_reached":16,"playtime":1550,"items_purged":[],"score":119,"play_id":"2f6786d4-dc57-4a82-8b14-143863f8a5df","local_time":"20190130215833","is_ascension_mode":true,"campfire_choices":[{"data":"Fire Breathing","floor":6,"key":"SMITH"},{"floor":13,"key":"DIG"},{"floor":15,"key":"DIG"}],"neow_cost":"NONE","seed_source_timestamp":190885500658545,"circlet_count":0,"master_deck":["Strike_R","Strike_R","Strike_R","Strike_R","Strike_R","Defend_R","Defend_R+1","Defend_R","Defend_R","Bash","Anger","Wild Strike+1","Fire Breathing+1","Impervious","Iron Wave","Shrug It Off","Doubt","Armaments","Pummel","Demon Form"],"relics":["Burning Blood","Bottled Flame","Lantern","Prayer Wheel","Shovel","Paper Frog","Membership Card","Meat on the Bone","Anchor","Centennial Puzzle"],"potions_floor_usage":[11,12],"damage_taken":[{"damage":6,"enemies":"Jaw Worm","floor":1,"turns":6},{"damage":7,"enemies":"Small Slimes","floor":2,"turns":4},{"damage":0,"enemies":"Cultist","floor":3,"turns":2},{"damage":1,"enemies":"3 Louse","floor":7,"turns":4},{"damage":22,"enemies":"Gremlin Nob","floor":10,"turns":5},{"damage":33,"enemies":"Lagavulin Event","floor":11,"turns":8},{"damage":26,"enemies":"Lagavulin","floor":12,"turns":8},{"damage":19,"enemies":"The Guardian","floor":16,"turns":2}],"seed_played":"-2205934404204052321","potions_obtained":[{"floor":2,"key":"Fire Potion"},{"floor":11,"key":"SkillPotion"},{"floor":12,"key":"SpeedPotion"}],"is_trial":false,"path_per_floor":["M","M","M","?","?","R","M","?","T","E","?","E","R","$","R","B"],"character_chosen":"IRONCLAD","items_purchased":["Membership Card","Meat on the Bone","Anchor"],"campfire_rested":0,"item_purchase_floors":[14,14,14],"current_hp_per_floor":[88,87,88,70,70,70,75,75,75,59,32,12,12,12,12,0],"gold":35,"neow_bonus":"TEN_PERCENT_HP_BONUS","is_prod":false,"is_daily":false,"chose_seed":false,"campfire_upgraded":1,"win_rate":0,"timestamp":1548881913,"path_taken":["M","M","M","?","?","R","?","?","T","E","?","E","R","$","R","BOSS"],"build_version":"2019-01-23","purchased_purges":0,"victory":false,"max_hp_per_floor":[88,88,88,88,88,88,88,88,88,88,88,88,88,88,88,88],"card_choices":[{"not_picked":["Sword Boomerang","Perfected Strike"],"picked":"Anger","floor":1},{"not_picked":["Thunderclap","Havoc"],"picked":"Wild Strike","floor":2},{"not_picked":["Carnage","Clothesline"],"picked":"Fire Breathing","floor":3},{"not_picked":["Thunderclap","Sentinel"],"picked":"Shrug It Off","floor":7},{"not_picked":["Dark Embrace","Iron Wave"],"picked":"Armaments","floor":10},{"not_picked":["Perfected Strike","Sentinel"],"picked":"Pummel","floor":11},{"not_picked":["Iron Wave","Battle Trance"],"picked":"Demon Form","floor":12}],"player_experience":32710,"relics_obtained":[{"floor":9,"key":"Bottled Flame"},{"floor":10,"key":"Lantern"},{"floor":12,"key":"Shovel"},{"floor":13,"key":"Paper Frog"},{"floor":15,"key":"Centennial Puzzle"}],"event_choices":[{"damage_healed":0,"gold_gain":0,"player_choice":"Entered Light","damage_taken":18,"max_hp_gain":0,"max_hp_loss":0,"event_name":"Shining Light","floor":4,"gold_loss":0,"cards_upgraded":["Wild Strike","Defend_R"]},{"damage_healed":0,"gold_gain":0,"player_choice":"2 cards matched","damage_taken":0,"max_hp_gain":0,"max_hp_loss":0,"event_name":"Match and Keep!","floor":5,"gold_loss":0,"cards_obtained":["Impervious","Iron Wave"]},{"damage_healed":0,"gold_gain":175,"player_choice":"AGREE","damage_taken":0,"max_hp_gain":0,"max_hp_loss":0,"event_name":"Liars Game","floor":8,"gold_loss":0,"cards_obtained":["Doubt"]},{"damage_healed":0,"gold_gain":0,"player_choice":"Searched \u00272\u0027 times","damage_taken":0,"relics_obtained":["Prayer Wheel"],"max_hp_gain":0,"max_hp_loss":0,"event_name":"Dead Adventurer","floor":11,"gold_loss":0}],"is_beta":false,"boss_relics":[],"items_purged_floors":[],"is_endless":false,"potions_floor_spawned":[2,11,12],"killed_by":"The Guardian","ascension_level":2}