{"gold_per_floor":[111,127,146,221,174,174,203,213,213,226,251,251,251,251,251,354,354,367,466,466,483,188,221,233,261,286,286,201,138,150,150,150,245,245,263,125,145,155,208,241,258,292,292,292,292,23,23,40,40,40,40,40,10,36,36],"floor_reached":56,"playtime":4150,"items_purged":["Strike_R","Perfected Strike"],"score":1358,"play_id":"543b6cde-b40c-47f1-8348-9d382115734a","local_time":"20181224101801","is_ascension_mode":true,"campfire_choices":[{"data":"Bludgeon","floor":6.0,"key":"SMITH"},{"data":"True Grit","floor":13.0,"key":"SMITH"},{"data":"Bash","floor":15.0,"key":"SMITH"},{"data":"Feel No Pain","floor":27.0,"key":"SMITH"},{"data":"Combust","floor":32.0,"key":"SMITH"},{"floor":49.0,"key":"RECALL"},{"data":"Fiend Fire","floor":52.0,"key":"SMITH"}],"neow_cost":"TEN_PERCENT_HP_LOSS","seed_source_timestamp":0,"circlet_count":0,"master_deck":["Bash+1","Bludgeon+1","Seeing Red","Cleave","True Grit+1","Offering","Feel No Pain+1","Flame Barrier","Feel No Pain+1","Fiend Fire","Havoc","Battle Trance","Pummel","Discovery","Impervious","Combust+1","Shrug It Off+1","Fiend Fire+1","Warcry+1","Reaper","Armaments","Clothesline","Rupture","Headbutt","Flame Barrier","Evolve","True Grit+1","Havoc","Feel No Pain","Dual Wield+1","Corruption","Feel No Pain","Ghostly Armor","Armaments+1","Sentinel","Writhe","Shrug It Off","Rage","Spot Weakness+1"],"special_seed":0,"relics":["Burning Blood","Matryoshka","Lantern","Kunai","The Courier","Anchor","Coffee Dripper","Pear","Potion Belt","Mercury Hourglass","Bronze Scales","Pandora\u0027s Box","Thread and Needle","Bottled Lightning","Pen Nib","Self Forming Clay","War Paint"],"potions_floor_usage":[55,55,55,55,55],"damage_taken":[{"damage":6.0,"enemies":"Cultist","floor":1.0,"turns":3.0},{"damage":4.0,"enemies":"2 Louse","floor":2.0,"turns":3.0},{"damage":4.0,"enemies":"Small Slimes","floor":3.0,"turns":3.0},{"damage":14.0,"enemies":"Gremlin Nob","floor":7.0,"turns":3.0},{"damage":0.0,"enemies":"Exordium Thugs","floor":8.0,"turns":3.0},{"damage":3.0,"enemies":"Looter","floor":10.0,"turns":2.0},{"damage":9.0,"enemies":"Lagavulin","floor":11.0,"turns":3.0},{"damage":37.0,"enemies":"Slime Boss","floor":16.0,"turns":14.0},{"damage":16.0,"enemies":"3 Byrds","floor":18.0,"turns":5.0},{"damage":0.0,"enemies":"Shell Parasite","floor":21.0,"turns":3.0},{"damage":29.0,"enemies":"Gremlin Leader","floor":23.0,"turns":6.0},{"damage":22.0,"enemies":"3 Cultists","floor":24.0,"turns":6.0},{"damage":9.0,"enemies":"Book of Stabbing","floor":25.0,"turns":6.0},{"damage":6.0,"enemies":"Centurion and Healer","floor":30.0,"turns":4.0},{"damage":35.0,"enemies":"Collector","floor":33.0,"turns":8.0},{"damage":0.0,"enemies":"3 Shapes","floor":35.0,"turns":3.0},{"damage":6.0,"enemies":"3 Darklings","floor":37.0,"turns":3.0},{"damage":2.0,"enemies":"Sphere and 2 Shapes","floor":38.0,"turns":3.0},{"damage":49.0,"enemies":"2 Orb Walkers","floor":39.0,"turns":6.0},{"damage":6.0,"enemies":"Nemesis","floor":40.0,"turns":5.0},{"damage":19.0,"enemies":"Maw","floor":41.0,"turns":7.0},{"damage":13.0,"enemies":"Giant Head","floor":42.0,"turns":9.0},{"damage":5.0,"enemies":"Spire Growth","floor":48.0,"turns":8.0},{"damage":17.0,"enemies":"Donu and Deca","floor":50.0,"turns":11.0},{"damage":21.0,"enemies":"Shield and Spear","floor":54.0,"turns":8.0},{"damage":39,"enemies":"The Heart","floor":55,"turns":11}],"seed_played":"-2229720270854803784","potions_obtained":[{"floor":3.0,"key":"Energy Potion"},{"floor":8.0,"key":"Block Potion"},{"floor":16.0,"key":"BloodPotion"},{"floor":21.0,"key":"Strength Potion"},{"floor":25.0,"key":"Explosive Potion"},{"floor":38.0,"key":"SteroidPotion"},{"floor":39.0,"key":"Dexterity Potion"},{"floor":41.0,"key":"Block Potion"},{"floor":42.0,"key":"Swift Potion"},{"floor":54.0,"key":"Ancient Potion"}],"is_trial":false,"path_per_floor":["M","M","M","?","$","R","E","M","T","M","E","?","R","?","R","B",null,"M","?","?","M","$","E","M","E","T","R","?","$","M","?","R","B",null,"M","$","M","M","?","E","M","E","T","?","?","$","?","M","R","B",null,"R","$","E","B",null],"character_chosen":"IRONCLAD","items_purchased":["True Grit","Discovery","Impervious","Combust","Fiend Fire","Evolve","Corruption","Feel No Pain","Ghostly Armor","Armaments","Sentinel","Rage"],"campfire_rested":0,"item_purchase_floors":[5,22,22,22,29,36,46,46,46,46,46,53],"current_hp_per_floor":[72,72,72,61,61,61,53,59,59,62,59,52,52,52,52,21,72,69,69,69,72,72,59,43,40,40,40,40,40,40,40,40,11,82,82,82,82,82,43,47,42,50,50,50,50,50,71,81,81,74,82,82,82,67,56],"gold":36,"neow_bonus":"THREE_RARE_CARDS","is_prod":false,"is_daily":false,"chose_seed":false,"campfire_upgraded":6,"win_rate":0,"timestamp":1545643081,"path_taken":["M","M","M","?","$","R","E","M","T","M","E","?","R","?","R","BOSS","M","?","?","?","$","E","M","E","T","R","?","$","M","?","R","BOSS","M","$","?","M","?","E","M","E","T","?","?","$","?","M","R","BOSS","R","$","E","BOSS"],"build_version":"2018-12-20","purchased_purges":2,"victory":true,"max_hp_per_floor":[72,72,72,72,72,72,72,72,72,72,72,72,72,72,72,72,72,72,72,72,72,72,82,82,82,82,82,82,82,82,82,82,82,82,82,82,82,82,82,82,82,82,82,82,82,82,82,82,82,82,82,82,82,82,82],"card_choices":[{"not_picked":["Offering","Dark Embrace"],"picked":"Bludgeon","floor":0.0},{"not_picked":["Clash","Iron Wave"],"picked":"Seeing Red","floor":1.0},{"not_picked":["Clothesline","Headbutt"],"picked":"Cleave","floor":2.0},{"not_picked":["Body Slam","Wild Strike","Twin Strike"],"picked":"SKIP","floor":3.0},{"not_picked":["Cleave","Clash"],"picked":"Offering","floor":7.0},{"not_picked":["Warcry","Reckless Charge"],"picked":"Feel No Pain","floor":8.0},{"not_picked":["Sword Boomerang","Twin Strike"],"picked":"Flame Barrier","floor":10.0},{"not_picked":["Burning Pact","Inflame"],"picked":"Feel No Pain","floor":11.0},{"not_picked":["Limit Break","Impervious"],"picked":"Fiend Fire","floor":16.0},{"not_picked":["Twin Strike+1","Bloodletting"],"picked":"Havoc","floor":18.0},{"not_picked":["Sword Boomerang","Havoc"],"picked":"Pummel","floor":21.0},{"not_picked":["Dual Wield","Clash+1","Headbutt"],"picked":"SKIP","floor":23.0},{"not_picked":["Wild Strike","Anger+1"],"picked":"Shrug It Off","floor":24.0},{"not_picked":["Rampage","Metallicize","Second Wind"],"picked":"SKIP","floor":25.0},{"not_picked":["Headbutt","Warcry+1","Rage"],"picked":"SKIP","floor":30.0},{"not_picked":["Headbutt","Rage"],"picked":"Warcry+1","floor":30.0},{"not_picked":["Limit Break","Berserk"],"picked":"Reaper","floor":33.0},{"not_picked":["Dropkick+1","Power Through","Heavy Blade"],"picked":"SKIP","floor":35.0},{"not_picked":["Spot Weakness+1","Flex+1"],"picked":"True Grit+1","floor":37.0},{"not_picked":["Anger","Cleave+1"],"picked":"Havoc","floor":38.0},{"not_picked":["Havoc","Shrug It Off+1"],"picked":"Feel No Pain","floor":39.0},{"not_picked":["Burning Pact+1","Wild Strike"],"picked":"Dual Wield+1","floor":40.0},{"not_picked":["Armaments","Twin Strike+1","Evolve"],"picked":"SKIP","floor":41.0},{"not_picked":["Wild Strike+1","Metallicize","Blood for Blood+1"],"picked":"SKIP","floor":42.0},{"not_picked":["Whirlwind","Iron Wave+1"],"picked":"Shrug It Off","floor":48.0},{"not_picked":["Perfected Strike+1","Pommel Strike+1"],"picked":"Spot Weakness+1","floor":54.0}],"player_experience":1807668,"relics_obtained":[{"floor":7.0,"key":"Matryoshka"},{"floor":9.0,"key":"Lantern"},{"floor":9.0,"key":"Kunai"},{"floor":11.0,"key":"The Courier"},{"floor":23.0,"key":"Pear"},{"floor":25.0,"key":"Potion Belt"},{"floor":26.0,"key":"Mercury Hourglass"},{"floor":39.0,"key":"Thread and Needle"},{"floor":40.0,"key":"Bottled Lightning"},{"floor":42.0,"key":"Pen Nib"},{"floor":43.0,"key":"Self Forming Clay"},{"floor":54.0,"key":"War Paint"}],"event_choices":[{"damage_healed":0.0,"max_hp_gain":0.0,"max_hp_loss":0.0,"gold_gain":75.0,"event_name":"World of Goop","player_choice":"Gather Gold","floor":4.0,"gold_loss":0.0,"damage_taken":11.0},{"cards_removed":["Strike_R"],"damage_healed":0.0,"max_hp_gain":0.0,"max_hp_loss":0.0,"gold_gain":0.0,"event_name":"Golden Wing","player_choice":"Card Removal","floor":12.0,"gold_loss":0.0,"damage_taken":7.0},{"damage_healed":0.0,"max_hp_gain":0.0,"max_hp_loss":0.0,"gold_gain":0.0,"event_name":"WeMeetAgain","player_choice":"Gave Potion","floor":14.0,"gold_loss":0.0,"damage_taken":0.0,"relics_obtained":["Anchor"]},{"damage_healed":0.0,"max_hp_gain":0.0,"max_hp_loss":0.0,"gold_gain":99.0,"event_name":"Nest","player_choice":"Stole From Cult","floor":19.0,"gold_loss":0.0,"damage_taken":0.0},{"damage_healed":0.0,"max_hp_gain":0.0,"max_hp_loss":0.0,"gold_gain":0.0,"event_name":"The Library","player_choice":"Read","floor":20.0,"gold_loss":0.0,"damage_taken":0.0,"cards_obtained":["Battle Trance"]},{"damage_healed":0.0,"max_hp_gain":0.0,"max_hp_loss":0.0,"gold_gain":0.0,"event_name":"Addict","player_choice":"Obtained Relic","floor":28.0,"gold_loss":85.0,"damage_taken":0.0,"relics_obtained":["Bronze Scales"]},{"damage_healed":0.0,"max_hp_gain":0.0,"max_hp_loss":0.0,"gold_gain":0.0,"event_name":"Accursed Blacksmith","player_choice":"Forge","floor":31.0,"gold_loss":0.0,"damage_taken":0.0,"cards_upgraded":["Feel No Pain"]},{"damage_healed":0.0,"max_hp_gain":0.0,"max_hp_loss":0.0,"gold_gain":0.0,"event_name":"Mysterious Sphere","player_choice":"Fight","floor":39.0,"gold_loss":0.0,"damage_taken":0.0},{"cards_removed":["Clash"],"damage_healed":0.0,"max_hp_gain":0.0,"max_hp_loss":0.0,"gold_gain":0.0,"event_name":"Falling","player_choice":"Removed Attack","floor":44.0,"gold_loss":0.0,"damage_taken":0.0},{"damage_healed":0.0,"max_hp_gain":0.0,"max_hp_loss":0.0,"gold_gain":0.0,"event_name":"Tomb of Lord Red Mask","player_choice":"Ignored","floor":45.0,"gold_loss":0.0,"damage_taken":0.0},{"damage_healed":21.0,"max_hp_gain":0.0,"max_hp_loss":0.0,"gold_gain":0.0,"event_name":"Winding Halls","player_choice":"Writhe","floor":47.0,"gold_loss":0.0,"damage_taken":0.0,"cards_obtained":["Writhe"]}],"is_beta":false,"boss_relics":[{"not_picked":["Eternal Feather","Lizard Tail"],"picked":"Coffee Dripper"},{"not_picked":["Mark of Pain","Sozu"],"picked":"Pandora\u0027s Box"}],"items_purged_floors":[22,36],"is_endless":false,"potions_floor_spawned":[3,8,16,21,25,38,39,41,42,54],"ascension_level":1}