{"path_per_floor":["M","$","M","?","?","R","M","R","T","E","M","M","?","M","R","B",null,"M","?","?","M","M","R","E","M","T","?","$","M","R","M","R","B",null,"M","M","M","?","$","R","E","R","T","?","M","?","M","M","R","B"],"character_chosen":"IRONCLAD","items_purchased":["Armaments","Seeing Red+1","Ginger","Flex+1","Battle Trance+1","Potion Belt"],"gold_per_floor":[114,66,83,158,158,158,170,170,197,226,242,253,253,270,270,366,366,386,386,386,405,416,416,442,458,512,512,123,137,137,157,157,259,259,269,288,304,304,82,82,115,115,115,115,162,162,180,192,192,192],"floor_reached":51,"campfire_rested":2,"playtime":1781,"item_purchase_floors":[2,28,28,28,39,39],"current_hp_per_floor":[80,80,80,69,69,69,69,69,69,75,80,80,73,80,80,70,101,98,111,111,111,108,108,111,111,111,111,111,95,95,88,111,106,111,110,95,97,97,97,97,82,82,82,82,80,80,86,84,128,128],"items_purged":[],"gold":192,"score":851,"play_id":"64f117a1-47da-48e8-a79a-6c9c2a20fe11","local_time":"20180620153836","daily_mods":["Brewmaster","Uncertain Future","Vintage"],"is_prod":false,"is_daily":false,"chose_seed":true,"is_ascension_mode":false,"campfire_upgraded":7,"win_rate":0,"timestamp":1529501916,"campfire_choices":[{"data":"Armaments","floor":6,"key":"SMITH"},{"data":"Bash","floor":8,"key":"SMITH"},{"data":"Venomology","floor":15,"key":"SMITH"},{"data":"Rupture","floor":23,"key":"SMITH"},{"data":"Whirlwind","floor":30,"key":"SMITH"},{"floor":32,"key":"REST"},{"data":"Feed","floor":40,"key":"SMITH"},{"data":"Venomology","floor":42,"key":"SMITH"},{"floor":49,"key":"REST"}],"path_taken":["M","$","M","?","?","R","M","R","T","E","M","M","?","M","R","BOSS","M","?","?","M","M","R","E","M","T","?","$","M","R","M","R","BOSS","M","M","M","?","$","R","E","R","T","?","M","?","M","M","R","BOSS"],"build_version":"2018-06-14v2","seed_source_timestamp":3681269546593901,"purchased_purges":0,"victory":true,"master_deck":["Strike_R","Strike_R","Strike_R+1","Strike_R+1","Defend_R","Defend_R","Defend_R","Bash+1","Venomology+1","Venomology+1","Venomology+1","Venomology+1","Armaments+1","Offering+1","Decay","Pain","Doubt","Rupture+1","Whirlwind+1","Seeing Red+1","Flex+1","Feed+1","Battle Trance+1","Havoc+1","Secret Weapon+1","Rupture+1"],"max_hp_per_floor":[80,80,80,80,80,80,80,80,80,80,80,80,80,80,80,87,101,101,111,111,111,111,111,111,111,111,111,111,111,111,111,111,111,111,121,124,124,124,124,124,124,124,124,124,124,124,128,128,128,128],"special_seed":29952015251857,"relics":["Burning Blood","White Beast Statue","Vajra","War Paint","Toxic Egg 2","Anchor","Magic Flower","Lantern","Blue Candle","Centennial Puzzle","Happy Flower","Strawberry","Calling Bell","Bag of Marbles","Ornamental Fan","Mango","Orichalcum","Paper Frog","Boot","Meat on the Bone","Juzu Bracelet","Ancient Tea Set","Omamori","Ginger","Bronze Scales","Regal Pillow","Singing Bowl","Empty Cage","Pear","Dodecahedron","Charon\u0027s Ashes","Potion Belt","Turnip","Torii","Tiny Chest","Whetstone","Du-Vu Doll"],"card_choices":[{"not_picked":["Corruption","Dropkick"],"picked":"Havoc+1","floor":10},{"not_picked":["Dark Embrace","Exhume+1"],"picked":"Offering+1","floor":16},{"not_picked":["Rampage","Pommel Strike"],"picked":"Whirlwind","floor":24},{"not_picked":["Bludgeon","Barricade"],"picked":"Feed","floor":33},{"not_picked":["Warcry+1","Thunderclap"],"picked":"Havoc+1","floor":41},{"not_picked":["Secret Technique+1","Deep Breath+1"],"picked":"Secret Weapon+1","floor":44}],"player_experience":889141,"potions_floor_usage":[1,3,7,7,10,10,10,11,11,11,12,14,14,14,16,16,16,16,18,18,21,21,21,22,22,22,22,24,24,24,24,24,29,29,29,31,31,31,33,33,35,36,37,41,41,47,47,47,50,50,50,50,50,50],"damage_taken":[{"damage":0,"enemies":"2 Louse","floor":1,"turns":3},{"damage":6,"enemies":"Jaw Worm","floor":3,"turns":2},{"damage":6,"enemies":"Cultist","floor":7,"turns":3},{"damage":0,"enemies":"3 Sentries","floor":10,"turns":5},{"damage":2,"enemies":"3 Louse","floor":11,"turns":4},{"damage":0,"enemies":"Exordium Wildlife","floor":12,"turns":4},{"damage":0,"enemies":"Red Slaver","floor":14,"turns":4},{"damage":26,"enemies":"The Guardian","floor":16,"turns":11},{"damage":12,"enemies":"2 Thieves","floor":18,"turns":4},{"damage":24,"enemies":"Spheric Guardian","floor":21,"turns":4},{"damage":29,"enemies":"3 Cultists","floor":22,"turns":5},{"damage":21,"enemies":"Slavers","floor":24,"turns":5},{"damage":4,"enemies":"Cultist and Chosen","floor":25,"turns":2},{"damage":25,"enemies":"Snecko","floor":29,"turns":4},{"damage":16,"enemies":"Centurion and Healer","floor":31,"turns":3},{"damage":14,"enemies":"Collector","floor":33,"turns":6},{"damage":20,"enemies":"Orb Walker","floor":35,"turns":3},{"damage":29,"enemies":"3 Shapes","floor":36,"turns":3},{"damage":7,"enemies":"3 Darklings","floor":37,"turns":2},{"damage":42,"enemies":"Nemesis","floor":41,"turns":6},{"damage":11,"enemies":"Sphere and 2 Shapes","floor":45,"turns":1},{"damage":27,"enemies":"Maw","floor":47,"turns":3},{"damage":11,"enemies":"4 Shapes","floor":48,"turns":1},{"damage":26,"enemies":"Time Eater","floor":50,"turns":3}],"relics_obtained":[{"floor":1,"key":"Vajra"},{"floor":3,"key":"War Paint"},{"floor":7,"key":"Toxic Egg 2"},{"floor":9,"key":"Anchor"},{"floor":10,"key":"Magic Flower"},{"floor":11,"key":"Lantern"},{"floor":12,"key":"Blue Candle"},{"floor":14,"key":"Happy Flower"},{"floor":16,"key":"Strawberry"},{"floor":17,"key":"Bag of Marbles"},{"floor":17,"key":"Ornamental Fan"},{"floor":17,"key":"Mango"},{"floor":18,"key":"Orichalcum"},{"floor":21,"key":"Paper Frog"},{"floor":22,"key":"Boot"},{"floor":24,"key":"Meat on the Bone"},{"floor":25,"key":"Juzu Bracelet"},{"floor":26,"key":"Ancient Tea Set"},{"floor":29,"key":"Bronze Scales"},{"floor":31,"key":"Regal Pillow"},{"floor":33,"key":"Singing Bowl"},{"floor":35,"key":"Pear"},{"floor":36,"key":"Dodecahedron"},{"floor":37,"key":"Charon\u0027s Ashes"},{"floor":41,"key":"Turnip"},{"floor":43,"key":"Torii"},{"floor":45,"key":"Tiny Chest"},{"floor":47,"key":"Whetstone"},{"floor":48,"key":"Du-Vu Doll"}],"event_choices":[{"event_name":"World of Goop","player_choice":"Gather Gold","floor":4,"damage_taken":0},{"event_name":"The Lab","player_choice":"Got Potions","floor":5,"damage_taken":0},{"event_name":"Scrap Ooze","player_choice":"success","floor":13,"damage_taken":7},{"event_name":"Bonfire Elementals","player_choice":"RARE","floor":19,"damage_taken":0},{"event_name":"The Library","player_choice":"Read","floor":20,"damage_taken":0},{"event_name":"The Mausoleum","player_choice":"Yes","floor":27,"damage_taken":0},{"event_name":"Falling","player_choice":"Removed Skill","floor":38,"damage_taken":0},{"event_name":"SensoryStone","player_choice":"Memory 1","floor":44,"damage_taken":0},{"event_name":"Duplicator","player_choice":"One dupe","floor":46,"damage_taken":0}],"boss_relics":[{"not_picked":["Tiny House","Runic Dome"],"picked":"Calling Bell"},{"not_picked":["Astrolabe","Velvet Choker"],"picked":"Empty Cage"}],"items_purged_floors":[],"is_endless":false,"potions_floor_spawned":[1,3,7,10,11,12,14,16,18,21,22,24,25,29,31,33,35,36,37,41,45,47,48],"seed_played":"-4586033865201282466","ascension_level":0,"potions_obtained":[{"floor":1,"key":"Explosive Potion"},{"floor":3,"key":"LiquidBronze"},{"floor":5,"key":"FearPotion"},{"floor":7,"key":"PowerPotion"},{"floor":12,"key":"Explosive Potion"},{"floor":14,"key":"AttackPotion"},{"floor":16,"key":"PowerPotion"},{"floor":18,"key":"LiquidBronze"},{"floor":21,"key":"SkillPotion"},{"floor":22,"key":"AttackPotion"},{"floor":24,"key":"Regen Potion"},{"floor":25,"key":"Ancient Potion"},{"floor":47,"key":"GamblersBrew"},{"floor":48,"key":"Poison Potion"}],"is_trial":true}