{"gold_per_floor":[111,186,186,205,230,230,261,261,313,344,358,382,382,397,397,397],"floor_reached":16,"playtime":875,"items_purged":[],"score":129,"play_id":"c9226a9e-520f-4a3a-a617-be590a93374e","local_time":"20190214171214","is_ascension_mode":true,"campfire_choices":[{"data":"Bash","floor":6,"key":"SMITH"},{"floor":8,"key":"REST"},{"data":"Disarm","floor":13,"key":"SMITH"},{"data":"Shrug It Off","floor":15,"key":"SMITH"}],"neow_cost":"NONE","seed_source_timestamp":20858619351000,"circlet_count":0,"master_deck":["Strike_R","Strike_R","Strike_R","Strike_R","Strike_R","Defend_R","Defend_R","Defend_R","Defend_R","Bash+1","Disarm+1","Shrug It Off+1","Battle Trance","Battle Trance"],"relics":["Burning Blood","Golden Idol","PreservedInsect","Anchor","Pen Nib"],"potions_floor_usage":[7,16],"damage_taken":[{"damage":2,"enemies":"2 Louse","floor":1,"turns":3},{"damage":10,"enemies":"Jaw Worm","floor":4,"turns":4},{"damage":1,"enemies":"Cultist","floor":5,"turns":4},{"damage":39,"enemies":"Gremlin Nob","floor":7,"turns":5},{"damage":27,"enemies":"Lagavulin","floor":10,"turns":8},{"damage":7,"enemies":"Looter","floor":11,"turns":4},{"damage":0,"enemies":"Large Slime","floor":12,"turns":4},{"damage":0,"enemies":"Red Slaver","floor":14,"turns":4},{"damage":42,"enemies":"Hexaghost","floor":16,"turns":15}],"seed_played":"-6028488073936954914","potions_obtained":[{"floor":1,"key":"Block Potion"},{"floor":5,"key":"SkillPotion"},{"floor":12,"key":"Explosive Potion"},{"floor":14,"key":"LiquidBronze"}],"is_trial":false,"path_per_floor":["M","?","?","M","M","R","E","R","T","E","M","M","R","M","R","B"],"character_chosen":"IRONCLAD","items_purchased":[],"campfire_rested":1,"item_purchase_floors":[],"current_hp_per_floor":[88,77,55,51,56,56,23,49,49,28,27,33,33,39,39,0],"gold":397,"neow_bonus":"TEN_PERCENT_HP_BONUS","is_prod":false,"is_daily":false,"chose_seed":false,"campfire_upgraded":3,"win_rate":0,"timestamp":1550160734,"path_taken":["M","?","?","M","M","R","E","R","T","E","M","M","R","M","R","BOSS"],"build_version":"2019-01-23","purchased_purges":0,"victory":false,"max_hp_per_floor":[88,88,88,88,88,88,88,88,88,88,88,88,88,88,88,88],"card_choices":[{"not_picked":["Uppercut","Anger"],"picked":"Disarm","floor":1},{"not_picked":["Body Slam","Twin Strike","Iron Wave"],"picked":"SKIP","floor":4},{"not_picked":["Armaments","Evolve"],"picked":"Shrug It Off","floor":5},{"not_picked":["True Grit","Wild Strike","Iron Wave"],"picked":"SKIP","floor":7},{"not_picked":["True Grit","Dark Embrace","Power Through"],"picked":"SKIP","floor":10},{"not_picked":["Iron Wave","Whirlwind","Twin Strike"],"picked":"SKIP","floor":11},{"not_picked":["True Grit","Shrug It Off"],"picked":"Battle Trance","floor":12},{"not_picked":["Corruption","Iron Wave"],"picked":"Battle Trance","floor":14}],"player_experience":190312,"relics_obtained":[{"floor":7,"key":"PreservedInsect"},{"floor":9,"key":"Anchor"},{"floor":10,"key":"Pen Nib"}],"event_choices":[{"damage_healed":0,"gold_gain":75,"player_choice":"Gather Gold","damage_taken":11,"max_hp_gain":0,"max_hp_loss":0,"event_name":"World of Goop","floor":2,"gold_loss":0},{"damage_healed":0,"gold_gain":0,"player_choice":"Take Damage","damage_taken":22,"relics_obtained":["Golden Idol"],"max_hp_gain":0,"max_hp_loss":0,"event_name":"Golden Idol","floor":3,"gold_loss":0}],"is_beta":false,"boss_relics":[],"items_purged_floors":[],"is_endless":false,"potions_floor_spawned":[1,5,12,14],"killed_by":"Hexaghost","ascension_level":3}