{"gold_per_floor":[109,120,140,158,158,189,208,208,208,125,155,155,189,189,189,293,293,303,31,45,60,60,60,60,80,80,99,110,110,210,229,229,229],"floor_reached":33,"playtime":4248,"items_purged":["Strike_R"],"score":388,"play_id":"ceaad245-5b4f-4f30-9ad1-6b9356795676","local_time":"20190202215339","is_ascension_mode":true,"campfire_choices":[{"data":"Bludgeon","floor":8.0,"key":"SMITH"},{"data":"Rampage","floor":12.0,"key":"SMITH"},{"floor":15.0,"key":"REST"},{"data":"Injury","floor":23,"key":"PURGE"},{"data":"Strike_R","floor":32,"key":"PURGE"}],"neow_cost":"CURSE","seed_source_timestamp":0,"circlet_count":0,"master_deck":["Strike_R","Strike_R","Strike_R","Defend_R","Defend_R","Defend_R","Defend_R","Bash","Bludgeon+1","Rampage+1","Warcry","Ghostly Armor","Power Through+1","Body Slam","True Grit","Feel No Pain","Warcry","Offering","Battle Trance","Pommel Strike+1","Shrug It Off","Ghostly","Ghostly","Ghostly","Ghostly","Ghostly","Flame Barrier"],"special_seed":0,"relics":["Burning Blood","Peace Pipe","Pantograph","Singing Bowl","Darkstone Periapt","Philosopher\u0027s Stone","TheAbacus","Meat on the Bone"],"potions_floor_usage":[33,33],"damage_taken":[{"damage":0.0,"enemies":"Small Slimes","floor":1.0,"turns":3.0},{"damage":9.0,"enemies":"2 Louse","floor":2.0,"turns":3.0},{"damage":1.0,"enemies":"Cultist","floor":3.0,"turns":3.0},{"damage":11.0,"enemies":"Blue Slaver","floor":4.0,"turns":3.0},{"damage":30.0,"enemies":"3 Sentries","floor":6.0,"turns":12.0},{"damage":6.0,"enemies":"Exordium Thugs","floor":7.0,"turns":5.0},{"damage":6.0,"enemies":"Lagavulin","floor":11.0,"turns":7.0},{"damage":40.0,"enemies":"Gremlin Nob","floor":13.0,"turns":5.0},{"damage":44.0,"enemies":"The Guardian","floor":16.0,"turns":15.0},{"damage":6.0,"enemies":"Chosen","floor":18.0,"turns":3.0},{"damage":17,"enemies":"Shell Parasite","floor":20,"turns":4},{"damage":21,"enemies":"Shelled Parasite and Fungi","floor":21,"turns":5},{"damage":8,"enemies":"Cultist and Chosen","floor":25,"turns":6},{"damage":6,"enemies":"Sentry and Sphere","floor":27,"turns":5},{"damage":31,"enemies":"Centurion and Healer","floor":28,"turns":7},{"damage":6,"enemies":"3 Cultists","floor":31,"turns":7},{"damage":79,"enemies":"Automaton","floor":33,"turns":12}],"seed_played":"-964573458477384638","potions_obtained":[{"floor":2.0,"key":"Fire Potion"},{"floor":6.0,"key":"SteroidPotion"},{"floor":13.0,"key":"Poison Potion"},{"floor":16.0,"key":"EssenceOfSteel"},{"floor":18.0,"key":"Explosive Potion"},{"floor":20,"key":"BloodPotion"}],"is_trial":false,"path_per_floor":["M","M","M","M","?","E","M","R","T","$","E","R","E","?","R","B",null,"M","$","M","M","?","R","$","M","T","M","M","?","?","M","R","B"],"character_chosen":"IRONCLAD","items_purchased":["True Grit","Feel No Pain","TheAbacus"],"campfire_rested":1,"item_purchase_floors":[10,10,19],"current_hp_per_floor":[78,75,80,75,75,51,51,51,51,51,51,51,19,19,43,30,69,69,69,60,45,45,45,45,45,45,59,48,45,45,45,45,0],"gold":229,"neow_bonus":"THREE_RARE_CARDS","is_prod":false,"is_daily":false,"chose_seed":false,"campfire_upgraded":2,"win_rate":0,"timestamp":1549162419,"path_taken":["M","M","M","M","?","E","M","R","T","$","E","R","E","?","R","BOSS","M","$","?","M","?","R","?","M","T","M","M","?","?","M","R","BOSS"],"build_version":"2019-01-23","purchased_purges":1,"victory":false,"max_hp_per_floor":[80,80,80,80,80,80,80,80,80,80,80,80,82,82,82,82,82,82,82,84,84,84,84,84,86,86,88,90,45,45,45,45,45],"card_choices":[{"not_picked":["Offering","Fiend Fire"],"picked":"Bludgeon","floor":0.0},{"not_picked":["Thunderclap","Armaments"],"picked":"Rampage","floor":1.0},{"not_picked":["Twin Strike","Armaments"],"picked":"Warcry","floor":2.0},{"not_picked":["Wild Strike","Armaments","Carnage"],"picked":"SKIP","floor":3.0},{"not_picked":["Clash","Seeing Red"],"picked":"Ghostly Armor","floor":4.0},{"not_picked":["Dark Embrace","Flex"],"picked":"Power Through","floor":6.0},{"not_picked":["Havoc","Warcry"],"picked":"Body Slam","floor":7.0},{"not_picked":["Cleave","Heavy Blade"],"picked":"Warcry","floor":11.0},{"not_picked":["Blood for Blood","Combust","Spot Weakness"],"picked":"Singing Bowl","floor":13.0},{"not_picked":["Feed","Reaper"],"picked":"Offering","floor":16.0},{"not_picked":["Blood for Blood","Havoc"],"picked":"Battle Trance","floor":18.0},{"not_picked":["Power Through","Entrench+1","Anger+1"],"picked":"Singing Bowl","floor":20},{"not_picked":["True Grit","Sword Boomerang"],"picked":"Pommel Strike+1","floor":21},{"not_picked":["Clothesline","Iron Wave","Rampage"],"picked":"Singing Bowl","floor":25},{"not_picked":["Body Slam","Rage","Rampage"],"picked":"Singing Bowl","floor":27},{"not_picked":["Perfected Strike","Clash+1","Iron Wave"],"picked":"Singing Bowl","floor":28},{"not_picked":["Bloodletting","Rampage"],"picked":"Flame Barrier","floor":31}],"player_experience":384022,"relics_obtained":[{"floor":6.0,"key":"Peace Pipe"},{"floor":9.0,"key":"Pantograph"},{"floor":11.0,"key":"Singing Bowl"},{"floor":13.0,"key":"Darkstone Periapt"},{"floor":26,"key":"Meat on the Bone"}],"event_choices":[{"damage_healed":0.0,"max_hp_gain":0.0,"max_hp_loss":0.0,"gold_gain":0.0,"event_name":"Liars Game","player_choice":"Ignored","floor":5.0,"gold_loss":0.0,"damage_taken":0.0},{"damage_healed":0.0,"max_hp_gain":0.0,"max_hp_loss":0.0,"gold_gain":0.0,"event_name":"Upgrade Shrine","player_choice":"Upgraded","floor":14.0,"gold_loss":0.0,"damage_taken":0.0,"cards_upgraded":["Power Through"]},{"damage_healed":0,"gold_gain":0,"player_choice":"Read","damage_taken":0,"max_hp_gain":0,"max_hp_loss":0,"event_name":"The Library","floor":22,"gold_loss":0,"cards_obtained":["Shrug It Off"]},{"damage_healed":0,"gold_gain":0,"player_choice":"Became a Ghost","damage_taken":0,"max_hp_gain":0,"max_hp_loss":45,"event_name":"Ghosts","floor":29,"gold_loss":0,"cards_obtained":["Ghostly","Ghostly","Ghostly","Ghostly","Ghostly"]},{"damage_healed":0,"gold_gain":100,"player_choice":"Pray","damage_taken":0,"max_hp_gain":0,"max_hp_loss":0,"event_name":"Golden Shrine","floor":30,"gold_loss":0}],"is_beta":false,"boss_relics":[{"not_picked":["White Beast Statue","Lizard Tail"],"picked":"Philosopher\u0027s Stone"}],"items_purged_floors":[19],"is_endless":false,"potions_floor_spawned":[2,6,13,16,18,20,21],"killed_by":"Automaton","ascension_level":7}