{"gold_per_floor":[364,140,140,79,97,114,144,144,144,155,12,31,56,79,79,182,182,202,16,16,36,56,90,105,135,190,217,229,249,276,276,276,380,380,390,236,248,248,248,248,274,287,313,330,364,383,192,202,202,202],"floor_reached":51,"playtime":1945,"items_purged":["Strike_R"],"score":999,"play_id":"10690146-ee03-48c6-bf1f-4a17935d7ab8","local_time":"20181108161529","is_ascension_mode":true,"campfire_choices":[{"data":"Whirlwind","floor":8,"key":"SMITH"},{"data":"Inflame","floor":15,"key":"SMITH"},{"data":"Corruption","floor":32,"key":"SMITH"},{"data":"True Grit","floor":40,"key":"SMITH"},{"floor":49,"key":"REST"}],"neow_cost":"TEN_PERCENT_HP_LOSS","seed_source_timestamp":3914110076030025,"circlet_count":0,"master_deck":["Bash","True Grit+1","Whirlwind+1","Shockwave","Inflame+1","Corruption+1","Disarm","Disarm","Barricade","Combust","Clash","Twin Strike","True Grit","Sword Boomerang","Uppercut","Sever Soul","Havoc+1","Battle Trance","Flame Barrier","Flame Barrier","True Grit+1","Pummel+1","Dropkick+1","Shrug It Off","Double Tap","Feed","True Grit","Blind","Trip","Chrysalis","Entrench","Decay","Feed","Metallicize","Body Slam"],"relics":["Burning Blood","Bag of Preparation","Pantograph","Lantern","Pear","Shuriken","Vajra","Pandora\u0027s Box","Strawberry","Darkstone Periapt","Tiny Chest","Oddly Smooth Stone","Centennial Puzzle","Ancient Tea Set","Nilry\u0027s Codex","Cursed Key","Pen Nib","Red Skull","Potion Belt","War Paint"],"potions_floor_usage":[16,50,50,50,50],"damage_taken":[{"damage":6,"enemies":"Cultist","floor":1,"turns":3},{"damage":19,"enemies":"Small Slimes","floor":5,"turns":4},{"damage":12,"enemies":"Jaw Worm","floor":6,"turns":4},{"damage":35,"enemies":"3 Sentries","floor":7,"turns":6},{"damage":4,"enemies":"Exordium Thugs","floor":10,"turns":3},{"damage":9,"enemies":"Red Slaver","floor":12,"turns":4},{"damage":5,"enemies":"Lagavulin","floor":13,"turns":6},{"damage":20,"enemies":"Slime Boss","floor":16,"turns":7},{"damage":11,"enemies":"Spheric Guardian","floor":18,"turns":3},{"damage":6,"enemies":"Chosen","floor":21,"turns":6},{"damage":9,"enemies":"Snecko","floor":22,"turns":5},{"damage":19,"enemies":"Slavers","floor":23,"turns":5},{"damage":13,"enemies":"Cultist and Chosen","floor":24,"turns":5},{"damage":2,"enemies":"Chosen and Byrds","floor":28,"turns":3},{"damage":4,"enemies":"Shelled Parasite and Fungi","floor":29,"turns":5},{"damage":1,"enemies":"Book of Stabbing","floor":30,"turns":4},{"damage":0,"enemies":"Automaton","floor":33,"turns":9},{"damage":9,"enemies":"3 Shapes","floor":35,"turns":1},{"damage":7,"enemies":"Orb Walker","floor":37,"turns":2},{"damage":0,"enemies":"Nemesis","floor":41,"turns":3},{"damage":8,"enemies":"Jaw Worm Horde","floor":42,"turns":5},{"damage":8,"enemies":"Maw","floor":44,"turns":7},{"damage":2,"enemies":"Giant Head","floor":45,"turns":7},{"damage":34,"enemies":"4 Shapes","floor":46,"turns":4},{"damage":10,"enemies":"Writhing Mass","floor":48,"turns":4},{"damage":6,"enemies":"Time Eater","floor":50,"turns":7}],"seed_played":"-5189675199526446378","potions_obtained":[{"floor":5,"key":"SpeedPotion"},{"floor":7,"key":"SpeedPotion"},{"floor":12,"key":"GamblersBrew"},{"floor":13,"key":"SteroidPotion"},{"floor":16,"key":"SkillPotion"},{"floor":46,"key":"Block Potion"}],"is_trial":false,"path_per_floor":["M","$","?","?","M","M","E","R","T","M","$","M","E","T","R","B",null,"M","$","?","M","M","E","M","?","T","T","M","M","E","?","R","B",null,"M","$","M","?","?","R","E","M","T","M","E","M","$","M","R","B",null],"character_chosen":"IRONCLAD","items_purchased":["Bag of Preparation","Whirlwind","Disarm","Flame Barrier","Strawberry","Pen Nib","Metallicize","Body Slam","Ancient Potion"],"campfire_rested":1,"item_purchase_floors":[2,2,11,19,19,36,47,47,47],"current_hp_per_floor":[72,72,72,72,59,53,24,24,34,36,36,33,34,34,34,45,82,77,84,84,84,81,68,61,61,61,61,65,67,72,56,56,87,89,86,86,85,75,75,75,81,82,88,86,90,62,62,58,87,98],"gold":202,"neow_bonus":"TWO_FIFTY_GOLD","is_prod":false,"is_daily":false,"chose_seed":false,"campfire_upgraded":4,"win_rate":0,"timestamp":1541690129,"path_taken":["M","$","?","?","?","M","E","R","T","M","$","M","E","?","R","BOSS","M","$","?","?","M","E","M","?","T","?","M","M","E","?","R","BOSS","M","$","M","?","?","R","E","M","T","M","E","?","$","M","R","BOSS"],"build_version":"2018-11-01","purchased_purges":1,"victory":true,"max_hp_per_floor":[72,72,72,72,72,72,72,72,82,82,82,82,82,82,82,82,82,82,89,89,89,89,89,89,89,89,89,89,89,89,89,89,89,89,89,89,89,89,89,89,89,92,98,98,98,98,98,98,98,98],"card_choices":[{"not_picked":["Havoc","Carnage"],"picked":"True Grit","floor":1},{"not_picked":["Intimidate","Heavy Blade"],"picked":"Shockwave","floor":5},{"not_picked":["Anger","Clash","Ghostly Armor"],"picked":"SKIP","floor":6},{"not_picked":["Flex","Heavy Blade"],"picked":"Inflame","floor":7},{"not_picked":["Heavy Blade","True Grit"],"picked":"Corruption","floor":10},{"not_picked":["Thunderclap","Havoc"],"picked":"Disarm","floor":12},{"not_picked":["Twin Strike","Perfected Strike","Thunderclap"],"picked":"SKIP","floor":13},{"not_picked":["Limit Break","Impervious"],"picked":"Barricade","floor":16},{"not_picked":["Wild Strike","Corruption"],"picked":"Battle Trance","floor":18},{"not_picked":["Thunderclap","Flex+1"],"picked":"Flame Barrier","floor":21},{"not_picked":["Metallicize","Havoc+1"],"picked":"True Grit","floor":22},{"not_picked":["Rupture","Second Wind"],"picked":"Pummel+1","floor":23},{"not_picked":["Pommel Strike","Thunderclap+1"],"picked":"Dropkick+1","floor":24},{"not_picked":["Burning Pact","Carnage","Wild Strike"],"picked":"SKIP","floor":28},{"not_picked":["Rage+1","Second Wind"],"picked":"Shrug It Off","floor":29},{"not_picked":["Anger+1","Headbutt"],"picked":"Double Tap","floor":30},{"not_picked":["Fiend Fire","Berserk"],"picked":"Feed","floor":33},{"not_picked":["Flex","Rupture","Perfected Strike"],"picked":"SKIP","floor":35},{"not_picked":["Thunderclap+1","Sever Soul+1"],"picked":"True Grit","floor":37},{"not_picked":["Purity","Enlightenment"],"picked":"Blind","floor":38},{"not_picked":["Blind","Forethought"],"picked":"Trip","floor":38},{"not_picked":["PanicButton","Metamorphosis"],"picked":"Chrysalis","floor":38},{"not_picked":["Havoc","Iron Wave","Cleave"],"picked":"SKIP","floor":41},{"not_picked":["Wild Strike+1","Sword Boomerang+1"],"picked":"Entrench","floor":42},{"not_picked":["Havoc","Twin Strike+1","Perfected Strike"],"picked":"SKIP","floor":44},{"not_picked":["Bloodletting","Disarm"],"picked":"Feed","floor":45},{"not_picked":["Rupture","Flex","Blood for Blood"],"picked":"SKIP","floor":46},{"not_picked":["Thunderclap","Wild Strike","Dual Wield"],"picked":"SKIP","floor":48}],"player_experience":1620504,"relics_obtained":[{"floor":7,"key":"Lantern"},{"floor":9,"key":"Pear"},{"floor":13,"key":"Shuriken"},{"floor":14,"key":"Vajra"},{"floor":23,"key":"Darkstone Periapt"},{"floor":26,"key":"Oddly Smooth Stone"},{"floor":27,"key":"Centennial Puzzle"},{"floor":30,"key":"Ancient Tea Set"},{"floor":31,"key":"Nilry\u0027s Codex"},{"floor":41,"key":"Red Skull"},{"floor":43,"key":"Potion Belt"},{"floor":45,"key":"War Paint"}],"event_choices":[{"damage_healed":0,"gold_gain":0,"player_choice":"Leave","damage_taken":0,"max_hp_gain":0,"max_hp_loss":0,"event_name":"The Cleric","floor":3,"gold_loss":0},{"damage_healed":0,"gold_gain":0,"player_choice":"Paid Gold","damage_taken":0,"relics_obtained":["Pantograph"],"max_hp_gain":0,"max_hp_loss":0,"event_name":"WeMeetAgain","floor":4,"gold_loss":61},{"damage_healed":0,"gold_gain":0,"player_choice":"Ignored","damage_taken":0,"max_hp_gain":0,"max_hp_loss":0,"event_name":"N\u0027loth","floor":20,"gold_loss":0},{"damage_healed":0,"gold_gain":0,"player_choice":"Opened","damage_taken":0,"relics_obtained":["Tiny Chest"],"max_hp_gain":0,"max_hp_loss":0,"event_name":"The Mausoleum","floor":25,"gold_loss":0},{"damage_healed":0,"gold_gain":0,"player_choice":"Obtained Book","damage_taken":16,"max_hp_gain":0,"max_hp_loss":0,"event_name":"Cursed Tome","floor":31,"gold_loss":0},{"damage_healed":0,"gold_gain":0,"player_choice":"Memory 3","damage_taken":10,"max_hp_gain":0,"max_hp_loss":0,"event_name":"SensoryStone","floor":38,"gold_loss":0},{"damage_healed":0,"gold_gain":0,"player_choice":"Bought 0 Potions","damage_taken":0,"max_hp_gain":0,"max_hp_loss":0,"event_name":"The Woman in Blue","floor":39,"gold_loss":0}],"is_beta":false,"boss_relics":[{"not_picked":["Ectoplasm","Lizard Tail"],"picked":"Pandora\u0027s Box"},{"not_picked":["Eternal Feather","Coffee Dripper"],"picked":"Cursed Key"}],"items_purged_floors":[11],"is_endless":false,"potions_floor_spawned":[5,7,12,13,16,21,29,33,37,42,46],"ascension_level":1}