{"gold_per_floor":[213,96,107,257,257,288,308,308,308,337,357,389,389,400,400,472,472,489,505,343,258,183,213,44,44,93,93,93,93,123,137,137,211,211,225,225,225,241,261,261,291,291,291,325,195,215,234,20,20,20,20],"floor_reached":51,"playtime":8463,"items_purged":["Strike_R","Strike_R","Strike_R"],"score":1497,"play_id":"12a80f14-fb86-48e1-b08f-f75a20b589ea","local_time":"20181113163058","is_ascension_mode":true,"campfire_choices":[{"floor":8.0,"key":"REST"},{"data":"Limit Break","floor":13.0,"key":"SMITH"},{"data":"Inflame","floor":15.0,"key":"SMITH"},{"floor":27.0,"key":"REST"},{"data":"Armaments","floor":29.0,"key":"SMITH"},{"data":"True Grit","floor":32.0,"key":"SMITH"},{"data":"Limit Break","floor":40.0,"key":"SMITH"},{"data":"Feel No Pain","floor":42.0,"key":"SMITH"},{"floor":49.0,"key":"REST"}],"neow_cost":"NONE","seed_source_timestamp":0,"circlet_count":0,"master_deck":["AscendersBane","Strike_R","Defend_R","Defend_R","Defend_R","Defend_R","Bash","True Grit+1","Sword Boomerang","Inflame+1","Clothesline+1","Fiend Fire","Armaments+1","Feel No Pain+1","Limit Break+1","Reaper","Headbutt","Shrug It Off","True Grit+1","Uppercut","Limit Break+1","Sword Boomerang+1","Feel No Pain+1","Shrug It Off","Shrug It Off","Headbutt+1","Dark Embrace+1","Pummel+1","Heavy Blade+1"],"special_seed":0,"relics":["Burning Blood","Matryoshka","Singing Bowl","Paper Frog","Shuriken","Bottled Flame","Vajra","Velvet Choker","Thread and Needle","Prayer Wheel","Regal Pillow","Lantern","Smiling Mask","Frozen Egg 2","Mummified Hand","Sozu","Orichalcum","Sundial","Letter Opener","Whetstone"],"potions_floor_usage":[],"damage_taken":[{"damage":14.0,"enemies":"Small Slimes","floor":1.0,"turns":6.0},{"damage":0.0,"enemies":"2 Louse","floor":3.0,"turns":3.0},{"damage":49.0,"enemies":"Lagavulin","floor":6.0,"turns":8.0},{"damage":4.0,"enemies":"Jaw Worm","floor":7.0,"turns":4.0},{"damage":6.0,"enemies":"Gremlin Nob","floor":10.0,"turns":3.0},{"damage":6.0,"enemies":"2 Fungi Beasts","floor":11.0,"turns":5.0},{"damage":20.0,"enemies":"3 Sentries","floor":12.0,"turns":14.0},{"damage":7.0,"enemies":"Red Slaver","floor":14.0,"turns":4.0},{"damage":27.0,"enemies":"Slime Boss","floor":16.0,"turns":9.0},{"damage":21.0,"enemies":"Spheric Guardian","floor":18.0,"turns":6.0},{"damage":28.0,"enemies":"2 Thieves","floor":19.0,"turns":4.0},{"damage":26.0,"enemies":"Book of Stabbing","floor":23.0,"turns":4.0},{"damage":24.0,"enemies":"Gremlin Leader","floor":30.0,"turns":5.0},{"damage":41.0,"enemies":"Shelled Parasite and Fungi","floor":31.0,"turns":5.0},{"damage":95.0,"enemies":"Automaton","floor":33.0,"turns":9.0},{"damage":10.0,"enemies":"3 Shapes","floor":35.0,"turns":4.0},{"damage":0.0,"enemies":"Orb Walker","floor":38.0,"turns":2.0},{"damage":30.0,"enemies":"Transient","floor":39.0,"turns":6.0},{"damage":19.0,"enemies":"Nemesis","floor":41.0,"turns":7.0},{"damage":1.0,"enemies":"Giant Head","floor":44.0,"turns":6.0},{"damage":6.0,"enemies":"4 Shapes","floor":46.0,"turns":7.0},{"damage":19.0,"enemies":"Sphere and 2 Shapes","floor":47.0,"turns":5.0},{"damage":87,"enemies":"Awakened One","floor":50,"turns":6},{"damage":55,"enemies":"Time Eater","floor":51,"turns":6}],"seed_played":"5714466008774684161","potions_obtained":[{"floor":3.0,"key":"GamblersBrew"},{"floor":6.0,"key":"Fruit Juice"},{"floor":7.0,"key":"Fire Potion"},{"floor":16.0,"key":"GamblersBrew"},{"floor":18.0,"key":"Fruit Juice"},{"floor":19.0,"key":"Fire Potion"},{"floor":33.0,"key":"Block Potion"}],"is_trial":false,"path_per_floor":["M","$","M","?","?","E","M","R","T","E","M","E","R","M","R","B",null,"M","M","$","?","?","E","$","?","T","R","T","R","E","M","R","B",null,"M","?","?","M","M","R","E","R","T","E","$","M","M","$","R","B","B"],"character_chosen":"IRONCLAD","items_purchased":["Sword Boomerang","Inflame","Headbutt","Shrug It Off","Regal Pillow","Dark Embrace+1","Whetstone"],"campfire_rested":3,"item_purchase_floors":[2,2,20,20,24,45,48],"current_hp_per_floor":[60,60,66,66,61,18,27,51,51,51,51,37,37,38,38,17,67,54,48,48,48,48,30,30,30,30,73,73,73,72,57,57,13,76,83,83,83,89,73,73,67,67,67,72,72,105,94,94,107,54,0],"gold":20,"neow_bonus":"HUNDRED_GOLD","is_prod":false,"is_daily":false,"chose_seed":false,"campfire_upgraded":6,"win_rate":0,"timestamp":1542123058,"path_taken":["M","$","M","?","?","E","M","R","T","E","M","E","R","M","R","BOSS","M","M","$","?","?","E","$","?","T","R","?","R","E","M","R","BOSS","M","?","?","M","?","R","E","R","T","E","$","M","?","?","R","BOSS","BOSS"],"build_version":"2018-11-08","purchased_purges":3,"victory":false,"max_hp_per_floor":[75,75,75,75,75,75,82,82,82,82,82,82,82,84,84,84,84,86,93,93,93,93,95,95,95,95,95,95,95,97,97,97,97,97,99,99,99,99,101,101,103,103,103,103,103,105,107,107,107,107,107],"card_choices":[{"not_picked":["Sword Boomerang","Thunderclap"],"picked":"True Grit","floor":1.0},{"not_picked":["Burning Pact","Flex"],"picked":"Clothesline","floor":3.0},{"not_picked":["Warcry","Whirlwind"],"picked":"Fiend Fire","floor":6.0},{"not_picked":["Twin Strike","Infernal Blade","Dual Wield"],"picked":"Singing Bowl","floor":7.0},{"not_picked":["Twin Strike","Thunderclap"],"picked":"Armaments","floor":10.0},{"not_picked":["Wild Strike","Clothesline"],"picked":"Feel No Pain","floor":11.0},{"not_picked":["Whirlwind","Dual Wield"],"picked":"Limit Break","floor":12.0},{"not_picked":["Pommel Strike","Anger","Heavy Blade"],"picked":"Singing Bowl","floor":14.0},{"not_picked":["Dark Embrace","Juggernaut"],"picked":"Reaper","floor":16.0},{"not_picked":["Clothesline","Havoc","Perfected Strike"],"picked":"Singing Bowl","floor":18.0},{"not_picked":["Cleave","Iron Wave","Barricade"],"picked":"Singing Bowl","floor":19.0},{"not_picked":["Sever Soul","Armaments","Seeing Red"],"picked":"Singing Bowl","floor":23.0},{"not_picked":["Spot Weakness","Exhume","Clash+1"],"picked":"Singing Bowl","floor":30.0},{"not_picked":["Headbutt+1","Wild Strike"],"picked":"True Grit+1","floor":31.0},{"not_picked":["Anger","Iron Wave"],"picked":"Uppercut","floor":31.0},{"not_picked":["Offering","Juggernaut+1"],"picked":"Limit Break","floor":33.0},{"not_picked":["Flex","Power Through","Metallicize+1"],"picked":"Singing Bowl","floor":35.0},{"not_picked":["Reckless Charge+1","Armaments"],"picked":"Sword Boomerang+1","floor":35.0},{"not_picked":["Clash","Thunderclap"],"picked":"Feel No Pain+1","floor":38.0},{"not_picked":["Thunderclap","Entrench"],"picked":"Shrug It Off","floor":38.0},{"not_picked":["Perfected Strike+1","Combust+1","Havoc"],"picked":"Singing Bowl","floor":39.0},{"not_picked":["Bloodletting","Rampage"],"picked":"Shrug It Off","floor":39.0},{"not_picked":["Hemokinesis","Iron Wave","Perfected Strike+1"],"picked":"Singing Bowl","floor":41.0},{"not_picked":["Sentinel","Infernal Blade"],"picked":"Headbutt","floor":44.0},{"not_picked":["Headbutt","Twin Strike","Bludgeon"],"picked":"Singing Bowl","floor":46.0},{"not_picked":["Heavy Blade","Iron Wave"],"picked":"Pummel+1","floor":46.0},{"not_picked":["Rampage+1","Armaments+1"],"picked":"Heavy Blade+1","floor":47.0},{"not_picked":["Sword Boomerang","Searing Blow+1","Armaments"],"picked":"Singing Bowl","floor":47.0}],"player_experience":1691316,"relics_obtained":[{"floor":6.0,"key":"Singing Bowl"},{"floor":9.0,"key":"Paper Frog"},{"floor":9.0,"key":"Shuriken"},{"floor":10.0,"key":"Bottled Flame"},{"floor":12.0,"key":"Vajra"},{"floor":23.0,"key":"Prayer Wheel"},{"floor":26.0,"key":"Lantern"},{"floor":26.0,"key":"Smiling Mask"},{"floor":28.0,"key":"Frozen Egg 2"},{"floor":30.0,"key":"Mummified Hand"},{"floor":41.0,"key":"Orichalcum"},{"floor":43.0,"key":"Sundial"},{"floor":44.0,"key":"Letter Opener"}],"event_choices":[{"damage_healed":0.0,"max_hp_gain":0.0,"max_hp_loss":0.0,"gold_gain":150.0,"event_name":"Liars Game","player_choice":"AGREE","floor":4.0,"gold_loss":0.0,"damage_taken":0.0,"cards_obtained":["Doubt"]},{"damage_healed":0.0,"max_hp_gain":0.0,"max_hp_loss":0.0,"gold_gain":0.0,"event_name":"Scrap Ooze","player_choice":"Success","floor":5.0,"gold_loss":0.0,"damage_taken":5.0,"relics_obtained":["Matryoshka"]},{"damage_healed":0.0,"max_hp_gain":0.0,"max_hp_loss":0.0,"gold_gain":0.0,"event_name":"Addict","player_choice":"Obtained Relic","floor":21.0,"gold_loss":85.0,"damage_taken":0.0,"relics_obtained":["Thread and Needle"]},{"cards_removed":["Strike_R"],"damage_healed":0.0,"max_hp_gain":0.0,"max_hp_loss":0.0,"gold_gain":0.0,"event_name":"Beggar","player_choice":"Gave Gold","floor":22.0,"gold_loss":75.0,"damage_taken":0.0},{"damage_healed":0.0,"max_hp_gain":0.0,"max_hp_loss":0.0,"gold_gain":0.0,"event_name":"Forgotten Altar","player_choice":"Smashed Altar","floor":25.0,"gold_loss":0.0,"damage_taken":0.0,"cards_obtained":["Decay"]},{"damage_healed":0.0,"max_hp_gain":0.0,"max_hp_loss":0.0,"gold_gain":0.0,"event_name":"Mysterious Sphere","player_choice":"Ignored","floor":36.0,"gold_loss":0.0,"damage_taken":0.0},{"cards_removed":["Decay","Doubt"],"damage_healed":0.0,"max_hp_gain":0.0,"max_hp_loss":0.0,"gold_gain":0.0,"event_name":"Fountain of Cleansing","player_choice":"Removed Curses","floor":37.0,"gold_loss":0.0,"damage_taken":0.0}],"is_beta":false,"boss_relics":[{"not_picked":["Astrolabe","Ectoplasm"],"picked":"Velvet Choker"},{"not_picked":["Runic Pyramid","Mark of Pain"],"picked":"Sozu"}],"items_purged_floors":[20,45,48],"is_endless":false,"potions_floor_spawned":[3,6,7,16,18,19,33,41,44,47],"killed_by":"Time Eater","ascension_level":20}