{"gold_per_floor":[117,130,156,156,71,101,101,101,124,124,159,175,242,392,392,466,466,476,537,587,599,599],"floor_reached":22,"playtime":932,"items_purged":[],"score":427,"play_id":"9fab73ac-31dc-452c-9026-2f6ea4457a34","local_time":"20190213014806","is_ascension_mode":true,"campfire_choices":[{"data":"Noxious Fumes","floor":7.0,"key":"SMITH"},{"data":"Dagger Spray","floor":10.0,"key":"SMITH"},{"data":"Blur","floor":15.0,"key":"SMITH"}],"neow_cost":"NONE","seed_source_timestamp":17955106333400,"circlet_count":0,"master_deck":["AscendersBane","Defend_G+1","Defend_G","Defend_G","Defend_G","Strike_G","Strike_G+1","Strike_G","Strike_G","Survivor","Neutralize+1","Cloak And Dagger+1","Dagger Spray+1","Blur+1","Noxious Fumes+1","Catalyst","Escape Plan","PiercingWail","Envenom","Noxious Fumes","Leg Sweep+1","Blur"],"special_seed":0,"relics":["Ring of the Snake","NeowsBlessing","Anchor","Whetstone","SsserpentHead","War Paint","Centennial Puzzle","Empty Cage"],"potions_floor_usage":[22],"damage_taken":[{"damage":0.0,"enemies":"Cultist","floor":1.0,"turns":1.0},{"damage":0.0,"enemies":"Small Slimes","floor":2.0,"turns":1.0},{"damage":0.0,"enemies":"Gremlin Nob","floor":6.0,"turns":1.0},{"damage":9.0,"enemies":"3 Sentries","floor":11.0,"turns":6.0},{"damage":0.0,"enemies":"2 Louse","floor":12.0,"turns":2.0},{"damage":0.0,"enemies":"Lots of Slimes","floor":13.0,"turns":1.0},{"damage":27.0,"enemies":"The Guardian","floor":16.0,"turns":11.0},{"damage":6.0,"enemies":"Chosen","floor":18.0,"turns":4.0},{"damage":3.0,"enemies":"Shell Parasite","floor":19.0,"turns":7.0},{"damage":21,"enemies":"Snake Plant","floor":21,"turns":7},{"damage":18,"enemies":"Sentry and Sphere","floor":22,"turns":5}],"seed_played":"7947121578286647568","potions_obtained":[{"floor":6.0,"key":"Energy Potion"},{"floor":11.0,"key":"FairyPotion"},{"floor":12.0,"key":"Explosive Potion"},{"floor":19.0,"key":"SkillPotion"},{"floor":21,"key":"Block Potion"}],"is_trial":false,"path_per_floor":["T","?","?","M","?","M","?"],"character_chosen":"THE_SILENT","items_purchased":["Blur"],"campfire_rested":0,"item_purchase_floors":[5],"current_hp_per_floor":[59,59,59,59,59,59,59,59,59,59,50,50,50,50,50,23,55,49,46,46,25,7],"gold":599,"neow_bonus":"THREE_ENEMY_KILL","is_prod":false,"is_daily":false,"chose_seed":false,"campfire_upgraded":3,"win_rate":0,"timestamp":1549990086,"path_taken":["M","M","?","?","$","E","R","?","T","R","E","M","?","?","R","BOSS","M","?","?","M","M"],"build_version":"2019-01-23","purchased_purges":0,"victory":false,"max_hp_per_floor":[66,66,66,66,66,66,66,66,66,66,66,66,66,66,66,66,66,66,66,66,66,66],"card_choices":[{"not_picked":["Flechettes","Masterful Stab"],"picked":"Cloak And Dagger","floor":1.0},{"not_picked":["Crippling Poison","Outmaneuver"],"picked":"Dagger Spray","floor":2.0},{"not_picked":["Dodge and Roll","Catalyst"],"picked":"Noxious Fumes","floor":6.0},{"not_picked":["Flying Knee","Bouncing Flask"],"picked":"Catalyst","floor":11.0},{"not_picked":["Well Laid Plans","Quick Slash"],"picked":"Escape Plan","floor":12.0},{"not_picked":["Expertise","Acrobatics"],"picked":"PiercingWail","floor":13.0},{"not_picked":["Venomology","Die Die Die"],"picked":"Envenom","floor":16.0},{"not_picked":["Dagger Spray+1","Prepared+1"],"picked":"Noxious Fumes","floor":18.0},{"not_picked":["PiercingWail","Blade Dance+1"],"picked":"Leg Sweep+1","floor":19.0},{"not_picked":["All Out Attack","Bouncing Flask+1"],"picked":"Blur","floor":21}],"player_experience":373945,"relics_obtained":[{"floor":3.0,"key":"Anchor"},{"floor":6.0,"key":"Whetstone"},{"floor":9.0,"key":"War Paint"},{"floor":11.0,"key":"Centennial Puzzle"}],"event_choices":[{"damage_healed":0.0,"max_hp_gain":0.0,"max_hp_loss":0.0,"gold_gain":0.0,"event_name":"Liars Game","player_choice":"Ignored","floor":4.0,"gold_loss":0.0,"damage_taken":0.0},{"damage_healed":0.0,"max_hp_gain":0.0,"max_hp_loss":0.0,"gold_gain":0.0,"event_name":"FaceTrader","player_choice":"Trade","floor":8.0,"gold_loss":0.0,"damage_taken":0.0,"relics_obtained":["SsserpentHead"]},{"damage_healed":0.0,"max_hp_gain":0.0,"max_hp_loss":0.0,"gold_gain":100.0,"event_name":"Wheel of Change","player_choice":"Gold","floor":14.0,"gold_loss":0.0,"damage_taken":0.0},{"damage_healed":0,"gold_gain":0,"player_choice":"Ignored","damage_taken":0,"max_hp_gain":0,"max_hp_loss":0,"event_name":"Cursed Tome","floor":20,"gold_loss":0}],"is_beta":false,"boss_relics":[{"not_picked":["Tiny House","Runic Dome"],"picked":"Empty Cage"}],"items_purged_floors":[],"is_endless":false,"potions_floor_spawned":[6,11,12,19,21],"killed_by":"Sentry and Sphere","ascension_level":19}