{"gold_per_floor":[112,125,145,160,172,201,201,232,259,269,280,280,290,29,29,125,125,143,37,37,53,53,53,65,91,145,145,44,76,94,105,105,200,200,211,211,9,9,24,52,69,85,135,135,160,178,191,0,0,0],"floor_reached":51,"playtime":4605,"items_purged":[],"score":813,"play_id":"17e3f60d-de27-49ad-a6cf-27e9e5fcd27f","local_time":"20190128011657","is_ascension_mode":false,"campfire_choices":[{"data":"Double Tap","floor":7,"key":"SMITH"},{"data":"Demon Form","floor":15,"key":"SMITH"},{"data":"Barricade","floor":23,"key":"SMITH"},{"data":"Twin Strike","floor":27,"key":"SMITH"},{"floor":32,"key":"REST"},{"data":"Body Slam","floor":44,"key":"SMITH"},{"floor":49,"key":"REST"}],"neow_cost":"NONE","seed_source_timestamp":358170312819553,"circlet_count":0,"master_deck":["Strike_R+1","Strike_R","Strike_R","Strike_R","Strike_R","Defend_R","Defend_R+1","Defend_R","Defend_R+1","Bash","Reckless Charge","Inflame+1","Double Tap+1","Perfected Strike","Anger","Twin Strike+1","Demon Form+1","Rupture","Iron Wave","Clothesline","Barricade+1","Rage+1","Power Through+1","Flame Barrier+1","Shrug It Off+1","Entrench+1","Anger+1","Fire Breathing","Pommel Strike","Carnage","Body Slam+1","Shrug It Off+1","Impervious+1","Perfected Strike","Feel No Pain","Shrug It Off+1","Impervious+1","Carnage+1","Entrench+1"],"relics":["Burning Blood","StoneCalendar","Charon\u0027s Ashes","PreservedInsect","Toxic Egg 2","Sozu","Boot","Juzu Bracelet","War Paint","Bronze Scales","Runic Pyramid","Medical Kit","Matryoshka","Mercury Hourglass","Oddly Smooth Stone","Happy Flower","Red Mask"],"potions_floor_usage":[8],"damage_taken":[{"damage":1,"enemies":"Cultist","floor":1,"turns":3},{"damage":5,"enemies":"Jaw Worm","floor":2,"turns":4},{"damage":8,"enemies":"2 Louse","floor":3,"turns":3},{"damage":13,"enemies":"Large Slime","floor":4,"turns":7},{"damage":16,"enemies":"Lots of Slimes","floor":5,"turns":5},{"damage":40,"enemies":"Lagavulin","floor":6,"turns":6},{"damage":3,"enemies":"Gremlin Nob","floor":8,"turns":3},{"damage":0,"enemies":"Looter","floor":10,"turns":2},{"damage":12,"enemies":"Large Slime","floor":11,"turns":4},{"damage":9,"enemies":"2 Fungi Beasts","floor":13,"turns":4},{"damage":10,"enemies":"Hexaghost","floor":16,"turns":8},{"damage":42,"enemies":"3 Byrds","floor":18,"turns":6},{"damage":5,"enemies":"Chosen","floor":21,"turns":7},{"damage":2,"enemies":"3 Cultists","floor":24,"turns":4},{"damage":13,"enemies":"Gremlin Leader","floor":25,"turns":7},{"damage":13,"enemies":"Book of Stabbing","floor":29,"turns":5},{"damage":17,"enemies":"Snake Plant","floor":30,"turns":5},{"damage":7,"enemies":"Cultist and Chosen","floor":31,"turns":4},{"damage":0,"enemies":"Champ","floor":33,"turns":9},{"damage":3,"enemies":"3 Shapes","floor":35,"turns":5},{"damage":19,"enemies":"3 Darklings","floor":39,"turns":7},{"damage":35,"enemies":"Reptomancer","floor":40,"turns":6},{"damage":7,"enemies":"Maw","floor":41,"turns":8},{"damage":7,"enemies":"Sphere and 2 Shapes","floor":42,"turns":7},{"damage":18,"enemies":"Nemesis","floor":45,"turns":7},{"damage":7,"enemies":"Spire Growth","floor":46,"turns":3},{"damage":4,"enemies":"Maw","floor":47,"turns":7},{"damage":45,"enemies":"Awakened One","floor":50,"turns":18}],"seed_played":"5104662432001266204","potions_obtained":[{"floor":2,"key":"GamblersBrew"},{"floor":3,"key":"SmokeBomb"},{"floor":6,"key":"Strength Potion"},{"floor":16,"key":"Swift Potion"}],"is_trial":false,"path_per_floor":["M","M","M","M","M","E","R","E","T","M","M","?","M","$","R","B",null,"M","$","?","M","?","R","M","E","T","R","$","E","M","M","R","B",null,"M","?","$","?","M","E","M","M","T","R","E","M","M","?","R","B",null],"character_chosen":"IRONCLAD","items_purchased":["Toxic Egg 2","Power Through+1","Flame Barrier+1","Fire Breathing","Pommel Strike","Medical Kit"],"campfire_rested":2,"item_purchase_floors":[14,19,19,28,28,37],"current_hp_per_floor":[88,88,86,79,69,35,35,38,38,44,38,20,17,17,17,13,88,52,52,35,36,36,36,40,33,33,33,33,26,15,14,41,47,93,93,93,93,93,80,51,50,49,49,49,37,36,38,38,65,26],"gold":0,"neow_bonus":"TEN_PERCENT_HP_BONUS","is_prod":false,"is_daily":false,"chose_seed":false,"campfire_upgraded":5,"win_rate":0.0,"timestamp":1548634617,"path_taken":["M","M","M","M","M","E","R","E","T","M","M","?","M","$","R","BOSS","M","$","?","M","?","R","M","E","T","R","$","E","M","M","R","BOSS","M","?","$","?","M","E","M","M","T","R","E","M","M","?","R","BOSS"],"build_version":"2019-01-23","purchased_purges":0,"victory":true,"max_hp_per_floor":[88,88,88,88,88,88,88,88,88,88,88,88,88,88,88,88,88,88,88,93,93,93,93,93,93,93,93,93,93,93,93,93,93,93,93,93,93,93,93,93,93,93,93,93,93,93,93,93,93,93],"card_choices":[{"not_picked":["Clash","Body Slam"],"picked":"Reckless Charge","floor":1},{"not_picked":["Shrug It Off","Twin Strike"],"picked":"Inflame","floor":2},{"not_picked":["Burning Pact","Cleave"],"picked":"Double Tap","floor":3},{"not_picked":["Intimidate","Pommel Strike"],"picked":"Perfected Strike","floor":4},{"not_picked":["Pommel Strike","Dual Wield"],"picked":"Anger","floor":5},{"not_picked":["Pommel Strike","True Grit"],"picked":"Twin Strike","floor":6},{"not_picked":["Bloodletting","Intimidate"],"picked":"Demon Form","floor":8},{"not_picked":["Warcry","Flex"],"picked":"Rupture","floor":10},{"not_picked":["Headbutt","Twin Strike"],"picked":"Iron Wave","floor":11},{"not_picked":["Infernal Blade","Corruption"],"picked":"Clothesline","floor":13},{"not_picked":["Offering+1","Juggernaut"],"picked":"Barricade","floor":16},{"not_picked":["Fire Breathing","Rupture+1"],"picked":"Rage+1","floor":18},{"not_picked":["Sever Soul","Flame Barrier+1"],"picked":"Shrug It Off+1","floor":21},{"not_picked":["Perfected Strike","Clothesline"],"picked":"Entrench+1","floor":24},{"not_picked":["Warcry+1","Thunderclap+1"],"picked":"Anger+1","floor":25},{"not_picked":["Rampage","Flex+1"],"picked":"Carnage","floor":29},{"not_picked":["Clothesline","Rage+1"],"picked":"Body Slam","floor":30},{"not_picked":["Headbutt","Warcry+1"],"picked":"Shrug It Off+1","floor":31},{"not_picked":["Demon Form","Fiend Fire"],"picked":"Impervious+1","floor":33},{"not_picked":["True Grit+1","Thunderclap"],"picked":"Cleave","floor":35},{"not_picked":["Flex+1","True Grit+1"],"picked":"Perfected Strike","floor":39},{"not_picked":["Battle Trance+1","Clothesline"],"picked":"Feel No Pain","floor":40},{"not_picked":["Thunderclap+1","Armaments+1"],"picked":"Shrug It Off+1","floor":41},{"not_picked":["Inflame","Warcry+1"],"picked":"Impervious+1","floor":42},{"not_picked":["Clothesline+1","True Grit+1","Disarm+1"],"picked":"SKIP","floor":45},{"not_picked":["Pommel Strike","Flex+1"],"picked":"Carnage+1","floor":46},{"not_picked":["Clothesline","Rage+1"],"picked":"Entrench+1","floor":47}],"player_experience":3028,"relics_obtained":[{"floor":6,"key":"StoneCalendar"},{"floor":8,"key":"Charon\u0027s Ashes"},{"floor":9,"key":"PreservedInsect"},{"floor":25,"key":"Juzu Bracelet"},{"floor":26,"key":"War Paint"},{"floor":29,"key":"Bronze Scales"},{"floor":40,"key":"Matryoshka"},{"floor":43,"key":"Mercury Hourglass"},{"floor":43,"key":"Oddly Smooth Stone"},{"floor":45,"key":"Happy Flower"}],"event_choices":[{"damage_healed":0,"gold_gain":0,"player_choice":"Entered Light","damage_taken":18,"max_hp_gain":0,"max_hp_loss":0,"event_name":"Shining Light","floor":12,"gold_loss":0,"cards_upgraded":["Inflame","Strike_R"]},{"damage_healed":0,"gold_gain":0,"player_choice":"Shed Blood","damage_taken":22,"max_hp_gain":5,"max_hp_loss":0,"event_name":"Forgotten Altar","floor":20,"gold_loss":0},{"damage_healed":0,"gold_gain":0,"player_choice":"Opened","damage_taken":0,"relics_obtained":["Boot"],"max_hp_gain":0,"max_hp_loss":0,"event_name":"The Mausoleum","floor":22,"gold_loss":0},{"damage_healed":0,"gold_gain":0,"player_choice":"Bought 0 Potions","damage_taken":0,"max_hp_gain":0,"max_hp_loss":0,"event_name":"The Woman in Blue","floor":36,"gold_loss":0},{"cards_removed":["Cleave"],"damage_healed":0,"gold_gain":0,"player_choice":"Removed Attack","damage_taken":0,"max_hp_gain":0,"max_hp_loss":0,"event_name":"Falling","floor":38,"gold_loss":0},{"damage_healed":0,"gold_gain":0,"player_choice":"Paid","damage_taken":0,"relics_obtained":["Red Mask"],"max_hp_gain":0,"max_hp_loss":0,"event_name":"Tomb of Lord Red Mask","floor":48,"gold_loss":191}],"is_beta":false,"boss_relics":[{"not_picked":["Empty Cage","Calling Bell"],"picked":"Sozu"},{"not_picked":["White Beast Statue","Cursed Key"],"picked":"Runic Pyramid"}],"items_purged_floors":[],"is_endless":false,"potions_floor_spawned":[2,3,6,16,18,30,33,35,45,47],"ascension_level":0}