{"gold_per_floor":[114,189,189,189,205,205,205,223,249,424,449,161,161,171,171,171],"floor_reached":16,"playtime":562,"items_purged":[],"score":108,"play_id":"140c03b7-7608-4214-8311-1959d7395faf","local_time":"20190131181659","is_ascension_mode":true,"campfire_choices":[{"data":"Wild Strike","floor":6,"key":"SMITH"},{"data":"Thunderclap","floor":13,"key":"SMITH"},{"data":"Flex","floor":15,"key":"SMITH"}],"neow_cost":"NONE","seed_source_timestamp":2638111435302,"circlet_count":0,"master_deck":["Strike_R","Strike_R","Strike_R","Strike_R","Defend_R","Defend_R","Defend_R","Defend_R","Bash","Wild Strike+1","Thunderclap+1","Clash","Doubt","Flex+1","Sword Boomerang","Twin Strike"],"relics":["Burning Blood","Happy Flower","Bottled Flame","Vajra","Pen Nib","Frozen Egg 2"],"potions_floor_usage":[11],"damage_taken":[{"damage":3,"enemies":"Jaw Worm","floor":1,"turns":5},{"damage":10,"enemies":"Small Slimes","floor":5,"turns":3},{"damage":0,"enemies":"2 Louse","floor":8,"turns":2},{"damage":21,"enemies":"Lagavulin","floor":11,"turns":4},{"damage":0,"enemies":"Exordium Wildlife","floor":14,"turns":3},{"damage":72,"enemies":"The Guardian","floor":16,"turns":8}],"seed_played":"5940011151397193771","potions_obtained":[{"floor":5,"key":"Poison Potion"},{"floor":11,"key":"FairyPotion"}],"is_trial":false,"path_per_floor":["M","?","?","?","M","R","T","M","T","?","E","$","R","M","R","B"],"character_chosen":"IRONCLAD","items_purchased":["Frozen Egg 2","Sword Boomerang"],"campfire_rested":0,"item_purchase_floors":[12,12],"current_hp_per_floor":[88,77,74,67,63,63,63,69,69,69,54,54,54,60,60,0],"gold":171,"neow_bonus":"TEN_PERCENT_HP_BONUS","is_prod":false,"is_daily":false,"chose_seed":false,"campfire_upgraded":3,"win_rate":0,"timestamp":1548955019,"path_taken":["M","?","?","?","M","R","?","?","T","?","E","$","R","M","R","BOSS"],"build_version":"2019-01-23","purchased_purges":0,"victory":false,"max_hp_per_floor":[88,88,88,88,88,88,88,88,88,88,88,88,88,88,88,88],"card_choices":[{"not_picked":["Havoc","Feel No Pain"],"picked":"Wild Strike","floor":1},{"not_picked":["Armaments","Headbutt"],"picked":"Thunderclap","floor":5},{"not_picked":["Warcry","Combust"],"picked":"Clash","floor":8},{"not_picked":["True Grit","Inflame"],"picked":"Flex","floor":11},{"not_picked":["Whirlwind","Body Slam"],"picked":"Twin Strike","floor":14}],"player_experience":37299,"relics_obtained":[{"floor":7,"key":"Bottled Flame"},{"floor":9,"key":"Vajra"},{"floor":11,"key":"Pen Nib"}],"event_choices":[{"damage_healed":0,"gold_gain":75,"player_choice":"Gather Gold","damage_taken":11,"max_hp_gain":0,"max_hp_loss":0,"event_name":"World of Goop","floor":2,"gold_loss":0},{"damage_healed":0,"gold_gain":0,"player_choice":"Success","damage_taken":3,"relics_obtained":["Happy Flower"],"max_hp_gain":0,"max_hp_loss":0,"event_name":"Scrap Ooze","floor":3,"gold_loss":0},{"cards_removed":["Strike_R"],"damage_healed":0,"gold_gain":0,"player_choice":"Card Removal","damage_taken":7,"max_hp_gain":0,"max_hp_loss":0,"event_name":"Golden Wing","floor":4,"gold_loss":0},{"damage_healed":0,"gold_gain":175,"player_choice":"AGREE","damage_taken":0,"max_hp_gain":0,"max_hp_loss":0,"event_name":"Liars Game","floor":10,"gold_loss":0,"cards_obtained":["Doubt"]}],"is_beta":false,"boss_relics":[],"items_purged_floors":[],"is_endless":false,"potions_floor_spawned":[5,11],"killed_by":"The Guardian","ascension_level":2}