{"path_per_floor":["M","?","$","M","M","R","E","?","T","?","R","M","M","?","R","B",null,"M","$","?","M","$","R"],"character_chosen":"IRONCLAD","items_purchased":["Flex","Meat on the Bone"],"gold_per_floor":[117,117,64,74,88,88,118,118,143,221,221,240,254,254,254,358,358,373,114,114,125,50,50],"floor_reached":24,"campfire_rested":1,"playtime":716,"current_hp_per_floor":[72,72,72,78,80,80,62,62,62,62,62,60,36,20,44,9,80,56,56,80,51,51,51],"items_purged":["Strike_R"],"gold":50,"score":213,"play_id":"da9f0e96-08e8-4f44-a9ff-0bf3f027f801","is_prod":false,"is_daily":false,"is_ascension_mode":true,"campfire_upgraded":3,"path_taken":["M","?","$","M","M","R","E","?","T","?","R","M","M","?","R","BOSS","M","$","?","M","$","R","E"],"build_version":"2018-02-22-PROD2","purchased_purges":1,"victory":false,"master_deck":["Strike_R","Strike_R","Strike_R","Defend_R+1","Defend_R","Defend_R","Defend_R","Bash","Blood for Blood","Flex","Flex+1","Heavy Blade+1","Purity+1","Reaper","Cleave","Inflame","Heavy Blade+1","Double Tap+1"],"max_hp_per_floor":[80,80,80,80,80,80,80,80,80,80,80,80,80,80,80,80,80,80,80,80,80,80,80],"relics":["Burning Blood","Mummified Hand","Ancient Tea Set","Orrery","Meat on the Bone"],"card_choices":[{"not_picked":["Sword Boomerang","Clash"],"picked":"Flex"},{"not_picked":["Juggernaut","Iron Wave"],"picked":"Heavy Blade"},{"not_picked":["Demon Form","Dark Embrace"],"picked":"Reaper"},{"not_picked":["Feel No Pain","Twin Strike"],"picked":"Cleave"},{"not_picked":["Intimidate","True Grit"],"picked":"Inflame"},{"not_picked":["Wild Strike","Thunderclap"],"picked":"Heavy Blade"},{"not_picked":["Rage","Corruption"],"picked":"Double Tap"}],"player_experience":142001,"potions_floor_usage":[13,16],"damage_taken":[{"damage":14,"enemies":"Jaw Worm","floor":1,"turns":5},{"damage":0,"enemies":"Cultist","floor":4,"turns":2},{"damage":3,"enemies":"Small Slimes","floor":5,"turns":4},{"damage":24,"enemies":"Gremlin Nob","floor":7,"turns":4},{"damage":8,"enemies":"Blue Slaver","floor":12,"turns":3},{"damage":30,"enemies":"Exordium Thugs","floor":13,"turns":4},{"damage":41,"enemies":"Slime Boss","floor":16,"turns":9},{"damage":44,"enemies":"2 Thieves","floor":18,"turns":5},{"damage":35,"enemies":"Shell Parasite","floor":21,"turns":4},{"damage":66,"enemies":"Gremlin Leader","floor":24,"turns":3}],"event_choices":[{"event_name":"Transmorgrifier","player_choice":"Transform","floor":2,"damage_taken":0},{"event_name":"Match and Keep!","player_choice":"1 cards matched","floor":8,"damage_taken":0},{"event_name":"Golden Wing","player_choice":"Gained Gold","floor":10,"damage_taken":0},{"event_name":"Shining Light","player_choice":"Entered Light","floor":14,"damage_taken":0},{"event_name":"The Library","player_choice":"Heal","floor":20,"damage_taken":0}],"boss_relics":[{"not_picked":["Astrolabe","Question Card"],"picked":"Orrery"}],"potions_floor_spawned":[1,13],"seed_played":"4934768336124922701","killed_by":"Gremlin Leader","ascension_level":2,"is_trial":false}