{"gold_per_floor":[116,47,64,84,34,52,77,77,102,120,155,155,155,170,170,265,265,278,278,45,45,62,62,76,76,121,121,134,160,35,53,53,151,151,162,176,176,194,194,194,205,205,205,66,66,78,29,59,59,59],"floor_reached":51,"playtime":4744,"items_purged":["Defend_G","Doubt"],"score":1091,"play_id":"97053a5d-e942-4d15-a240-986398cf0086","local_time":"20190208224135","is_ascension_mode":true,"campfire_choices":[{"data":"Flechettes","floor":8.0,"key":"SMITH"},{"floor":13.0,"key":"REST"},{"floor":15.0,"key":"REST"},{"data":"Burst","floor":23.0,"key":"SMITH"},{"data":"Tools of the Trade","floor":25.0,"key":"SMITH"},{"data":"Quick Slash","floor":27.0,"key":"SMITH"},{"data":"Cloak And Dagger","floor":32,"key":"SMITH"},{"data":"Cloak And Dagger","floor":40,"key":"SMITH"},{"data":"Accuracy","floor":49,"key":"SMITH"}],"neow_cost":"NONE","seed_source_timestamp":5889792657400,"circlet_count":0,"master_deck":["AscendersBane","Defend_G","Defend_G","Defend_G","Strike_G","Strike_G","Survivor","Neutralize","Quick Slash+1","Tools of the Trade+1","Backflip","All Out Attack","Flechettes+1","Leg Sweep","Blur","Burst+1","Dagger Throw","Dash+1","Venomology","Setup","Blur","Sucker Punch+1","Footwork+1","Backflip","Cloak And Dagger+1","Cloak And Dagger+1","Adrenaline","PiercingWail","Backflip+1","Leg Sweep","Accuracy+1","Heel Hook","Acrobatics","Cloak And Dagger"],"special_seed":0,"relics":["Ring of the Snake","Dream Catcher","Ancient Tea Set","Art of War","Snake Skull","Coffee Dripper","Paper Crane","Blood Vial","Whetstone","Centennial Puzzle","White Beast Statue","Meat on the Bone","Regal Pillow"],"potions_floor_usage":[33,35,35,36,38,38,38,46,46,48,48,50,50,50],"damage_taken":[{"damage":2.0,"enemies":"2 Louse","floor":1.0,"turns":4.0},{"damage":0.0,"enemies":"Small Slimes","floor":3.0,"turns":4.0},{"damage":1.0,"enemies":"Jaw Worm","floor":4.0,"turns":6.0},{"damage":0.0,"enemies":"Large Slime","floor":6.0,"turns":5.0},{"damage":14.0,"enemies":"Gremlin Nob","floor":7.0,"turns":4.0},{"damage":9.0,"enemies":"Red Slaver","floor":10.0,"turns":4.0},{"damage":18.0,"enemies":"3 Sentries","floor":11.0,"turns":10.0},{"damage":7.0,"enemies":"Exordium Thugs","floor":14.0,"turns":3.0},{"damage":27.0,"enemies":"The Guardian","floor":16.0,"turns":17.0},{"damage":0.0,"enemies":"Shell Parasite","floor":18.0,"turns":9.0},{"damage":27.0,"enemies":"Spheric Guardian","floor":22.0,"turns":9.0},{"damage":10.0,"enemies":"Chosen and Byrds","floor":24.0,"turns":10.0},{"damage":2.0,"enemies":"Snecko","floor":28.0,"turns":6.0},{"damage":1.0,"enemies":"Book of Stabbing","floor":29.0,"turns":8.0},{"damage":0,"enemies":"3 Cultists","floor":31,"turns":6},{"damage":19,"enemies":"Champ","floor":33,"turns":22},{"damage":15,"enemies":"3 Darklings","floor":35,"turns":7},{"damage":0,"enemies":"Orb Walker","floor":36,"turns":6},{"damage":25,"enemies":"Transient","floor":38,"turns":5},{"damage":3,"enemies":"Maw","floor":41,"turns":13},{"damage":1,"enemies":"3 Darklings","floor":46,"turns":9},{"damage":11,"enemies":"Reptomancer","floor":48,"turns":12},{"damage":17,"enemies":"Donu and Deca","floor":50,"turns":12}],"seed_played":"-756870594935146034","potions_obtained":[{"floor":4.0,"key":"Strength Potion"},{"floor":6.0,"key":"AttackPotion"},{"floor":10.0,"key":"Poison Potion"},{"floor":16.0,"key":"Block Potion"},{"floor":22.0,"key":"Weak Potion"},{"floor":28.0,"key":"Block Potion"},{"floor":29,"key":"Energy Potion"},{"floor":33,"key":"Ancient Potion"},{"floor":35,"key":"SpeedPotion"},{"floor":36,"key":"GamblersBrew"},{"floor":38,"key":"Weak Potion"},{"floor":46,"key":"LiquidBronze"},{"floor":48,"key":"SkillPotion"}],"is_trial":false,"path_per_floor":["?","?","?","?","M","?","M","?","?","?","M","$"],"character_chosen":"THE_SILENT","items_purchased":["Tools of the Trade","Blur","Blood Vial","Cloak And Dagger","Accuracy","Cloak And Dagger"],"campfire_rested":2,"item_purchase_floors":[2,20,20,30,44,47],"current_hp_per_floor":[61,61,61,60,60,60,46,46,46,37,19,12,33,26,47,20,58,58,58,58,58,33,33,40,40,40,40,40,41,41,43,43,26,59,46,48,48,25,25,25,24,70,70,70,70,69,69,59,59,44],"gold":59,"neow_bonus":"RANDOM_COMMON_RELIC","is_prod":false,"is_daily":false,"chose_seed":false,"campfire_upgraded":7,"win_rate":0,"timestamp":1549633295,"path_taken":["M","$","M","M","?","M","E","R","T","M","E","?","R","M","R","BOSS","M","?","$","?","?","R","M","R","T","R","M","E","$","M","R","BOSS","M","M","?","?","?","R","M","?","T","$","?","?","?","E","R","BOSS"],"build_version":"2019-01-23","purchased_purges":2,"victory":true,"max_hp_per_floor":[70,70,70,70,70,70,70,70,70,70,70,70,70,70,70,70,70,70,70,70,70,70,70,70,70,70,70,70,70,70,70,70,70,70,70,70,70,70,70,70,70,70,70,70,70,70,70,70,70,70],"card_choices":[{"not_picked":["Setup","PiercingWail"],"picked":"Quick Slash","floor":1.0},{"not_picked":["Setup","Sucker Punch"],"picked":"Backflip","floor":3.0},{"not_picked":["Predator","Bane"],"picked":"All Out Attack","floor":4.0},{"not_picked":["Outmaneuver","Crippling Poison"],"picked":"Flechettes","floor":6.0},{"not_picked":["Dagger Spray","Poisoned Stab"],"picked":"Leg Sweep","floor":7.0},{"not_picked":["Dagger Throw","Expertise"],"picked":"Blur","floor":10.0},{"not_picked":["Quick Slash","A Thousand Cuts"],"picked":"Burst","floor":11.0},{"not_picked":["Blade Dance","Sucker Punch"],"picked":"Dagger Throw","floor":13.0},{"not_picked":["Bane","Poisoned Stab"],"picked":"Heel Hook","floor":14.0},{"not_picked":["Deflect","Calculated Gamble"],"picked":"Dash","floor":15.0},{"not_picked":["Tools of the Trade","Burst"],"picked":"Venomology","floor":16.0},{"not_picked":["Crippling Poison","All Out Attack"],"picked":"Setup","floor":18.0},{"not_picked":["Catalyst","Blade Dance","Dagger Throw"],"picked":"SKIP","floor":22.0},{"not_picked":["Outmaneuver","Crippling Poison"],"picked":"Sucker Punch+1","floor":24.0},{"not_picked":["Outmaneuver","Dagger Spray"],"picked":"Footwork","floor":28.0},{"not_picked":["Flying Knee","Sucker Punch"],"picked":"Backflip","floor":29},{"not_picked":["Blur","Bane"],"picked":"Cloak And Dagger","floor":31},{"not_picked":["Wraith Form v2","Venomology"],"picked":"Adrenaline","floor":33},{"not_picked":["Slice","Backflip","Bane"],"picked":"SKIP","floor":35},{"not_picked":["Dagger Throw","Cloak And Dagger"],"picked":"PiercingWail","floor":36},{"not_picked":["Distraction","Blade Dance+1"],"picked":"Backflip+1","floor":38},{"not_picked":["Dash","Slice"],"picked":"Leg Sweep","floor":41},{"not_picked":["Masterful Stab","Catalyst"],"picked":"Acrobatics","floor":46},{"not_picked":["Slice","Bane+1","Quick Slash"],"picked":"SKIP","floor":48}],"player_experience":285827,"relics_obtained":[{"floor":7.0,"key":"Ancient Tea Set"},{"floor":9.0,"key":"Art of War"},{"floor":11.0,"key":"Snake Skull"},{"floor":26.0,"key":"Whetstone"},{"floor":29,"key":"Centennial Puzzle"},{"floor":43,"key":"Meat on the Bone"},{"floor":48,"key":"Regal Pillow"}],"event_choices":[{"cards_removed":["Strike_G"],"damage_healed":0.0,"max_hp_gain":0.0,"max_hp_loss":0.0,"gold_gain":0.0,"event_name":"The Cleric","player_choice":"Card Removal","floor":5.0,"gold_loss":50.0,"damage_taken":0.0},{"cards_removed":["Defend_G"],"damage_healed":0.0,"max_hp_gain":0.0,"max_hp_loss":0.0,"gold_gain":0.0,"event_name":"Golden Wing","player_choice":"Card Removal","floor":12.0,"gold_loss":0.0,"damage_taken":7.0},{"damage_healed":0.0,"max_hp_gain":0.0,"max_hp_loss":0.0,"gold_gain":0.0,"event_name":"The Mausoleum","player_choice":"Opened","floor":19.0,"gold_loss":0.0,"damage_taken":0.0,"relics_obtained":["Paper Crane"]},{"cards_removed":["Strike_G"],"damage_healed":0.0,"max_hp_gain":0.0,"max_hp_loss":0.0,"gold_gain":0.0,"event_name":"Bonfire Elementals","player_choice":"Offered Basic","floor":21.0,"gold_loss":0.0,"damage_taken":0.0},{"damage_healed":0,"gold_gain":0,"player_choice":"Upgraded","damage_taken":0,"max_hp_gain":0,"max_hp_loss":0,"event_name":"Upgrade Shrine","floor":37,"gold_loss":0,"cards_upgraded":["Footwork"]},{"cards_removed":["Heel Hook"],"damage_healed":0,"gold_gain":0,"player_choice":"Removed Attack","damage_taken":0,"max_hp_gain":0,"max_hp_loss":0,"event_name":"Falling","floor":39,"gold_loss":0},{"damage_healed":46,"gold_gain":0,"player_choice":"Heal","damage_taken":0,"max_hp_gain":0,"max_hp_loss":0,"event_name":"MindBloom","floor":42,"gold_loss":0,"cards_obtained":["Doubt"]},{"damage_healed":0,"gold_gain":0,"cards_transformed":["Strike_G"],"player_choice":"Transformed","damage_taken":0,"max_hp_gain":0,"max_hp_loss":0,"event_name":"Transmorgrifier","floor":45,"gold_loss":0,"cards_obtained":["Heel Hook"]}],"is_beta":false,"boss_relics":[{"not_picked":["Velvet Choker","Runic Dome"],"picked":"Coffee Dripper"},{"not_picked":["Snecko Eye","Busted Crown"],"picked":"White Beast Statue"}],"items_purged_floors":[30,44],"is_endless":false,"potions_floor_spawned":[4,6,10,16,22,28,29,33,35,36,38,41,46,48],"ascension_level":12}