{"path_per_floor":["M","M","M","?","?","R","E","$","T","$","M","R","M","?","R","B",null,"M","M","$","M","M","R","M","R","T","R","M","?","M","M","R"],"character_chosen":"IRONCLAD","items_purchased":["Whirlwind","Orichalcum","Anchor","Bag of Marbles"],"gold_per_floor":[365,378,392,567,642,642,674,595,595,297,314,314,328,328,328,424,424,440,450,232,248,267,267,287,287,287,287,298,298,314,333,333],"floor_reached":33,"campfire_rested":2,"playtime":1081,"current_hp_per_floor":[79,71,76,76,65,65,15,15,15,15,21,45,51,51,51,25,80,80,80,80,67,61,61,61,61,61,61,40,25,27,29,54],"items_purged":["Strike_R"],"gold":333,"score":251,"play_id":"d9a1f6d5-4863-437e-90fe-65b3d445c9b7","local_time":"20180314031416","is_prod":false,"is_daily":false,"is_ascension_mode":false,"campfire_upgraded":5,"timestamp":1520993656,"path_taken":["M","M","M","?","?","R","E","$","T","$","?","R","M","?","R","BOSS","M","M","$","M","?","R","M","R","T","R","M","?","?","?","R","BOSS"],"build_version":"2018-03-09","purchased_purges":1,"victory":false,"master_deck":["Strike_R","Strike_R","Strike_R","Strike_R","Defend_R","Defend_R+1","Defend_R+1","Defend_R","Bash+1","Parasite","Doubt","Whirlwind+1","Clash+1","Offering+1","Flex+1","Flex+1"],"max_hp_per_floor":[80,80,80,80,80,80,80,80,80,80,80,80,80,80,80,80,80,80,80,80,80,80,80,80,80,80,80,80,85,85,85,85],"relics":["Burning Blood","War Paint","Torii","Orichalcum","Anchor","Runic Dome","Bag of Marbles","Ancient Tea Set"],"card_choices":[{"not_picked":["Pommel Strike","Rupture"],"picked":"Clash"},{"not_picked":["Brutality","Bludgeon"],"picked":"Offering"},{"not_picked":["Sword Boomerang","Headbutt"],"picked":"Flex"},{"not_picked":["Headbutt","Armaments"],"picked":"Flex"}],"player_experience":292334,"potions_floor_usage":[7,22,30,33,33],"damage_taken":[{"damage":7,"enemies":"2 Louse","floor":1,"turns":3},{"damage":14,"enemies":"Small Slimes","floor":2,"turns":5},{"damage":1,"enemies":"Cultist","floor":3,"turns":3},{"damage":56,"enemies":"Lagavulin","floor":7,"turns":10},{"damage":0,"enemies":"Blue Slaver","floor":11,"turns":5},{"damage":0,"enemies":"2 Fungi Beasts","floor":13,"turns":3},{"damage":32,"enemies":"Hexaghost","floor":16,"turns":13},{"damage":4,"enemies":"3 Byrds","floor":18,"turns":3},{"damage":6,"enemies":"Shell Parasite","floor":19,"turns":3},{"damage":19,"enemies":"Snake Plant","floor":21,"turns":3},{"damage":12,"enemies":"Centurion and Healer","floor":22,"turns":3},{"damage":6,"enemies":"3 Cultists","floor":24,"turns":5},{"damage":27,"enemies":"Cultist and Chosen","floor":28,"turns":7},{"damage":4,"enemies":"Centurion and Healer","floor":30,"turns":2},{"damage":4,"enemies":"Chosen and Byrds","floor":31,"turns":1},{"damage":67,"enemies":"Champ","floor":33,"turns":10}],"event_choices":[{"event_name":"Liars Game","player_choice":"agreed","floor":4,"damage_taken":0},{"event_name":"World of Goop","player_choice":"Gather Gold","floor":5,"damage_taken":0},{"event_name":"Accursed Blacksmith","player_choice":"Forge","floor":14,"damage_taken":0},{"event_name":"Forgotten Altar","player_choice":"Shed Blood","floor":29,"damage_taken":0}],"boss_relics":[{"not_picked":["Lizard Tail","Velvet Choker"],"picked":"Runic Dome"}],"potions_floor_spawned":[3,7,13,18,21,22,24,31],"seed_played":"8643674575133092707","killed_by":"Champ","ascension_level":0,"is_trial":false}