{"gold_per_floor":[118,118,43,58,83,83,109,109,109,136,136,164,89,107,107,181,181,195,209,209,69,81,115,115,115,115,132,149,184,184,200,200,275,275,286,286,386,401,275,306,306,331,381,381,149,175,192,192,192,192],"floor_reached":51,"playtime":5239,"items_purged":["Strike_G","Strike_G","Strike_G","Strike_G"],"score":1625,"play_id":"3d99328b-23c1-40fd-9f8c-05043a9a3902","local_time":"20190211155436","is_ascension_mode":true,"campfire_choices":[{"data":"After Image","floor":6.0,"key":"SMITH"},{"data":"Sucker Punch","floor":8.0,"key":"SMITH"},{"data":"Unload","floor":11.0,"key":"SMITH"},{"data":"Dash","floor":15.0,"key":"SMITH"},{"floor":24.0,"key":"REST"},{"floor":30.0,"key":"REST"},{"floor":32.0,"key":"REST"},{"floor":44,"key":"REST"},{"floor":49,"key":"REST"}],"neow_cost":"NONE","seed_source_timestamp":0,"circlet_count":0,"master_deck":["AscendersBane","Defend_G","Defend_G","Defend_G","Defend_G","Strike_G","Survivor","Neutralize","Choke","Well Laid Plans","After Image+1","Sucker Punch+1","Calculated Gamble","Dash+1","Unload+1","Underhanded Strike","Escape Plan+1","Burst+1","Well Laid Plans+1","Bouncing Flask+1","Cloak And Dagger+1","Blur+1","Corpse Explosion+1","Dodge and Roll+1","Venomology+1","Blade Dance+1","Prepared+1","Backflip+1","Crippling Poison+1","Madness+1","Madness+1","Cloak And Dagger+1","Acrobatics+1","Reflex+1","Footwork+1","Secret Technique+1","Burst+1","Blur+1"],"special_seed":0,"relics":["Ring of the Snake","NeowsBlessing","Art of War","Toxic Egg 2","Strawberry","Smiling Mask","Kunai","Fusion Hammer","Nunchaku","Potion Belt","Frozen Egg 2","Orrery","Thread and Needle","Pear","Regal Pillow","Omamori","Centennial Puzzle"],"potions_floor_usage":[37,38,40,42,42,42,47,50,50,50,50],"damage_taken":[{"damage":0.0,"enemies":"2 Louse","floor":1.0,"turns":1.0},{"damage":0.0,"enemies":"Cultist","floor":4.0,"turns":1.0},{"damage":0.0,"enemies":"Gremlin Nob","floor":7.0,"turns":1.0},{"damage":17.0,"enemies":"Lagavulin","floor":10.0,"turns":8.0},{"damage":12.0,"enemies":"3 Sentries","floor":12.0,"turns":8.0},{"damage":1.0,"enemies":"Jaw Worm","floor":14.0,"turns":4.0},{"damage":21.0,"enemies":"Slime Boss","floor":16.0,"turns":16.0},{"damage":1.0,"enemies":"Shell Parasite","floor":18.0,"turns":7.0},{"damage":0.0,"enemies":"Chosen","floor":19.0,"turns":4.0},{"damage":7.0,"enemies":"3 Cultists","floor":22.0,"turns":5.0},{"damage":16.0,"enemies":"Book of Stabbing","floor":23.0,"turns":7.0},{"damage":0.0,"enemies":"Shelled Parasite and Fungi","floor":27.0,"turns":5.0},{"damage":0.0,"enemies":"Cultist and Chosen","floor":28.0,"turns":7.0},{"damage":15.0,"enemies":"Slavers","floor":29.0,"turns":4.0},{"damage":0.0,"enemies":"Snecko","floor":31.0,"turns":5.0},{"damage":10.0,"enemies":"Champ","floor":33.0,"turns":15.0},{"damage":15,"enemies":"3 Darklings","floor":35,"turns":3},{"damage":0,"enemies":"Mind Bloom Boss Battle","floor":37,"turns":6},{"damage":0,"enemies":"3 Shapes","floor":38,"turns":4},{"damage":0,"enemies":"Nemesis","floor":40,"turns":9},{"damage":25,"enemies":"Reptomancer","floor":42,"turns":11},{"damage":0,"enemies":"Nemesis","floor":46,"turns":9},{"damage":0,"enemies":"Sphere and 2 Shapes","floor":47,"turns":5},{"damage":0,"enemies":"Awakened One","floor":50,"turns":19}],"seed_played":"-3643718296770137277","potions_obtained":[{"floor":1.0,"key":"Ancient Potion"},{"floor":7.0,"key":"SpeedPotion"},{"floor":19.0,"key":"Swift Potion"},{"floor":22.0,"key":"GamblersBrew"},{"floor":23.0,"key":"Dexterity Potion"},{"floor":29.0,"key":"Dexterity Potion"},{"floor":31.0,"key":"LiquidBronze"},{"floor":35,"key":"Swift Potion"},{"floor":40,"key":"AttackPotion"},{"floor":47,"key":"Poison Potion"}],"is_trial":false,"path_per_floor":["?","M","T","?","?","?","M","?","?","?","M","?"],"character_chosen":"THE_SILENT","items_purchased":["Bouncing Flask+1","Reflex+1","Secret Technique+1"],"campfire_rested":5,"item_purchase_floors":[21,39,45],"current_hp_per_floor":[59,59,59,59,59,59,59,59,66,49,49,37,37,36,36,15,59,58,58,58,58,51,35,56,56,56,56,56,41,62,62,73,63,71,56,43,43,43,43,53,53,28,28,67,67,67,67,67,83,83],"gold":192,"neow_bonus":"THREE_ENEMY_KILL","is_prod":false,"is_daily":false,"chose_seed":false,"campfire_upgraded":4,"win_rate":0,"timestamp":1549868076,"path_taken":["M","?","$","?","?","R","E","R","T","E","R","E","?","M","R","BOSS","M","M","?","$","M","E","R","?","T","?","M","E","R","M","R","BOSS","M","?","?","M","$","E","?","E","T","R","$","E","?","?","R","BOSS"],"build_version":"2019-01-23","purchased_purges":4,"victory":true,"max_hp_per_floor":[66,66,66,66,66,66,66,66,73,73,73,73,73,73,73,73,73,73,73,73,73,73,73,73,73,73,73,73,73,73,73,73,73,73,73,73,73,73,73,83,83,83,83,83,83,83,83,83,83,83],"card_choices":[{"not_picked":["Dash","Slice"],"picked":"Choke","floor":1.0},{"not_picked":["PiercingWail","Slice"],"picked":"Calculated Gamble","floor":4.0},{"not_picked":["Backflip","Outmaneuver"],"picked":"Dash","floor":7.0},{"not_picked":["Flying Knee","Sucker Punch"],"picked":"Unload","floor":10.0},{"not_picked":["Unload","Concentrate+1"],"picked":"Underhanded Strike","floor":12.0},{"not_picked":["Eviscerate","Acrobatics+1"],"picked":"Escape Plan+1","floor":14.0},{"not_picked":["Wraith Form v2","Doppelganger+1"],"picked":"Burst+1","floor":16.0},{"not_picked":["Predator","Prepared+1"],"picked":"Well Laid Plans+1","floor":18.0},{"not_picked":["Dagger Spray","Setup+1","Deflect+1"],"picked":"SKIP","floor":19.0},{"not_picked":["Flying Knee","Skewer","Sucker Punch"],"picked":"SKIP","floor":22.0},{"not_picked":["Poisoned Stab","Tactician+1"],"picked":"Cloak And Dagger+1","floor":23.0},{"not_picked":["Tactician+1","Acrobatics+1"],"picked":"Blur+1","floor":27.0},{"not_picked":["PiercingWail+1","Blade Dance+1"],"picked":"Corpse Explosion+1","floor":28.0},{"not_picked":["Riddle With Holes","Dagger Throw"],"picked":"Dodge and Roll+1","floor":29.0},{"not_picked":["Heel Hook","Bane","Outmaneuver+1"],"picked":"SKIP","floor":31.0},{"not_picked":["A Thousand Cuts+1","Doppelganger+1"],"picked":"Venomology+1","floor":33.0},{"not_picked":["Dagger Throw","Terror+1"],"picked":"Blade Dance+1","floor":34.0},{"not_picked":["Endless Agony","Poisoned Stab"],"picked":"Prepared+1","floor":34.0},{"not_picked":["Predator","Caltrops+1"],"picked":"Backflip+1","floor":34.0},{"not_picked":["Accuracy+1","Eviscerate+1"],"picked":"Crippling Poison+1","floor":35},{"not_picked":["Well Laid Plans+1","Flying Knee"],"picked":"Cloak And Dagger+1","floor":37},{"not_picked":["Sucker Punch","Poisoned Stab+1"],"picked":"Acrobatics+1","floor":38},{"not_picked":["Distraction+1","Bane+1"],"picked":"Footwork+1","floor":40},{"not_picked":["Tactician+1","Reflex+1","Dash"],"picked":"SKIP","floor":42},{"not_picked":["Dash","Reflex+1","Dagger Spray+1"],"picked":"SKIP","floor":46},{"not_picked":["Choke+1","PiercingWail+1"],"picked":"Burst+1","floor":47}],"player_experience":334715,"relics_obtained":[{"floor":5.0,"key":"Art of War"},{"floor":7.0,"key":"Toxic Egg 2"},{"floor":9.0,"key":"Strawberry"},{"floor":10.0,"key":"Smiling Mask"},{"floor":12.0,"key":"Kunai"},{"floor":23.0,"key":"Nunchaku"},{"floor":26.0,"key":"Potion Belt"},{"floor":29.0,"key":"Frozen Egg 2"},{"floor":37,"key":"Thread and Needle"},{"floor":40,"key":"Pear"},{"floor":42,"key":"Regal Pillow"},{"floor":43,"key":"Omamori"},{"floor":46,"key":"Centennial Puzzle"}],"event_choices":[{"damage_healed":0.0,"max_hp_gain":0.0,"max_hp_loss":0.0,"gold_gain":0.0,"event_name":"Match and Keep!","player_choice":"3 cards matched","floor":2.0,"gold_loss":0.0,"damage_taken":0.0,"cards_obtained":["Well Laid Plans","After Image","Sucker Punch"]},{"cards_removed":["Defend_G"],"damage_healed":0.0,"max_hp_gain":0.0,"max_hp_loss":0.0,"gold_gain":0.0,"event_name":"The Cleric","player_choice":"Card Removal","floor":13.0,"gold_loss":75.0,"damage_taken":0.0},{"damage_healed":0.0,"max_hp_gain":0.0,"max_hp_loss":0.0,"gold_gain":0.0,"event_name":"Vampires","player_choice":"Ignored","floor":20.0,"gold_loss":0.0,"damage_taken":0.0},{"damage_healed":0.0,"max_hp_gain":0.0,"max_hp_loss":0.0,"gold_gain":0.0,"event_name":"Match and Keep!","player_choice":"0 cards matched","floor":25.0,"gold_loss":0.0,"damage_taken":0.0,"cards_obtained":[]},{"damage_healed":0,"gold_gain":0,"player_choice":"Embrace Madness","damage_taken":13,"max_hp_gain":0,"max_hp_loss":0,"event_name":"Winding Halls","floor":36,"gold_loss":0,"cards_obtained":["Madness","Madness"]},{"damage_healed":0,"gold_gain":0,"player_choice":"Fight","damage_taken":0,"max_hp_gain":0,"max_hp_loss":0,"event_name":"MindBloom","floor":37,"gold_loss":0},{"damage_healed":0,"gold_gain":0,"player_choice":"Ignored","damage_taken":0,"max_hp_gain":0,"max_hp_loss":0,"event_name":"SecretPortal","floor":41,"gold_loss":0},{"damage_healed":0,"gold_gain":0,"player_choice":"Copied","damage_taken":0,"max_hp_gain":0,"max_hp_loss":0,"event_name":"Duplicator","floor":48,"gold_loss":0,"cards_obtained":["Blur"]}],"is_beta":false,"boss_relics":[{"not_picked":["Calling Bell","Snecko Eye"],"picked":"Fusion Hammer"},{"not_picked":["Pandora\u0027s Box","Eternal Feather"],"picked":"Orrery"}],"items_purged_floors":[3,21,39,45],"is_endless":false,"potions_floor_spawned":[1,7,12,19,22,23,29,31,35,40,46,47],"ascension_level":16}