{"path_per_floor":["M","?","$","M","T","E","M","M","T","E","R","M","$","E","R","B",null,"M","M","M","?","?","R","M","?","T","$","M","R","T","M","R"],"character_chosen":"IRONCLAD","items_purchased":["Metallicize","Armaments","Whetstone"],"gold_per_floor":[111,111,30,41,123,152,162,182,238,265,265,278,78,109,109,212,212,223,213,224,224,224,224,235,235,286,286,306,306,306,322,322],"floor_reached":33,"campfire_rested":0,"playtime":1315,"current_hp_per_floor":[78,62,62,68,68,74,72,78,78,53,53,59,59,56,56,45,71,65,61,58,42,42,42,43,72,72,72,66,66,66,72,72],"items_purged":[],"gold":322,"score":380,"play_id":"d95174a7-1f9b-467c-ae36-21db5e91e4e2","local_time":"20180315175421","is_prod":false,"is_daily":false,"is_ascension_mode":true,"campfire_upgraded":5,"timestamp":1521132861,"path_taken":["M","?","$","M","?","E","M","M","T","E","R","M","$","E","R","BOSS","M","M","M","?","?","R","M","?","T","$","M","R","?","?","R","BOSS"],"build_version":"2018-03-09","purchased_purges":0,"victory":false,"master_deck":["Strike_R+1","Strike_R","Strike_R+1","Strike_R","Strike_R","Defend_R","Defend_R","Defend_R","Defend_R+1","Bash","Iron Wave","Metallicize+1","Clothesline+1","Twin Strike","Clash","Thunderclap","Shrug It Off+1","Armaments+1","Offering","Feed","Entrench+1","Body Slam+1","Necronomicurse","Flame Barrier+1","Seeing Red+1","Pommel Strike+1"],"max_hp_per_floor":[80,80,80,80,80,80,80,80,80,80,80,80,80,80,80,80,80,80,80,83,83,83,83,87,87,87,87,87,87,87,91,91],"relics":["Burning Blood","NeowsBlessing","Paper Frog","Orichalcum","Tiny Chest","Lantern","Whetstone","Toolbox","White Beast Statue","Necronomicon","Vajra","Bag of Marbles"],"card_choices":[{"not_picked":["Clothesline","Warcry"],"picked":"Iron Wave"},{"not_picked":["Sever Soul","True Grit"],"picked":"Clothesline"},{"not_picked":["Wild Strike","Havoc"],"picked":"Twin Strike"},{"not_picked":["Clothesline","True Grit"],"picked":"Clash"},{"not_picked":["Anger","Twin Strike"],"picked":"Thunderclap"},{"not_picked":["Searing Blow","Warcry"],"picked":"Shrug It Off"},{"not_picked":["Bloodletting","True Grit"],"picked":"Offering"},{"not_picked":["Immolate","Dark Embrace"],"picked":"Feed"},{"not_picked":["Sentinel","Sword Boomerang"],"picked":"Entrench"},{"not_picked":["Iron Wave","Thunderclap"],"picked":"Body Slam"},{"not_picked":["Clash","Iron Wave"],"picked":"Flame Barrier"},{"not_picked":["Second Wind","Twin Strike"],"picked":"Seeing Red"},{"not_picked":["Burning Pact","Hemokinesis"],"picked":"Pommel Strike"}],"player_experience":301299,"potions_floor_usage":[8,14,24,24,31,33],"damage_taken":[{"damage":0,"enemies":"Cultist","floor":1,"turns":1},{"damage":0,"enemies":"Small Slimes","floor":4,"turns":1},{"damage":0,"enemies":"Gremlin Nob","floor":6,"turns":1},{"damage":8,"enemies":"Jaw Worm","floor":7,"turns":3},{"damage":0,"enemies":"2 Fungi Beasts","floor":8,"turns":2},{"damage":31,"enemies":"Lagavulin","floor":10,"turns":7},{"damage":0,"enemies":"Large Slime","floor":12,"turns":2},{"damage":9,"enemies":"Gremlin Nob","floor":14,"turns":4},{"damage":17,"enemies":"The Guardian","floor":16,"turns":11},{"damage":12,"enemies":"Shell Parasite","floor":18,"turns":2},{"damage":10,"enemies":"2 Thieves","floor":19,"turns":4},{"damage":12,"enemies":"Snake Plant","floor":20,"turns":4},{"damage":9,"enemies":"Slaver and Parasite","floor":24,"turns":6},{"damage":12,"enemies":"Snecko","floor":28,"turns":4},{"damage":4,"enemies":"3 Cultists","floor":31,"turns":4},{"damage":96,"enemies":"Champ","floor":33,"turns":12}],"event_choices":[{"event_name":"Shining Light","player_choice":"Entered Light","floor":2,"damage_taken":0},{"event_name":"Cursed Tome","player_choice":"Obtained Book","floor":21,"damage_taken":0},{"event_name":"Beggar","player_choice":"Ignored","floor":22,"damage_taken":0},{"event_name":"The Library","player_choice":"Heal","floor":25,"damage_taken":0}],"boss_relics":[{"not_picked":["Mark of Pain","Question Card"],"picked":"White Beast Statue"}],"potions_floor_spawned":[6,8,12,18,19,20,24,28,31],"seed_played":"3282266722997050058","killed_by":"Champ","ascension_level":6,"is_trial":false}