{"gold_per_floor":[360,15,15,32,50,50,10,41,66,92,92,22,22,38,38,116,116,135,153,173,173,29,29,29],"floor_reached":24,"playtime":692,"items_purged":[],"score":357,"play_id":"b680ee6f-4e25-47ea-a8f3-3ab7ce0be3ee","local_time":"20180808165531","is_ascension_mode":true,"campfire_choices":[{"data":"Armaments","floor":6,"key":"SMITH"},{"data":"Spot Weakness","floor":11,"key":"SMITH"},{"floor":15,"key":"REST"},{"floor":23,"key":"REST"}],"neow_cost":"TEN_PERCENT_HP_LOSS","seed_source_timestamp":542356340272063,"circlet_count":0,"master_deck":["Strike_R","Strike_R","Strike_R","Strike_R","Strike_R","Defend_R","Defend_R","Defend_R","Defend_R","Bash","AscendersBane","Clothesline+1","Armaments+1","Twin Strike+1","Iron Wave+1","Spot Weakness+1","Feed+1","Immolate+1","Uppercut+1","Perfected Strike+1","Body Slam+1","Demon Form","Whirlwind+1","Reaper+1"],"relics":["Black Blood","Molten Egg 2","Red Skull","Dream Catcher","Oddly Smooth Stone"],"potions_floor_usage":[10,24],"damage_taken":[{"damage":11,"enemies":"Jaw Worm","floor":1,"turns":7},{"damage":0,"enemies":"Cultist","floor":4,"turns":4},{"damage":1,"enemies":"2 Louse","floor":5,"turns":3},{"damage":29,"enemies":"3 Sentries","floor":8,"turns":8},{"damage":23,"enemies":"Lagavulin","floor":10,"turns":8},{"damage":5,"enemies":"Looter","floor":14,"turns":2},{"damage":40,"enemies":"Slime Boss","floor":16,"turns":7},{"damage":21,"enemies":"Spheric Guardian","floor":18,"turns":4},{"damage":35,"enemies":"Shell Parasite","floor":19,"turns":5},{"damage":25,"enemies":"Snecko","floor":20,"turns":4},{"damage":47,"enemies":"Book of Stabbing","floor":24,"turns":3}],"seed_played":"-5811678820081658095","potions_obtained":[{"floor":5,"key":"Strength Potion"},{"floor":8,"key":"Regen Potion"},{"floor":14,"key":"EssenceOfSteel"},{"floor":16,"key":"Ancient Potion"},{"floor":20,"key":"BloodPotion"}],"is_trial":false,"path_per_floor":["M","$","?","M","M","R","$","E","T","E","R","$","?","M","R","B",null,"M","M","M","?","$","R"],"character_chosen":"IRONCLAD","items_purchased":["Molten Egg 2","Clothesline+1","Armaments","Spot Weakness","Uppercut+1","Reaper+1"],"campfire_rested":2,"item_purchase_floors":[2,2,2,7,12,22],"current_hp_per_floor":[63,63,63,68,68,68,68,45,45,43,43,43,48,49,70,40,68,57,32,17,17,17,40,0],"gold":29,"neow_bonus":"TWO_FIFTY_GOLD","is_prod":false,"is_daily":false,"chose_seed":false,"campfire_upgraded":2,"win_rate":0,"timestamp":1533740131,"path_taken":["M","$","?","M","M","R","?","E","T","E","R","$","?","M","R","BOSS","M","M","M","?","$","R","E"],"build_version":"2018-08-02","purchased_purges":0,"victory":false,"max_hp_per_floor":[68,68,68,68,68,68,68,68,68,68,68,68,73,73,73,77,77,77,77,77,77,77,77,77],"card_choices":[{"not_picked":["Heavy Blade","Flex","Dropkick"],"picked":"SKIP","floor":1},{"not_picked":["Sever Soul+1","Combust"],"picked":"Twin Strike+1","floor":4},{"not_picked":["Cleave+1","Clothesline+1"],"picked":"Iron Wave+1","floor":5},{"not_picked":["Flex","Dropkick+1"],"picked":"Feed+1","floor":8},{"not_picked":["Second Wind","Rupture"],"picked":"Immolate+1","floor":10},{"not_picked":["Twin Strike+1","Iron Wave+1"],"picked":"Perfected Strike+1","floor":14},{"not_picked":["Uppercut+1","Shockwave"],"picked":"Body Slam+1","floor":15},{"not_picked":["Dark Embrace","Double Tap"],"picked":"Demon Form","floor":16},{"not_picked":["Flex","Inflame","Twin Strike+1"],"picked":"SKIP","floor":18},{"not_picked":["Armaments","Dual Wield","Anger+1"],"picked":"SKIP","floor":19},{"not_picked":["Clash+1","Clothesline+1"],"picked":"Whirlwind+1","floor":20}],"player_experience":1284953,"relics_obtained":[{"floor":8,"key":"Red Skull"},{"floor":9,"key":"Dream Catcher"},{"floor":10,"key":"Oddly Smooth Stone"}],"event_choices":[{"event_name":"The Cleric","player_choice":"Leave","floor":3,"damage_taken":0},{"event_name":"Big Fish","player_choice":"Donut","floor":13,"damage_taken":0},{"event_name":"Ghosts","player_choice":"Ignored","floor":21,"damage_taken":0}],"is_beta":false,"boss_relics":[{"not_picked":["Lizard Tail","Runic Cube"],"picked":"Black Blood"}],"items_purged_floors":[],"is_endless":false,"potions_floor_spawned":[5,8,14,16,18,19,20],"killed_by":"Book of Stabbing","ascension_level":15}