{"gold_per_floor":[116,127,142,154,28,28,28,28,52,70,70,86,114,132,132,132],"floor_reached":16,"playtime":1172,"items_purged":["Strike_R"],"score":109,"play_id":"41afed58-c221-45ac-89c4-1251b9b7db82","local_time":"20190211232310","is_ascension_mode":true,"campfire_choices":[{"data":"Armaments","floor":6,"key":"SMITH"},{"data":"Body Slam","floor":8,"key":"SMITH"},{"data":"Cleave","floor":11,"key":"SMITH"},{"data":"Body Slam","floor":15,"key":"SMITH"}],"neow_cost":"NONE","seed_source_timestamp":31329766542600,"circlet_count":0,"master_deck":["Strike_R","Strike_R","Strike_R","Strike_R","Defend_R","Defend_R","Defend_R","Defend_R","Bash","Spot Weakness","Heavy Blade","Body Slam+1","Clothesline","Armaments+1","Cleave+1","Shrug It Off","Feed","Body Slam+1"],"relics":["Burning Blood","Blood Vial","PreservedInsect","Regal Pillow"],"potions_floor_usage":[16,16,16],"damage_taken":[{"damage":5,"enemies":"Jaw Worm","floor":1,"turns":4},{"damage":5,"enemies":"Cultist","floor":2,"turns":4},{"damage":9,"enemies":"Small Slimes","floor":3,"turns":4},{"damage":7,"enemies":"Looter","floor":4,"turns":4},{"damage":7,"enemies":"Large Slime","floor":10,"turns":8},{"damage":12,"enemies":"Blue Slaver","floor":12,"turns":4},{"damage":2,"enemies":"Gremlin Nob","floor":13,"turns":3},{"damage":12,"enemies":"Exordium Wildlife","floor":14,"turns":5},{"damage":90,"enemies":"Hexaghost","floor":16,"turns":11}],"seed_played":"146971315687573166","potions_obtained":[{"floor":1,"key":"Regen Potion"},{"floor":10,"key":"Weak Potion"},{"floor":12,"key":"SneckoOil"}],"is_trial":false,"path_per_floor":["M","M","M","M","$","R","?","R","T","M","R","M","E","M","R","B"],"character_chosen":"IRONCLAD","items_purchased":["Armaments"],"campfire_rested":0,"item_purchase_floors":[5],"current_hp_per_floor":[88,88,85,84,84,84,84,84,84,85,85,81,87,82,82,9],"gold":132,"neow_bonus":"TEN_PERCENT_HP_BONUS","is_prod":false,"is_daily":false,"chose_seed":false,"campfire_upgraded":4,"win_rate":0,"timestamp":1549945390,"path_taken":["M","M","M","M","$","R","?","R","T","M","R","M","E","M","R","BOSS"],"build_version":"2019-01-23","purchased_purges":1,"victory":false,"max_hp_per_floor":[88,88,88,88,88,88,88,88,88,88,88,88,88,88,88,88],"card_choices":[{"not_picked":["Combust","Reckless Charge"],"picked":"Spot Weakness","floor":1},{"not_picked":["Bloodletting","Clash"],"picked":"Heavy Blade","floor":2},{"not_picked":["Warcry","Sever Soul"],"picked":"Body Slam","floor":3},{"not_picked":["Rage","Feel No Pain"],"picked":"Clothesline","floor":4},{"not_picked":["Sword Boomerang","Sever Soul"],"picked":"Cleave","floor":10},{"not_picked":["Berserk","Rupture"],"picked":"Shrug It Off","floor":12},{"not_picked":["Uppercut","Perfected Strike"],"picked":"Feed","floor":13},{"not_picked":["Clothesline","Wild Strike"],"picked":"Body Slam","floor":14}],"player_experience":37590,"relics_obtained":[{"floor":7,"key":"Blood Vial"},{"floor":9,"key":"PreservedInsect"},{"floor":13,"key":"Regal Pillow"}],"event_choices":[{"damage_healed":0,"gold_gain":0,"player_choice":"Relic","damage_taken":0,"max_hp_gain":0,"max_hp_loss":0,"event_name":"Wheel of Change","floor":7,"gold_loss":0}],"is_beta":false,"boss_relics":[],"items_purged_floors":[5],"is_endless":false,"potions_floor_spawned":[1,10,12],"killed_by":"Hexaghost","ascension_level":1}