{"gold_per_floor":[110,128,128,146,157,192,202,235,235,235,410,410,421,435,435,540,540,540],"floor_reached":18,"playtime":1443,"items_purged":[],"score":199,"play_id":"d2f8c1dd-6584-4f2b-95e4-f7941b953f29","local_time":"20190209144934","is_ascension_mode":false,"campfire_choices":[{"floor":10,"key":"REST"},{"data":"Neutralize","floor":12,"key":"SMITH"},{"data":"1","floor":15,"key":"LIFT"}],"neow_cost":"NONE","seed_source_timestamp":142816570710074,"circlet_count":0,"master_deck":["Defend_G","Defend_G","Defend_G","Defend_G","Defend_G","Strike_G","Strike_G","Strike_G","Survivor","Neutralize+1","Endless Agony","Dagger Spray","Blur","All Out Attack","Slice","Burst","Riddle With Holes","Doubt","Masterful Stab","Infinite Blades","After Image"],"relics":["Ring of the Snake","Girya","Pocketwatch","Singing Bowl","Runic Dome"],"potions_floor_usage":[8,8,16],"damage_taken":[{"damage":0,"enemies":"2 Louse","floor":1,"turns":4},{"damage":5,"enemies":"Jaw Worm","floor":2,"turns":5},{"damage":0,"enemies":"Cultist","floor":4,"turns":4},{"damage":2,"enemies":"Gremlin Gang","floor":5,"turns":7},{"damage":42,"enemies":"Lagavulin","floor":6,"turns":10},{"damage":6,"enemies":"Large Slime","floor":7,"turns":7},{"damage":0,"enemies":"3 Sentries","floor":8,"turns":7},{"damage":0,"enemies":"2 Fungi Beasts","floor":13,"turns":4},{"damage":1,"enemies":"Red Slaver","floor":14,"turns":3},{"damage":22,"enemies":"The Guardian","floor":16,"turns":14},{"damage":70,"enemies":"Spheric Guardian","floor":18,"turns":7}],"seed_played":"-3629104577263871763","potions_obtained":[{"floor":4,"key":"Swift Potion"},{"floor":7,"key":"EssenceOfSteel"},{"floor":14,"key":"Block Potion"},{"floor":16,"key":"PowerPotion"}],"is_trial":false,"path_per_floor":["M","M","?","M","M","E","M","E","T","R","?","R","M","M","R","B",null,"M"],"character_chosen":"THE_SILENT","items_purchased":[],"campfire_rested":1,"item_purchase_floors":[],"current_hp_per_floor":[70,65,58,58,56,14,8,8,8,29,29,29,29,28,28,6,70,0],"gold":540,"neow_bonus":"REMOVE_CARD","is_prod":false,"is_daily":false,"chose_seed":false,"campfire_upgraded":1,"win_rate":0.0,"timestamp":1549720174,"path_taken":["M","M","?","M","M","E","M","E","T","R","?","R","?","M","R","BOSS","M"],"build_version":"2019-01-23","purchased_purges":0,"victory":false,"max_hp_per_floor":[70,70,70,70,70,70,70,70,70,70,70,70,70,70,70,70,70,70],"card_choices":[{"not_picked":["Dagger Throw","Predator"],"picked":"Endless Agony","floor":1},{"not_picked":["Prepared","Predator"],"picked":"Dagger Spray","floor":2},{"not_picked":["Deadly Poison","Poisoned Stab"],"picked":"Blur","floor":4},{"not_picked":["Blade Dance","Deadly Poison"],"picked":"All Out Attack","floor":5},{"not_picked":["Poisoned Stab","Masterful Stab"],"picked":"Slice","floor":6},{"not_picked":["Dagger Spray","Poisoned Stab"],"picked":"Burst","floor":7},{"not_picked":["Reflex","Dagger Throw"],"picked":"Riddle With Holes","floor":8},{"not_picked":["Deflect","Blur"],"picked":"Masterful Stab","floor":13},{"not_picked":["Deflect","Dodge and Roll"],"picked":"Infinite Blades","floor":14},{"not_picked":["Tools of the Trade","A Thousand Cuts"],"picked":"After Image","floor":16}],"player_experience":96045,"relics_obtained":[{"floor":6,"key":"Girya"},{"floor":8,"key":"Pocketwatch"},{"floor":9,"key":"Singing Bowl"}],"event_choices":[{"cards_removed":["Strike_G"],"damage_healed":0,"gold_gain":0,"player_choice":"Card Removal","damage_taken":7,"max_hp_gain":0,"max_hp_loss":0,"event_name":"Golden Wing","floor":3,"gold_loss":0},{"damage_healed":0,"gold_gain":175,"player_choice":"AGREE","damage_taken":0,"max_hp_gain":0,"max_hp_loss":0,"event_name":"Liars Game","floor":11,"gold_loss":0,"cards_obtained":["Doubt"]}],"is_beta":false,"boss_relics":[{"not_picked":["Lizard Tail","Velvet Choker"],"picked":"Runic Dome"}],"items_purged_floors":[],"is_endless":false,"potions_floor_spawned":[4,7,14,16],"killed_by":"Spheric Guardian","ascension_level":0}