{"gold_per_floor":[119,130,130,150,173,173,193,37,106,106],"floor_reached":10,"playtime":585,"items_purged":["Defend_G"],"score":90,"play_id":"732dc352-ef29-4d57-a1f6-c7e78dc33ef9","local_time":"20190206195143","is_ascension_mode":true,"campfire_choices":[{"data":"All Out Attack","floor":6,"key":"SMITH"}],"neow_cost":"NONE","seed_source_timestamp":194796858706500,"circlet_count":0,"master_deck":["AscendersBane","Defend_G","Defend_G","Defend_G","Defend_G","Strike_G","Strike_G","Strike_G","Strike_G","Survivor","Neutralize","Riddle With Holes","All Out Attack+1","Cloak And Dagger","Deadly Poison","Grand Finale","Footwork"],"relics":["Ring of the Snake","Golden Idol","Pear"],"potions_floor_usage":[10],"damage_taken":[{"damage":3,"enemies":"Jaw Worm","floor":1,"turns":8},{"damage":0,"enemies":"2 Louse","floor":2,"turns":3},{"damage":1,"enemies":"Small Slimes","floor":4,"turns":3},{"damage":4,"enemies":"2 Fungi Beasts","floor":5,"turns":4},{"damage":8,"enemies":"Large Slime","floor":7,"turns":6},{"damage":38,"enemies":"Gremlin Nob","floor":10,"turns":4}],"seed_played":"-7978672326925731568","potions_obtained":[{"floor":1,"key":"SkillPotion"},{"floor":4,"key":"EssenceOfSteel"}],"is_trial":false,"path_per_floor":["?"],"character_chosen":"THE_SILENT","items_purchased":["Footwork"],"campfire_rested":0,"item_purchase_floors":[8],"current_hp_per_floor":[60,60,43,42,38,38,30,30,40,2],"gold":106,"neow_bonus":"REMOVE_CARD","is_prod":false,"is_daily":false,"chose_seed":false,"campfire_upgraded":1,"win_rate":0,"timestamp":1549450303,"path_taken":["M","M","?","M","M","R","M","$","T","E"],"build_version":"2019-01-23","purchased_purges":1,"victory":false,"max_hp_per_floor":[70,70,70,70,70,70,70,70,80,80],"card_choices":[{"not_picked":["Leg Sweep","Bane"],"picked":"Riddle With Holes","floor":1},{"not_picked":["Outmaneuver","Crippling Poison"],"picked":"All Out Attack","floor":2},{"not_picked":["PiercingWail","Underhanded Strike"],"picked":"Cloak And Dagger","floor":4},{"not_picked":["Setup","Concentrate"],"picked":"Deadly Poison","floor":5},{"not_picked":["Dagger Spray","Outmaneuver"],"picked":"Grand Finale","floor":7}],"player_experience":257590,"relics_obtained":[{"floor":9,"key":"Pear"}],"event_choices":[{"damage_healed":0,"gold_gain":0,"player_choice":"Take Damage","damage_taken":17,"relics_obtained":["Golden Idol"],"max_hp_gain":0,"max_hp_loss":0,"event_name":"Golden Idol","floor":3,"gold_loss":0}],"is_beta":false,"boss_relics":[],"items_purged_floors":[8],"is_endless":false,"potions_floor_spawned":[1,4],"killed_by":"Gremlin Nob","ascension_level":10}