{"gold_per_floor":[116,116,116,1,1,28,46,62,62,62,62,81,109,119,119,216,216,234,234,251,264,363,363],"floor_reached":23,"playtime":1698,"items_purged":["Defend_G"],"score":249,"play_id":"6ea14304-54b0-483c-a99f-36dfaade685d","local_time":"20190128194839","is_ascension_mode":true,"campfire_choices":[{"data":"Neutralize","floor":11,"key":"SMITH"},{"data":"Poisoned Stab","floor":15,"key":"SMITH"}],"neow_cost":"NONE","seed_source_timestamp":601994177617100,"circlet_count":0,"master_deck":["Defend_G+1","Defend_G+1","Defend_G+1","Defend_G+1","Strike_G+1","Strike_G+1","Strike_G+1","Strike_G+1","Strike_G+1","Survivor+1","Neutralize+1","Bane","Calculated Gamble","PiercingWail","Glass Knife","Poisoned Stab+1","Blade Dance","Flying Knee","Outmaneuver","Die Die Die","Poisoned Stab+1"],"relics":["Ring of the Snake","NeowsBlessing","Oddly Smooth Stone","Dodecahedron","Bottled Flame","Black Star"],"potions_floor_usage":[16,16,18],"damage_taken":[{"damage":0,"enemies":"2 Louse","floor":1,"turns":1},{"damage":0,"enemies":"Gremlin Nob","floor":6,"turns":1},{"damage":0,"enemies":"Small Slimes","floor":7,"turns":1},{"damage":0,"enemies":"Jaw Worm","floor":8,"turns":2},{"damage":1,"enemies":"Large Slime","floor":12,"turns":4},{"damage":15,"enemies":"3 Sentries","floor":13,"turns":7},{"damage":0,"enemies":"Looter","floor":14,"turns":2},{"damage":12,"enemies":"Hexaghost","floor":16,"turns":7},{"damage":13,"enemies":"Spheric Guardian","floor":18,"turns":4},{"damage":0,"enemies":"Chosen","floor":20,"turns":4},{"damage":28,"enemies":"Snecko","floor":21,"turns":6},{"damage":37,"enemies":"Gremlin Leader","floor":23,"turns":6}],"seed_played":"265450711236447842","potions_obtained":[{"floor":1,"key":"SteroidPotion"},{"floor":6,"key":"Ancient Potion"},{"floor":13,"key":"Block Potion"},{"floor":14,"key":"Swift Potion"},{"floor":18,"key":"Ancient Potion"}],"is_trial":false,"path_per_floor":["?","?","?","?","?"],"character_chosen":"THE_SILENT","items_purchased":["Calculated Gamble"],"campfire_rested":0,"item_purchase_floors":[4],"current_hp_per_floor":[70,56,56,56,61,61,61,61,61,61,61,60,45,45,45,33,75,62,62,62,34,34,0],"gold":363,"neow_bonus":"THREE_ENEMY_KILL","is_prod":false,"is_daily":false,"chose_seed":false,"campfire_upgraded":2,"win_rate":0,"timestamp":1548672519,"path_taken":["M","?","?","$","?","E","M","M","T","$","R","M","E","M","R","BOSS","M","?","M","M","?","E"],"build_version":"2019-01-23","purchased_purges":1,"victory":false,"max_hp_per_floor":[70,70,70,70,75,75,75,75,75,75,75,75,75,75,75,75,75,75,75,75,75,75,75],"card_choices":[{"not_picked":["Tactician","Caltrops"],"picked":"Bane","floor":1},{"not_picked":["Deflect","Dodge and Roll"],"picked":"PiercingWail","floor":6},{"not_picked":["Endless Agony","Masterful Stab"],"picked":"Glass Knife","floor":7},{"not_picked":["Flechettes","Reflex"],"picked":"Poisoned Stab","floor":8},{"not_picked":["Accuracy","Underhanded Strike"],"picked":"Blade Dance","floor":12},{"not_picked":["All Out Attack","A Thousand Cuts"],"picked":"Flying Knee","floor":13},{"not_picked":["Deflect","Slice"],"picked":"Outmaneuver","floor":14},{"not_picked":["Bullet Time","Doppelganger"],"picked":"Die Die Die","floor":16},{"not_picked":["Accuracy+1","Infinite Blades+1"],"picked":"Poisoned Stab+1","floor":18},{"not_picked":["Dagger Throw","Dash","Calculated Gamble"],"picked":"SKIP","floor":20},{"not_picked":["Endless Agony","Riddle With Holes+1","Dagger Spray"],"picked":"SKIP","floor":21}],"player_experience":75369,"relics_obtained":[{"floor":6,"key":"Oddly Smooth Stone"},{"floor":9,"key":"Dodecahedron"},{"floor":13,"key":"Bottled Flame"}],"event_choices":[{"damage_healed":0,"gold_gain":0,"player_choice":"Entered Light","damage_taken":14,"max_hp_gain":0,"max_hp_loss":0,"event_name":"Shining Light","floor":2,"gold_loss":0,"cards_upgraded":["Defend_G","Survivor"]},{"damage_healed":0,"gold_gain":0,"player_choice":"Ignored","damage_taken":0,"max_hp_gain":0,"max_hp_loss":0,"event_name":"Liars Game","floor":3,"gold_loss":0},{"damage_healed":0,"gold_gain":0,"player_choice":"Donut","damage_taken":0,"max_hp_gain":5,"max_hp_loss":0,"event_name":"Big Fish","floor":5,"gold_loss":0},{"damage_healed":0,"gold_gain":0,"player_choice":"Simplicity","damage_taken":0,"max_hp_gain":0,"max_hp_loss":0,"event_name":"Back to Basics","floor":19,"gold_loss":0,"cards_upgraded":["Defend_G","Defend_G","Defend_G","Strike_G","Strike_G","Strike_G","Strike_G","Strike_G"]},{"damage_healed":0,"gold_gain":99,"player_choice":"Stole From Cult","damage_taken":0,"max_hp_gain":0,"max_hp_loss":0,"event_name":"Nest","floor":22,"gold_loss":0}],"is_beta":false,"boss_relics":[{"not_picked":["Lizard Tail","Ectoplasm"],"picked":"Black Star"}],"items_purged_floors":[4],"is_endless":false,"potions_floor_spawned":[1,6,13,14,18],"killed_by":"Gremlin Leader","ascension_level":2}