{"gold_per_floor":[114,129,144,159,84,84,99,99,99,114,129,27,42,72,72,172,172,187,172,187,202,82,82,97,109,146,158,170,197,224,251,263,275],"floor_reached":33,"playtime":2920,"items_purged":["Strike_G","Strike_G"],"score":282,"play_id":"13640124-506b-4b0b-80d7-760c2aca88c8","local_time":"20190211161849","daily_mods":["Specialized","Vintage","Terminal"],"is_ascension_mode":false,"campfire_choices":[{"data":"Neutralize","floor":6,"key":"SMITH"},{"data":"Survivor","floor":8,"key":"SMITH"},{"data":"Acrobatics","floor":15,"key":"SMITH"},{"data":"Noxious Fumes","floor":23,"key":"SMITH"},{"data":"Backflip","floor":25,"key":"SMITH"},{"floor":28,"key":"DIG"},{"data":"Prepared","floor":32,"key":"SMITH"}],"neow_cost":"","seed_source_timestamp":0,"circlet_count":0,"master_deck":["Defend_G","Defend_G","Defend_G","Defend_G","Defend_G","Strike_G","Strike_G","Strike_G","Survivor+1","Neutralize+1","Crippling Poison","Crippling Poison","Crippling Poison","Crippling Poison","Crippling Poison","Backflip+1","Prepared+1","Acrobatics+1","Malaise","Noxious Fumes+1"],"special_seed":17938,"relics":["Ring of the Snake","Tingsha","Mummified Hand","Shuriken","Torii","WingedGreaves","Meat on the Bone","Shovel","Snake Skull","Question Card","Ginger","White Beast Statue","Smiling Mask","Juzu Bracelet","Bag of Preparation","Letter Opener","MawBank","Nloth\u0027s Gift","Potion Belt","Happy Flower","Bottled Tornado","Matryoshka"],"potions_floor_usage":[29,31,33],"damage_taken":[{"damage":1,"enemies":"Cultist","floor":1,"turns":4},{"damage":0,"enemies":"Jaw Worm","floor":2,"turns":4},{"damage":0,"enemies":"2 Louse","floor":3,"turns":2},{"damage":14,"enemies":"Large Slime","floor":4,"turns":9},{"damage":1,"enemies":"Gremlin Gang","floor":7,"turns":3},{"damage":1,"enemies":"2 Fungi Beasts","floor":10,"turns":4},{"damage":0,"enemies":"Blue Slaver","floor":11,"turns":4},{"damage":0,"enemies":"Looter","floor":13,"turns":4},{"damage":2,"enemies":"Lagavulin","floor":14,"turns":8},{"damage":11,"enemies":"The Guardian","floor":16,"turns":13},{"damage":0,"enemies":"3 Byrds","floor":18,"turns":3},{"damage":0,"enemies":"2 Thieves","floor":19,"turns":5},{"damage":1,"enemies":"Centurion and Healer","floor":20,"turns":9},{"damage":14,"enemies":"3 Cultists","floor":21,"turns":5},{"damage":1,"enemies":"Chosen and Byrds","floor":24,"turns":5},{"damage":9,"enemies":"Sentry and Sphere","floor":29,"turns":4},{"damage":0,"enemies":"Snake Plant","floor":30,"turns":4},{"damage":2,"enemies":"Centurion and Healer","floor":31,"turns":5},{"damage":32,"enemies":"Collector","floor":33,"turns":7}],"seed_played":"6339212738474030288","potions_obtained":[{"floor":3,"key":"Fire Potion"},{"floor":10,"key":"SpeedPotion"},{"floor":14,"key":"AttackPotion"},{"floor":20,"key":"Regen Potion"},{"floor":21,"key":"Explosive Potion"},{"floor":29,"key":"LiquidBronze"},{"floor":30,"key":"FearPotion"},{"floor":31,"key":"AttackPotion"}],"is_trial":false,"path_per_floor":["M","M","M","M","$","R","M","R","T","M","M","$","M","E","R","B",null,"M","M","M","M","$","R","M","R","T","?","R","M","M","M","R","B"],"character_chosen":"THE_SILENT","items_purchased":["Backflip","Prepared","Noxious Fumes"],"campfire_rested":0,"item_purchase_floors":[12,12,22],"current_hp_per_floor":[68,67,66,52,52,52,51,51,51,50,50,50,50,48,48,37,52,51,50,49,35,35,35,34,34,34,34,34,34,34,32,32,0],"gold":275,"neow_bonus":"","is_prod":false,"is_daily":true,"chose_seed":false,"campfire_upgraded":6,"win_rate":0.0,"timestamp":1549919929,"path_taken":["M","M","M","M","$","R","M","R","T","M","M","?","M","E","R","BOSS","M","M","M","M","$","R","M","R","T","?","R","M","M","M","R","BOSS"],"build_version":"2019-01-23","purchased_purges":2,"victory":false,"max_hp_per_floor":[68,67,66,65,64,63,62,61,60,59,58,57,56,55,54,53,52,51,50,49,48,47,46,45,44,43,42,41,40,39,38,37,37],"card_choices":[{"not_picked":["Prepared","Crippling Poison","Backstab"],"picked":"Acrobatics","floor":14},{"not_picked":["Die Die Die","Phantasmal Killer","Envenom"],"picked":"Malaise","floor":16}],"player_experience":16595,"relics_obtained":[{"floor":1,"key":"Tingsha"},{"floor":2,"key":"Mummified Hand"},{"floor":3,"key":"Shuriken"},{"floor":4,"key":"Torii"},{"floor":7,"key":"WingedGreaves"},{"floor":9,"key":"Meat on the Bone"},{"floor":10,"key":"Shovel"},{"floor":11,"key":"Snake Skull"},{"floor":13,"key":"Question Card"},{"floor":14,"key":"Ginger"},{"floor":18,"key":"Smiling Mask"},{"floor":19,"key":"Juzu Bracelet"},{"floor":20,"key":"Bag of Preparation"},{"floor":21,"key":"Letter Opener"},{"floor":24,"key":"MawBank"},{"floor":26,"key":"Orichalcum"},{"floor":28,"key":"Potion Belt"},{"floor":29,"key":"Happy Flower"},{"floor":30,"key":"Bottled Tornado"},{"floor":31,"key":"Matryoshka"}],"event_choices":[{"damage_healed":0,"gold_gain":0,"player_choice":"Traded Relic","damage_taken":0,"relics_obtained":["Nloth\u0027s Gift"],"max_hp_gain":0,"max_hp_loss":0,"event_name":"N\u0027loth","floor":27,"relics_lost":["Orichalcum"],"gold_loss":0}],"is_beta":false,"boss_relics":[{"not_picked":["Runic Pyramid","Runic Dome"],"picked":"White Beast Statue"}],"items_purged_floors":[5,22],"is_endless":false,"potions_floor_spawned":[3,10,14,16,18,19,20,21,24,29,30,31],"killed_by":"Collector","ascension_level":0}