{"gold_per_floor":[13,88,108,123,123,155,155,186,186,186,197,212,182,201,201,296,296,309,299,299,312,312,341,341,358,358,392,9,29,29,47,47,150,150,168,183,183,200,217,252,252,252,300,300,17,49,49,68,68,68],"floor_reached":51,"playtime":3770,"items_purged":["Writhe"],"score":1137,"play_id":"f15f4d75-2d4e-4960-a6ff-f738728b6610","local_time":"20190206131733","is_ascension_mode":true,"campfire_choices":[{"data":"Predator","floor":7.0,"key":"SMITH"},{"data":"Caltrops","floor":15.0,"key":"SMITH"},{"floor":24.0,"key":"REST"},{"data":"After Image","floor":30,"key":"SMITH"},{"data":"Cloak And Dagger","floor":32,"key":"SMITH"},{"floor":42,"key":"REST"},{"floor":44,"key":"REST"},{"data":"Cloak And Dagger","floor":47,"key":"SMITH"},{"floor":49,"key":"REST"}],"neow_cost":"NO_GOLD","seed_source_timestamp":167498556918600,"circlet_count":0,"master_deck":["Defend_G+1","Defend_G","Strike_G","Strike_G","Survivor","Neutralize","Blur","Slice","Predator+1","Dash","Poisoned Stab","Leg Sweep","Cloak And Dagger+1","Dodge and Roll","Caltrops+1","Infinite Blades","After Image+1","Sucker Punch+1","Predator+1","Footwork+1","Escape Plan+1","Backflip","Adrenaline","Prepared+1","Dodge and Roll+1","Tools of the Trade","Escape Plan","Terror","Venomology","Flash of Steel","Flash of Steel","Violence","Cloak And Dagger+1","Blur"],"special_seed":0,"relics":["Ring of the Snake","Pear","Astrolabe","Nloth\u0027s Gift","Shuriken","Mercury Hourglass","The Courier","Bag of Marbles","Oddly Smooth Stone","Mummified Hand","Philosopher\u0027s Stone","CultistMask","Ancient Tea Set","Happy Flower","Letter Opener","War Paint"],"potions_floor_usage":[27,38,48,50,50],"damage_taken":[{"damage":0.0,"enemies":"Small Slimes","floor":1.0,"turns":3.0},{"damage":0.0,"enemies":"2 Louse","floor":3.0,"turns":4.0},{"damage":0.0,"enemies":"Cultist","floor":4.0,"turns":3.0},{"damage":21.0,"enemies":"Lagavulin","floor":6.0,"turns":6.0},{"damage":12.0,"enemies":"Gremlin Nob","floor":8.0,"turns":4.0},{"damage":0.0,"enemies":"Blue Slaver","floor":11.0,"turns":3.0},{"damage":0.0,"enemies":"Gremlin Gang","floor":12.0,"turns":3.0},{"damage":0.0,"enemies":"3 Louse","floor":14.0,"turns":4.0},{"damage":20.0,"enemies":"Hexaghost","floor":16.0,"turns":13.0},{"damage":0.0,"enemies":"Shell Parasite","floor":18.0,"turns":8.0},{"damage":20.0,"enemies":"2 Thieves","floor":19.0,"turns":4.0},{"damage":6.0,"enemies":"Sentry and Sphere","floor":21.0,"turns":9.0},{"damage":5.0,"enemies":"Book of Stabbing","floor":23.0,"turns":7.0},{"damage":3.0,"enemies":"Snecko","floor":25.0,"turns":7.0},{"damage":3,"enemies":"Slavers","floor":27,"turns":6},{"damage":2,"enemies":"Centurion and Healer","floor":29,"turns":6},{"damage":0,"enemies":"Snake Plant","floor":31,"turns":3},{"damage":16,"enemies":"Automaton","floor":33,"turns":12},{"damage":0,"enemies":"Orb Walker","floor":35,"turns":3},{"damage":0,"enemies":"3 Shapes","floor":36,"turns":4},{"damage":36,"enemies":"Jaw Worm Horde","floor":38,"turns":4},{"damage":0,"enemies":"3 Darklings","floor":39,"turns":6},{"damage":5,"enemies":"Nemesis","floor":40,"turns":7},{"damage":0,"enemies":"Reptomancer","floor":46,"turns":6},{"damage":14,"enemies":"Transient","floor":48,"turns":5},{"damage":0,"enemies":"Donu and Deca","floor":50,"turns":8}],"seed_played":"4496511946007387075","potions_obtained":[{"floor":1.0,"key":"Explosive Potion"},{"floor":3.0,"key":"SkillPotion"},{"floor":8.0,"key":"SkillPotion"},{"floor":13.0,"key":"PowerPotion"},{"floor":13.0,"key":"Strength Potion"},{"floor":14.0,"key":"Weak Potion"},{"floor":23.0,"key":"GhostInAJar"},{"floor":33,"key":"Poison Potion"},{"floor":38,"key":"LiquidBronze"}],"is_trial":false,"path_per_floor":["?","?","?","?","M","?","M","?","?","M","?","$"],"character_chosen":"THE_SILENT","items_purchased":["Oddly Smooth Stone","Mummified Hand","Cloak And Dagger","Letter Opener","Blur"],"campfire_rested":4,"item_purchase_floors":[28,28,45,45,45],"current_hp_per_floor":[63,52,52,52,52,41,41,29,29,22,22,22,22,22,22,2,61,61,41,41,35,35,30,54,51,51,48,48,46,46,46,46,30,68,68,68,68,32,32,27,17,41,41,65,65,65,65,51,75,75],"gold":68,"neow_bonus":"TRANSFORM_TWO_CARDS","is_prod":false,"is_daily":false,"chose_seed":false,"campfire_upgraded":5,"win_rate":0,"timestamp":1549426653,"path_taken":["M","?","M","M","?","E","R","E","T","?","M","M","?","M","R","BOSS","M","?","?","?","?","E","R","M","T","E","$","M","R","M","R","BOSS","M","M","?","M","?","E","?","R","T","R","?","E","R","M","R","BOSS"],"build_version":"2019-01-23","purchased_purges":1,"victory":true,"max_hp_per_floor":[70,70,70,70,70,80,80,80,80,80,80,80,80,80,80,80,80,80,80,80,80,80,80,80,80,80,80,80,80,80,80,80,80,80,80,80,80,80,80,80,80,80,80,80,80,80,80,80,80,80],"card_choices":[{"not_picked":["Blur","Flechettes"],"picked":"Predator","floor":1.0},{"not_picked":["Concentrate","Flechettes"],"picked":"Dash","floor":3.0},{"not_picked":["Outmaneuver","Riddle With Holes"],"picked":"Poisoned Stab","floor":4.0},{"not_picked":["Quick Slash","PiercingWail"],"picked":"Leg Sweep","floor":6.0},{"not_picked":["Burst","Endless Agony"],"picked":"Cloak And Dagger","floor":8.0},{"not_picked":["Flying Knee","Bane"],"picked":"Dodge and Roll","floor":11.0},{"not_picked":["Infinite Blades","Prepared"],"picked":"Caltrops","floor":12.0},{"not_picked":["Slice","Eviscerate"],"picked":"Infinite Blades","floor":14.0},{"not_picked":["Unload","Night Terror"],"picked":"After Image","floor":16.0},{"not_picked":["Sucker Punch","Calculated Gamble"],"picked":"Escape Plan","floor":18.0},{"not_picked":["Flying Knee","Calculated Gamble"],"picked":"Backflip","floor":19.0},{"not_picked":["Predator","Eviscerate+1","All Out Attack"],"picked":"SKIP","floor":21.0},{"not_picked":["Calculated Gamble","Accuracy+1"],"picked":"Adrenaline","floor":23.0},{"not_picked":["Catalyst","Blade Dance"],"picked":"Prepared+1","floor":25.0},{"not_picked":["Poisoned Stab","Night Terror"],"picked":"Dodge and Roll+1","floor":27},{"not_picked":["Flying Knee","Choke+1","Noxious Fumes"],"picked":"SKIP","floor":29},{"not_picked":["Bane","Riddle With Holes","Sucker Punch"],"picked":"SKIP","floor":31},{"not_picked":["Grand Finale","Bullet Time"],"picked":"Tools of the Trade","floor":33},{"not_picked":["Tools of the Trade","Outmaneuver","Flying Knee+1"],"picked":"SKIP","floor":35},{"not_picked":["Malaise","Sucker Punch"],"picked":"Escape Plan","floor":36},{"not_picked":["Prepared","Backflip"],"picked":"Terror","floor":38},{"not_picked":["Outmaneuver+1","Backstab","Deflect"],"picked":"SKIP","floor":39},{"not_picked":["Noxious Fumes+1","Quick Slash+1"],"picked":"Venomology","floor":40},{"not_picked":["Bandage Up","Trip"],"picked":"Flash of Steel","floor":41},{"not_picked":["Enlightenment","Purity"],"picked":"Flash of Steel","floor":41},{"not_picked":["Enlightenment","Mind Blast"],"picked":"Violence","floor":41},{"not_picked":["PiercingWail","Envenom","Sucker Punch"],"picked":"SKIP","floor":46},{"not_picked":["Deadly Poison","Eviscerate","Flying Knee"],"picked":"SKIP","floor":48}],"player_experience":252071,"relics_obtained":[{"floor":6.0,"key":"Pear"},{"floor":9.0,"key":"Dodecahedron"},{"floor":23.0,"key":"Mercury Hourglass"},{"floor":26.0,"key":"The Courier"},{"floor":27,"key":"Bag of Marbles"},{"floor":40,"key":"Ancient Tea Set"},{"floor":43,"key":"Happy Flower"},{"floor":46,"key":"War Paint"}],"event_choices":[{"damage_healed":0.0,"max_hp_gain":0.0,"max_hp_loss":0.0,"gold_gain":75.0,"event_name":"World of Goop","player_choice":"Gather Gold","floor":2.0,"gold_loss":0.0,"damage_taken":11.0},{"damage_healed":0.0,"max_hp_gain":0.0,"max_hp_loss":0.0,"gold_gain":0.0,"event_name":"Liars Game","player_choice":"Ignored","floor":5.0,"gold_loss":0.0,"damage_taken":0.0},{"cards_removed":["Strike_G"],"damage_healed":0.0,"max_hp_gain":0.0,"max_hp_loss":0.0,"gold_gain":0.0,"event_name":"Golden Wing","player_choice":"Card Removal","floor":10.0,"gold_loss":0.0,"damage_taken":7.0},{"damage_healed":0.0,"max_hp_gain":0.0,"max_hp_loss":0.0,"gold_gain":0.0,"event_name":"The Woman in Blue","player_choice":"Bought 2 Potions","floor":13.0,"gold_loss":0.0,"damage_taken":0.0},{"damage_healed":0.0,"max_hp_gain":0.0,"max_hp_loss":0.0,"gold_gain":0.0,"event_name":"N\u0027loth","player_choice":"Traded Relic","floor":20.0,"relics_lost":["Dodecahedron"],"gold_loss":0.0,"damage_taken":0.0,"relics_obtained":["Nloth\u0027s Gift"]},{"damage_healed":0.0,"max_hp_gain":0.0,"max_hp_loss":0.0,"gold_gain":0.0,"event_name":"The Mausoleum","player_choice":"Opened","floor":22.0,"gold_loss":0.0,"damage_taken":0.0,"relics_obtained":["Shuriken"],"cards_obtained":["Writhe"]},{"damage_healed":0,"gold_gain":0,"player_choice":"Trade","damage_taken":0,"relics_obtained":["CultistMask"],"max_hp_gain":0,"max_hp_loss":0,"event_name":"FaceTrader","floor":37,"gold_loss":0},{"damage_healed":0,"gold_gain":0,"player_choice":"Memory 3","damage_taken":10,"max_hp_gain":0,"max_hp_loss":0,"event_name":"SensoryStone","floor":41,"gold_loss":0}],"is_beta":false,"boss_relics":[{"not_picked":["Black Star","Busted Crown"],"picked":"Astrolabe"},{"not_picked":["Calling Bell","Fusion Hammer"],"picked":"Philosopher\u0027s Stone"}],"items_purged_floors":[28],"is_endless":false,"potions_floor_spawned":[1,3,8,14,21,23,25,33,35,38,46],"ascension_level":9}