{"path_per_floor":["M","?","M","?","M","R","$","R","T","E","?","M","R","$","R","B",null,"M","?","$","M","M","R","E","R","T","M","M","R","?","M","R","B",null,"M","?","?","?","$","M","?","R","T","$","R","T","?","?","R","B"],"character_chosen":"IRONCLAD","items_purchased":["Bag of Preparation","Uppercut","Orichalcum","Apotheosis"],"gold_per_floor":[113,113,129,229,241,241,92,92,92,121,121,135,135,96,96,198,198,215,215,60,75,94,94,126,126,126,144,159,159,159,170,170,267,267,277,277,277,277,78,94,149,149,149,149,149,149,149,149,149,149],"floor_reached":51,"campfire_rested":3,"playtime":1453,"item_purchase_floors":[7,14,20,39],"current_hp_per_floor":[78,62,71,71,74,73,72,71,70,58,58,67,66,65,64,63,62,61,60,59,53,57,56,55,54,53,52,46,46,49,48,47,36,45,44,43,38,38,38,39,38,37,36,35,34,33,32,31,30,11],"items_purged":[],"gold":149,"score":759,"play_id":"a180727e-8db0-41f2-af38-cd79bdb1a7cd","local_time":"20180618193911","daily_mods":["Allstar","Binary","Terminal"],"is_prod":false,"is_daily":false,"chose_seed":true,"is_ascension_mode":false,"campfire_upgraded":8,"win_rate":0,"timestamp":1529343551,"campfire_choices":[{"data":"Searing Blow","floor":6,"key":"SMITH"},{"data":"Searing Blow+1","floor":8,"key":"SMITH"},{"data":"Searing Blow+2","floor":13,"key":"SMITH"},{"data":"Searing Blow+3","floor":15,"key":"SMITH"},{"data":"Searing Blow+4","floor":23,"key":"SMITH"},{"data":"Searing Blow+5","floor":25,"key":"SMITH"},{"data":"Searing Blow+6","floor":29,"key":"SMITH"},{"data":"Searing Blow+7","floor":32,"key":"SMITH"},{"floor":42,"key":"REST"},{"floor":45,"key":"REST"},{"floor":49,"key":"REST"}],"path_taken":["M","?","M","?","M","R","?","R","T","E","?","?","R","$","R","BOSS","M","?","$","M","M","R","E","R","T","M","M","R","?","M","R","BOSS","M","?","?","?","$","M","?","R","T","$","R","?","?","?","R","BOSS"],"build_version":"2018-06-14v2","seed_source_timestamp":3523222545783236,"purchased_purges":0,"victory":true,"master_deck":["Strike_R+1","Strike_R+1","Strike_R+1","Strike_R+1","Defend_R+1","Defend_R+1","Defend_R+1","Defend_R+1","Bash+1","Secret Weapon+1","Panache+1","Enlightenment+1","Secret Weapon+1","Bandage Up+1","Searing Blow+9","Ghostly Armor+1","Armaments+1","Uppercut+1","Shockwave+1","Rage+1","True Grit+1","Battle Trance+1","Battle Trance+1","Armaments+1","Impervious+1","Shrug It Off+1","Madness+1","Madness+1","Apotheosis+1","Headbutt+1"],"max_hp_per_floor":[78,77,76,75,74,73,72,71,70,69,68,67,66,65,64,63,62,61,60,59,58,57,56,55,54,53,52,51,50,49,48,47,46,45,44,43,42,41,40,39,38,37,36,35,34,33,32,31,30,29],"special_seed":29952015251857,"relics":["Burning Blood","Bag of Preparation","Prayer Wheel","Whetstone","Velvet Choker","Orichalcum","Juzu Bracelet","Mercury Hourglass","Fusion Hammer","Magic Flower","Turnip","Torii","Mark of the Bloom"],"card_choices":[{"not_picked":["Sword Boomerang"],"picked":"Searing Blow","floor":1},{"not_picked":["Perfected Strike"],"picked":"Ghostly Armor","floor":3},{"not_picked":["Corruption","Sword Boomerang"],"picked":"SKIP","floor":5},{"not_picked":["Disarm"],"picked":"Armaments","floor":10},{"not_picked":["Seeing Red","Warcry"],"picked":"SKIP","floor":12},{"not_picked":["Second Wind","Clash"],"picked":"SKIP","floor":12},{"not_picked":["Shrug It Off"],"picked":"Shockwave+1","floor":18},{"not_picked":["Clash","Rampage+1"],"picked":"SKIP","floor":18},{"not_picked":["Carnage"],"picked":"Rage+1","floor":21},{"not_picked":["Havoc","Second Wind"],"picked":"SKIP","floor":21},{"not_picked":["Blood for Blood"],"picked":"True Grit+1","floor":22},{"not_picked":["Bloodletting"],"picked":"Battle Trance+1","floor":22},{"not_picked":["Rupture+1","Cleave+1"],"picked":"SKIP","floor":24},{"not_picked":["Searing Blow+1","Wild Strike"],"picked":"SKIP","floor":27},{"not_picked":["Wild Strike","Corruption"],"picked":"SKIP","floor":27},{"not_picked":["Flex+1"],"picked":"Battle Trance+1","floor":28},{"not_picked":["Infernal Blade"],"picked":"Armaments+1","floor":28},{"not_picked":["Thunderclap"],"picked":"Impervious","floor":31},{"not_picked":["Flex","Iron Wave"],"picked":"SKIP","floor":31},{"not_picked":["Blood for Blood+1"],"picked":"Shrug It Off","floor":35},{"not_picked":["Pommel Strike+1","Cleave+1"],"picked":"SKIP","floor":35},{"not_picked":["Carnage","Heavy Blade+1"],"picked":"SKIP","floor":40},{"not_picked":["Wild Strike","Perfected Strike"],"picked":"SKIP","floor":40},{"not_picked":["Evolve"],"picked":"Headbutt","floor":41}],"player_experience":876087,"potions_floor_usage":[24,50,50,50],"damage_taken":[{"damage":0,"enemies":"2 Louse","floor":1,"turns":2},{"damage":1,"enemies":"Cultist","floor":3,"turns":4},{"damage":0,"enemies":"Jaw Worm","floor":5,"turns":3},{"damage":18,"enemies":"Gremlin Nob","floor":10,"turns":4},{"damage":0,"enemies":"Exordium Wildlife","floor":12,"turns":2},{"damage":0,"enemies":"Slime Boss","floor":16,"turns":8},{"damage":2,"enemies":"2 Thieves","floor":18,"turns":4},{"damage":12,"enemies":"Chosen","floor":21,"turns":5},{"damage":1,"enemies":"Centurion and Healer","floor":22,"turns":5},{"damage":0,"enemies":"Slavers","floor":24,"turns":5},{"damage":0,"enemies":"Snake Plant","floor":27,"turns":1},{"damage":12,"enemies":"Snecko","floor":28,"turns":4},{"damage":0,"enemies":"Centurion and Healer","floor":31,"turns":3},{"damage":17,"enemies":"Automaton","floor":33,"turns":7},{"damage":3,"enemies":"3 Darklings","floor":35,"turns":4},{"damage":0,"enemies":"3 Shapes","floor":40,"turns":4},{"damage":1,"floor":41,"turns":6},{"damage":19,"enemies":"Donu and Deca","floor":50,"turns":7}],"relics_obtained":[{"floor":9,"key":"Prayer Wheel"},{"floor":10,"key":"Whetstone"},{"floor":24,"key":"Juzu Bracelet"},{"floor":26,"key":"Mercury Hourglass"},{"floor":41,"key":"Magic Flower"},{"floor":43,"key":"Turnip"},{"floor":46,"key":"Torii"}],"event_choices":[{"event_name":"Shining Light","player_choice":"Entered Light","floor":2,"damage_taken":0},{"event_name":"Golden Shrine","player_choice":"Pray","floor":4,"damage_taken":0},{"event_name":"Living Wall","player_choice":"Grow","floor":11,"damage_taken":0},{"event_name":"The Woman in Blue","player_choice":"Bought 0 Potions","floor":19,"damage_taken":0},{"event_name":"The Library","player_choice":"Heal","floor":30,"damage_taken":0},{"event_name":"Falling","player_choice":"Removed Attack","floor":36,"damage_taken":0},{"event_name":"Winding Halls","player_choice":"Embrace Madness","floor":37,"damage_taken":0},{"event_name":"Tomb of Lord Red Mask","player_choice":"Ignored","floor":38,"damage_taken":0},{"event_name":"Mysterious Sphere","player_choice":"Fight","floor":41,"damage_taken":0},{"event_name":"SensoryStone","player_choice":"Memory 1","floor":47,"damage_taken":0},{"event_name":"MindBloom","player_choice":"Upgrade","floor":48,"damage_taken":0}],"boss_relics":[{"not_picked":["Orrery","Black Star"],"picked":"Velvet Choker"},{"not_picked":["Sozu","Philosopher\u0027s Stone"],"picked":"Fusion Hammer"}],"items_purged_floors":[],"is_endless":false,"potions_floor_spawned":[16,18,21,28,31,33,41],"seed_played":"-7233727237778921634","ascension_level":0,"potions_obtained":[{"floor":16,"key":"EssenceOfSteel"},{"floor":18,"key":"Strength Potion"},{"floor":21,"key":"GamblersBrew"},{"floor":28,"key":"Strength Potion"}],"is_trial":true}