{"gold_per_floor":[118,135,153,170,170,196,215,246,298,331,331,351,351,351,351,424,424,438,237,253,269,244,244,276,287,287,287,300,300,300,332,332,403,403,414,414,428,58,8,8,41,57,84,84,95,160,170,187,187,187],"floor_reached":50,"playtime":3975,"items_purged":["Normality"],"score":996,"play_id":"5cce7170-350f-4245-ac63-3ac3dc5c5b52","local_time":"20180802212531","is_ascension_mode":true,"campfire_choices":[{"data":"True Grit","floor":11.0,"key":"SMITH"},{"data":"Rampage","floor":13.0,"key":"SMITH"},{"data":"Bash","floor":15.0,"key":"SMITH"},{"floor":23.0,"key":"REST"},{"floor":27.0,"key":"REST"},{"floor":32.0,"key":"REST"},{"floor":40,"key":"REST"},{"floor":44,"key":"REST"},{"floor":49,"key":"REST"}],"neow_cost":"NONE","seed_source_timestamp":0,"circlet_count":0,"master_deck":["Strike_R","Strike_R","Strike_R","Strike_R","Strike_R","Defend_R+1","Defend_R","Defend_R","Defend_R","Bash+1","AscendersBane","Inflame","Flame Barrier","Clothesline","Flame Barrier","True Grit+1","Rampage+1","Burning Pact","Demon Form","True Grit","Headbutt","Heavy Blade","Armaments+1","Metallicize+1","Armaments+1","Offering","Limit Break","Seeing Red","Reaper","Heavy Blade+1","Shrug It Off","Armaments+1","Shrug It Off+1"],"special_seed":0,"relics":["Burning Blood","Orichalcum","Bag of Marbles","Bottled Flame","Oddly Smooth Stone","Meat on the Bone","Fusion Hammer","Strawberry","Blood Vial","Dream Catcher","Enchiridion","Red Mask","Cursed Key","Gremlin Horn","Vajra","War Paint","Omamori","Regal Pillow","Tiny Chest"],"potions_floor_usage":[33,41,50],"damage_taken":[{"damage":2.0,"enemies":"Jaw Worm","floor":1.0,"turns":3.0},{"damage":0.0,"enemies":"Small Slimes","floor":2.0,"turns":3.0},{"damage":0.0,"enemies":"Cultist","floor":3.0,"turns":4.0},{"damage":9.0,"enemies":"2 Fungi Beasts","floor":4.0,"turns":5.0},{"damage":36.0,"enemies":"Gremlin Nob","floor":6.0,"turns":6.0},{"damage":10.0,"enemies":"Red Slaver","floor":7.0,"turns":4.0},{"damage":6.0,"enemies":"3 Sentries","floor":8.0,"turns":8.0},{"damage":21.0,"enemies":"Lagavulin","floor":10.0,"turns":6.0},{"damage":1.0,"enemies":"Lots of Slimes","floor":12.0,"turns":6.0},{"damage":30.0,"enemies":"Slime Boss","floor":16.0,"turns":14.0},{"damage":14.0,"enemies":"Shell Parasite","floor":18.0,"turns":7.0},{"damage":2.0,"enemies":"Chosen","floor":20.0,"turns":4.0},{"damage":27.0,"enemies":"Snake Plant","floor":21.0,"turns":4.0},{"damage":39.0,"enemies":"Slavers","floor":24.0,"turns":7.0},{"damage":11.0,"enemies":"Centurion and Healer","floor":25.0,"turns":7.0},{"damage":35.0,"enemies":"Sentry and Sphere","floor":28.0,"turns":5.0},{"damage":25.0,"floor":31.0,"turns":7.0},{"damage":31,"enemies":"Champ","floor":33,"turns":11},{"damage":26,"enemies":"Flame Bruiser 1 Orb","floor":35,"turns":6},{"damage":7,"enemies":"Orb Walker","floor":37,"turns":3},{"damage":55,"enemies":"Giant Head","floor":41,"turns":8},{"damage":5,"enemies":"Flame Bruiser 2 Orb","floor":42,"turns":5},{"damage":5,"enemies":"4 Shapes","floor":45,"turns":7},{"damage":12,"enemies":"Nemesis","floor":46,"turns":5},{"damage":28,"enemies":"Maw","floor":47,"turns":6},{"damage":5,"enemies":"3 Darklings","floor":48,"turns":6},{"damage":118,"enemies":"Donu and Deca","floor":50,"turns":9}],"seed_played":"-6117377656504765743","potions_obtained":[{"floor":1.0,"key":"Fire Potion"},{"floor":7.0,"key":"SpeedPotion"},{"floor":8.0,"key":"SkillPotion"},{"floor":10.0,"key":"Energy Potion"},{"floor":14.0,"key":"FairyPotion"},{"floor":16.0,"key":"SpeedPotion"},{"floor":25.0,"key":"PowerPotion"},{"floor":37,"key":"SteroidPotion"},{"floor":45,"key":"GamblersBrew"},{"floor":47,"key":"PowerPotion"}],"is_trial":false,"path_per_floor":["M","M","M","M","?","E","M","E","T","E","R","M","R","?","R","B",null,"M","$","M","M","$","R","E","M","T","R","M","?","?","?","R","B",null,"M","T","M","$","?","R","E","M","T","R","M","E","M","M","R"],"character_chosen":"IRONCLAD","items_purchased":["Headbutt","Strawberry","Armaments","Limit Break","Vajra"],"campfire_rested":6,"item_purchase_floors":[19,19,22,38,38],"current_hp_per_floor":[72,75,75,72,77,47,43,43,43,28,28,45,45,45,45,33,68,60,67,71,50,50,76,55,52,52,78,51,51,30,25,51,40,75,57,57,58,58,58,84,49,84,84,87,87,81,61,78,87,0],"gold":187,"neow_bonus":"RANDOM_COMMON_RELIC","is_prod":false,"is_daily":false,"chose_seed":false,"campfire_upgraded":3,"win_rate":0,"timestamp":1533237931,"path_taken":["M","M","M","M","?","E","M","E","T","E","R","M","R","?","R","BOSS","M","$","M","M","$","R","E","M","T","R","M","?","?","?","R","BOSS","M","?","?","$","?","R","E","M","T","R","?","E","M","M","R","BOSS"],"build_version":"2018-07-26","purchased_purges":1,"victory":false,"max_hp_per_floor":[75,75,75,75,80,80,80,80,80,80,80,80,80,80,80,80,80,80,87,87,87,87,87,87,87,87,87,87,87,87,87,87,87,87,87,87,87,87,87,87,87,87,87,87,87,87,87,87,87,87],"card_choices":[{"not_picked":["True Grit","Thunderclap"],"picked":"Inflame","floor":1.0},{"not_picked":["Rampage","Clothesline"],"picked":"Flame Barrier","floor":2.0},{"not_picked":["Twin Strike","Sentinel"],"picked":"Clothesline","floor":3.0},{"not_picked":["Rampage","Clash"],"picked":"Flame Barrier","floor":4.0},{"not_picked":["Fiend Fire","Blood for Blood"],"picked":"True Grit","floor":6.0},{"not_picked":["Iron Wave","Pommel Strike","Heavy Blade"],"picked":"SKIP","floor":7.0},{"not_picked":["Rage","Fire Breathing"],"picked":"Rampage","floor":8.0},{"not_picked":["Pommel Strike","Body Slam"],"picked":"Burning Pact","floor":10.0},{"not_picked":["Infernal Blade","Dropkick","Entrench"],"picked":"SKIP","floor":12.0},{"not_picked":["Brutality","Exhume"],"picked":"Demon Form","floor":16.0},{"not_picked":["Iron Wave","Evolve"],"picked":"True Grit","floor":18.0},{"not_picked":["Headbutt","Body Slam"],"picked":"Heavy Blade","floor":20.0},{"not_picked":["Clothesline","Sword Boomerang","Anger"],"picked":"SKIP","floor":21.0},{"not_picked":["Body Slam","Demon Form","Havoc"],"picked":"SKIP","floor":24.0},{"not_picked":["Wild Strike","Sentinel","Twin Strike"],"picked":"SKIP","floor":25.0},{"not_picked":["Second Wind","Iron Wave","Body Slam"],"picked":"SKIP","floor":28.0},{"not_picked":["Perfected Strike","Armaments"],"picked":"Metallicize+1","floor":31.0},{"not_picked":["Power Through","Pommel Strike"],"picked":"Armaments+1","floor":32.0},{"not_picked":["Barricade","Impervious"],"picked":"Offering","floor":33},{"not_picked":["Second Wind","Flex","Anger"],"picked":"SKIP","floor":35},{"not_picked":["Entrench","Wild Strike","Twin Strike"],"picked":"SKIP","floor":37},{"not_picked":["Clash+1","Cleave"],"picked":"Seeing Red","floor":40},{"not_picked":["Blood for Blood","Reckless Charge"],"picked":"Reaper","floor":41},{"not_picked":["Body Slam+1","Wild Strike"],"picked":"Heavy Blade+1","floor":42},{"not_picked":["Pommel Strike","Sever Soul","Bludgeon"],"picked":"SKIP","floor":45},{"not_picked":["Body Slam","Spot Weakness"],"picked":"Shrug It Off","floor":46},{"not_picked":["Clothesline+1","Dropkick","Carnage"],"picked":"SKIP","floor":47},{"not_picked":["Body Slam+1","Heavy Blade"],"picked":"Armaments+1","floor":48},{"not_picked":["Uppercut","Clothesline+1"],"picked":"Shrug It Off+1","floor":49}],"player_experience":1243506,"relics_obtained":[{"floor":6.0,"key":"Bag of Marbles"},{"floor":8.0,"key":"Bottled Flame"},{"floor":9.0,"key":"Oddly Smooth Stone"},{"floor":10.0,"key":"Meat on the Bone"},{"floor":24.0,"key":"Blood Vial"},{"floor":26.0,"key":"Dream Catcher"},{"floor":30.0,"key":"Enchiridion"},{"floor":31.0,"key":"Red Mask"},{"floor":36,"key":"Gremlin Horn"},{"floor":41,"key":"Omamori"},{"floor":43,"key":"Regal Pillow"},{"floor":46,"key":"Tiny Chest"}],"event_choices":[{"event_name":"Big Fish","player_choice":"Donut","floor":5.0,"damage_taken":0.0},{"event_name":"The Lab","player_choice":"Got Potions","floor":14.0,"damage_taken":0.0},{"event_name":"Match and Keep!","player_choice":"0 cards matched","floor":29.0,"damage_taken":0.0},{"event_name":"Cursed Tome","player_choice":"Obtained Book","floor":30.0,"damage_taken":0.0},{"event_name":"Masked Bandits","player_choice":"Fought over 300 gold","floor":31.0,"damage_taken":0.0},{"event_name":"WeMeetAgain","player_choice":"Gold","floor":39,"damage_taken":0}],"is_beta":false,"boss_relics":[{"not_picked":["Eternal Feather","Philosopher\u0027s Stone"],"picked":"Fusion Hammer"},{"not_picked":["Black Star","Empty Cage"],"picked":"Cursed Key"}],"items_purged_floors":[38],"is_endless":false,"potions_floor_spawned":[1,7,8,10,16,18,25,37,45,47],"killed_by":"Donu and Deca","ascension_level":15}