{"gold_per_floor":[111,128,74,90,165,165,184,184,234,234,264,314,314,328,328,328],"floor_reached":16,"playtime":566,"items_purged":[],"score":200,"play_id":"ab0c0eac-6078-4da2-84b5-a5ae063afcf5","local_time":"20190125121737","is_ascension_mode":true,"campfire_choices":[{"data":"Dagger Spray","floor":6.0,"key":"SMITH"},{"data":"Neutralize","floor":8.0,"key":"SMITH"},{"data":"Cloak And Dagger","floor":13.0,"key":"SMITH"},{"data":"Crippling Poison","floor":15.0,"key":"SMITH"}],"neow_cost":"NONE","seed_source_timestamp":0,"circlet_count":0,"master_deck":["AscendersBane","Defend_G","Defend_G","Defend_G","Defend_G","Defend_G","Strike_G","Strike_G","Strike_G","Strike_G","Strike_G","Survivor","Neutralize+1","Caltrops","Dagger Spray+1","Backstab","Well Laid Plans","Cloak And Dagger+1","Crippling Poison+1"],"special_seed":0,"relics":["Ring of the Snake","Strawberry","Blood Vial"],"potions_floor_usage":[16,16],"damage_taken":[{"damage":10.0,"enemies":"Jaw Worm","floor":1.0,"turns":6.0},{"damage":0.0,"enemies":"Small Slimes","floor":2.0,"turns":4.0},{"damage":0.0,"enemies":"Cultist","floor":4.0,"turns":4.0},{"damage":14.0,"enemies":"Large Slime","floor":7.0,"turns":7.0},{"damage":7.0,"enemies":"3 Sentries","floor":11.0,"turns":4.0},{"damage":0.0,"enemies":"Blue Slaver","floor":14.0,"turns":2.0},{"damage":39,"enemies":"Slime Boss","floor":16,"turns":10}],"seed_played":"4562220886639648165","potions_obtained":[{"floor":4.0,"key":"Explosive Potion"},{"floor":11.0,"key":"Explosive Potion"},{"floor":14.0,"key":"Explosive Potion"}],"is_trial":false,"path_per_floor":["M","M","$","M","?","R","M","R","T","?","E","?","R","M","R","B"],"character_chosen":"THE_SILENT","items_purchased":["Dagger Spray"],"campfire_rested":0,"item_purchase_floors":[3],"current_hp_per_floor":[55,55,55,55,44,44,30,30,37,37,30,30,30,32,32,0],"gold":328,"neow_bonus":"TEN_PERCENT_HP_BONUS","is_prod":false,"is_daily":false,"chose_seed":false,"campfire_upgraded":4,"win_rate":0,"timestamp":1548415057,"path_taken":["M","M","$","M","?","R","M","R","T","?","E","?","R","M","R","BOSS"],"build_version":"2019-01-23","purchased_purges":0,"victory":false,"max_hp_per_floor":[72,72,72,72,72,72,72,72,79,79,79,79,79,79,79,79],"card_choices":[{"not_picked":["Acrobatics","Reflex","Prepared"],"picked":"SKIP","floor":1.0},{"not_picked":["Backflip","Tactician"],"picked":"Caltrops","floor":2.0},{"not_picked":["Blade Dance","Underhanded Strike"],"picked":"Backstab","floor":4.0},{"not_picked":["Acrobatics","Flechettes"],"picked":"Well Laid Plans","floor":7.0},{"not_picked":["Underhanded Strike","Accuracy"],"picked":"Cloak And Dagger","floor":11.0},{"not_picked":["PiercingWail","Outmaneuver"],"picked":"Crippling Poison","floor":14.0}],"player_experience":1928531,"relics_obtained":[{"floor":9.0,"key":"Strawberry"},{"floor":11.0,"key":"Blood Vial"}],"event_choices":[{"damage_healed":0.0,"max_hp_gain":0.0,"max_hp_loss":0.0,"gold_gain":75.0,"event_name":"World of Goop","player_choice":"Gather Gold","floor":5.0,"gold_loss":0.0,"damage_taken":11.0},{"damage_healed":0.0,"max_hp_gain":0.0,"max_hp_loss":0.0,"gold_gain":0.0,"event_name":"Liars Game","player_choice":"Ignored","floor":10.0,"gold_loss":0.0,"damage_taken":0.0},{"damage_healed":0.0,"max_hp_gain":0.0,"max_hp_loss":0.0,"gold_gain":50.0,"event_name":"Golden Shrine","player_choice":"Pray","floor":12.0,"gold_loss":0.0,"damage_taken":0.0}],"is_beta":false,"boss_relics":[],"items_purged_floors":[],"is_endless":false,"potions_floor_spawned":[4,11,14],"killed_by":"Slime Boss","ascension_level":20}