{"path_per_floor":["M","?","M","M","$","R","E","M","T","M","E","$","T","M","R","B",null,"M","?","M","M","$","R"],"character_chosen":"IRONCLAD","items_purchased":["Flex","Oddly Smooth Stone"],"gold_per_floor":[109,109,129,139,116,116,146,157,157,173,198,41,41,55,55,157,157,174,74,84,94,94,94],"floor_reached":24,"campfire_rested":0,"playtime":1351,"current_hp_per_floor":[80,64,70,76,76,76,68,74,74,65,64,64,64,68,68,14,80,77,77,78,66,66,66],"items_purged":[],"gold":94,"score":255,"play_id":"7d87a4d0-4166-406a-8bb0-03307b8a8353","is_prod":false,"is_daily":false,"is_ascension_mode":true,"campfire_upgraded":3,"path_taken":["M","?","?","M","$","R","E","?","T","M","E","$","?","M","R","BOSS","M","?","?","M","$","R","E"],"build_version":"2018-02-22-PROD2","purchased_purges":0,"victory":false,"master_deck":["Strike_R","Strike_R","Strike_R","Strike_R+1","Strike_R","Defend_R","Defend_R","Defend_R","Defend_R","Bash","Pommel Strike+1","Metallicize+1","Flex","Flex","Warcry","Warcry","Perfected Strike","Flame Barrier","Metallicize+1","Feed","Heavy Blade","J.A.X.","Metallicize+1","Metallicize"],"max_hp_per_floor":[80,80,80,80,80,80,80,80,80,80,80,80,80,80,80,80,80,80,80,83,83,83,83],"relics":["Burning Blood","NeowsBlessing","Bottled Flame","Bird Faced Urn","Centennial Puzzle","Oddly Smooth Stone","Blood Vial","Velvet Choker"],"card_choices":[{"not_picked":["Twin Strike","Wild Strike"],"picked":"Pommel Strike"},{"not_picked":["Rage","Seeing Red"],"picked":"Metallicize"},{"not_picked":["Clothesline","Clash"],"picked":"Flex"},{"not_picked":["Bludgeon","Burning Pact"],"picked":"Warcry"},{"not_picked":["Uppercut","Battle Trance"],"picked":"Warcry"},{"not_picked":["Warcry","Havoc"],"picked":"Perfected Strike"},{"not_picked":["Warcry","Sword Boomerang"],"picked":"Flame Barrier"},{"not_picked":["Intimidate","Reckless Charge"],"picked":"Metallicize"},{"not_picked":["Immolate","Berserk"],"picked":"Feed"},{"not_picked":["Reckless Charge","Body Slam"],"picked":"Heavy Blade"},{"not_picked":["Havoc","Twin Strike"],"picked":"Metallicize"},{"not_picked":["Perfected Strike","True Grit"],"picked":"Metallicize"}],"player_experience":135496,"potions_floor_usage":[8,11,16,18,24],"damage_taken":[{"damage":0,"enemies":"Jaw Worm","floor":1,"turns":1},{"damage":0,"enemies":"Small Slimes","floor":3,"turns":1},{"damage":0,"enemies":"Cultist","floor":4,"turns":1},{"damage":14,"enemies":"3 Sentries","floor":7,"turns":8},{"damage":0,"enemies":"Gremlin Gang","floor":8,"turns":2},{"damage":17,"enemies":"Red Slaver","floor":10,"turns":4},{"damage":9,"enemies":"Gremlin Nob","floor":11,"turns":4},{"damage":4,"enemies":"Exordium Thugs","floor":14,"turns":5},{"damage":66,"enemies":"Hexaghost","floor":16,"turns":14},{"damage":9,"enemies":"Chosen","floor":18,"turns":4},{"damage":14,"enemies":"Shell Parasite","floor":20,"turns":5},{"damage":26,"enemies":"Snecko","floor":21,"turns":5},{"damage":77,"enemies":"Gremlin Leader","floor":24,"turns":7}],"event_choices":[{"event_name":"Shining Light","player_choice":"Entered Light","floor":2,"damage_taken":0},{"event_name":"Drug Dealer","player_choice":"Got JAXXED","floor":19,"damage_taken":0}],"boss_relics":[{"not_picked":["Runic Cube","Eternal Feather"],"picked":"Velvet Choker"}],"potions_floor_spawned":[4,7,8,11,20],"seed_played":"-4772829417104407363","killed_by":"Gremlin Leader","ascension_level":2,"is_trial":false}