{"gold_per_floor":[112,127,127,127,144,172,192,227,227,237,237,115,148,48,48,145,145,159,159,170,45,45,45,45,45,93,93,110,130,146,159,159,258,258,268,268,17,31,31],"floor_reached":39,"playtime":3500,"items_purged":["Strike_G","Defend_G","Strike_G"],"score":554,"play_id":"4509a0f0-3fce-4a19-9189-332c4e51f924","local_time":"20190131230531","is_ascension_mode":true,"campfire_choices":[{"floor":11.0,"key":"REST"},{"data":"Neutralize","floor":15.0,"key":"SMITH"},{"data":"Blade Dance","floor":23.0,"key":"SMITH"},{"data":"Accuracy","floor":25.0,"key":"SMITH"},{"data":"Well Laid Plans","floor":27.0,"key":"SMITH"},{"floor":32,"key":"REST"}],"neow_cost":"NONE","seed_source_timestamp":0,"circlet_count":0,"master_deck":["Defend_G+1","Defend_G+1","Strike_G","Survivor","Neutralize+1","Eviscerate+1","Dagger Spray+1","Choke+1","Blade Dance+1","Well Laid Plans+1","Dash","Footwork","Dash","Predator","Acrobatics","PiercingWail","Finisher","Burst","Terror","Accuracy+1","Backstab+1","Malaise","Tactician","Blade Dance+1","Burst","Flying Knee+1","Writhe"],"special_seed":0,"relics":["Astrolabe","Dodecahedron","PreservedInsect","Torii","Mercury Hourglass","Question Card","Sozu","Centennial Puzzle","Busted Crown","Ornamental Fan"],"potions_floor_usage":[],"damage_taken":[{"damage":0.0,"enemies":"Jaw Worm","floor":1.0,"turns":3.0},{"damage":0.0,"enemies":"Small Slimes","floor":2.0,"turns":2.0},{"damage":0.0,"enemies":"Cultist","floor":5.0,"turns":3.0},{"damage":10.0,"enemies":"3 Sentries","floor":6.0,"turns":6.0},{"damage":0.0,"enemies":"3 Louse","floor":7.0,"turns":1.0},{"damage":0.0,"enemies":"Lagavulin","floor":8.0,"turns":4.0},{"damage":1.0,"enemies":"Blue Slaver","floor":10.0,"turns":3.0},{"damage":1.0,"enemies":"3 Sentries","floor":13.0,"turns":4.0},{"damage":19.0,"enemies":"Hexaghost","floor":16.0,"turns":13.0},{"damage":1.0,"enemies":"Chosen","floor":18.0,"turns":4.0},{"damage":0.0,"enemies":"3 Byrds","floor":20.0,"turns":3.0},{"damage":1,"enemies":"3 Cultists","floor":28,"turns":5},{"damage":1,"enemies":"Snake Plant","floor":29,"turns":3},{"damage":7,"enemies":"Centurion and Healer","floor":30,"turns":5},{"damage":12,"enemies":"Cultist and Chosen","floor":31,"turns":4},{"damage":52,"enemies":"Automaton","floor":33,"turns":10},{"damage":35,"enemies":"3 Shapes","floor":35,"turns":3},{"damage":13,"enemies":"3 Darklings","floor":38,"turns":4},{"damage":0,"enemies":"4 Shapes","floor":39,"turns":1}],"seed_played":"-2128369093834769511","potions_obtained":[{"floor":5.0,"key":"GamblersBrew"},{"floor":6.0,"key":"Strength Potion"},{"floor":7.0,"key":"Strength Potion"},{"floor":10.0,"key":"Poison Potion"}],"is_trial":false,"path_per_floor":["?","?","M","?","?","?","M","?"],"character_chosen":"THE_SILENT","items_purchased":["PiercingWail","Ornamental Fan"],"campfire_rested":2,"item_purchase_floors":[12,37],"current_hp_per_floor":[63,63,60,46,46,36,36,36,36,35,56,56,55,55,55,36,62,61,61,61,61,61,61,54,54,54,54,53,52,45,33,54,2,53,18,36,36,23,23],"gold":31,"neow_bonus":"BOSS_RELIC","is_prod":false,"is_daily":false,"chose_seed":false,"campfire_upgraded":4,"win_rate":0,"timestamp":1548943531,"path_taken":["M","M","?","?","M","E","?","E","T","M","R","$","E","$","R","BOSS","M","?","M","$","?","R","?","R","T","R","M","M","?","M","R","BOSS","M","?","$","M","M"],"build_version":"2019-01-23","purchased_purges":3,"victory":false,"max_hp_per_floor":[70,70,70,70,70,70,70,70,70,70,70,70,70,70,70,70,70,70,70,70,70,70,70,70,70,70,70,70,70,70,70,70,70,70,70,70,70,70,70],"card_choices":[{"not_picked":["Poisoned Stab","Underhanded Strike"],"picked":"Blade Dance","floor":1.0},{"not_picked":["Flechettes","Endless Agony"],"picked":"Well Laid Plans","floor":2.0},{"not_picked":["Backflip","Prepared"],"picked":"Dash","floor":5.0},{"not_picked":["Slice","Flying Knee"],"picked":"Footwork","floor":6.0},{"not_picked":["Outmaneuver","Dagger Spray"],"picked":"Dash","floor":7.0},{"not_picked":["Night Terror","Eviscerate"],"picked":"Predator","floor":8.0},{"not_picked":["Poisoned Stab","Footwork"],"picked":"Acrobatics","floor":10.0},{"not_picked":["Blade Dance","Eviscerate"],"picked":"Finisher","floor":13.0},{"not_picked":["Night Terror","Tools of the Trade","Envenom"],"picked":"Burst","floor":16.0},{"not_picked":["Slice","Poisoned Stab","Prepared"],"picked":"Terror","floor":18.0},{"not_picked":["Outmaneuver+1","Underhanded Strike","Well Laid Plans"],"picked":"Accuracy","floor":20.0},{"not_picked":["Deflect+1","Acrobatics","Deadly Poison"],"picked":"Backstab+1","floor":28},{"not_picked":["Acrobatics","Bouncing Flask","Outmaneuver"],"picked":"Malaise","floor":29},{"not_picked":["Dagger Spray+1","PiercingWail","Slice"],"picked":"Tactician","floor":30},{"not_picked":["Sucker Punch+1","Underhanded Strike","Deflect"],"picked":"Blade Dance+1","floor":31},{"not_picked":["Malaise","Grand Finale","Doppelganger"],"picked":"Burst","floor":33},{"not_picked":["Poisoned Stab"],"picked":"Flying Knee+1","floor":35},{"not_picked":["Dash+1","Deadly Poison"],"picked":"SKIP","floor":38}],"player_experience":166996,"relics_obtained":[{"floor":6.0,"key":"PreservedInsect"},{"floor":8.0,"key":"Torii"},{"floor":9.0,"key":"Mercury Hourglass"},{"floor":13.0,"key":"Question Card"},{"floor":26.0,"key":"Centennial Puzzle"}],"event_choices":[{"damage_healed":0.0,"max_hp_gain":0.0,"max_hp_loss":0.0,"gold_gain":0.0,"event_name":"Scrap Ooze","player_choice":"Success","floor":3.0,"gold_loss":0.0,"damage_taken":3.0,"relics_obtained":["Dodecahedron"]},{"damage_healed":0.0,"max_hp_gain":0.0,"max_hp_loss":0.0,"gold_gain":0.0,"event_name":"Shining Light","player_choice":"Entered Light","floor":4.0,"gold_loss":0.0,"damage_taken":14.0,"cards_upgraded":["Defend_G","Defend_G"]},{"cards_removed":["Strike_G"],"damage_healed":0.0,"max_hp_gain":0.0,"max_hp_loss":0.0,"gold_gain":0.0,"event_name":"Back to Basics","player_choice":"Elegance","floor":19.0,"gold_loss":0.0,"damage_taken":0.0},{"damage_healed":0.0,"max_hp_gain":0.0,"max_hp_loss":0.0,"gold_gain":0.0,"event_name":"Vampires","player_choice":"Ignored","floor":22.0,"gold_loss":0.0,"damage_taken":0.0},{"damage_healed":0.0,"max_hp_gain":0.0,"max_hp_loss":0.0,"gold_gain":0.0,"event_name":"Knowing Skull","player_choice":"","floor":24.0,"potions_obtained":[],"gold_loss":0.0,"damage_taken":7.0,"cards_obtained":[]},{"damage_healed":18,"gold_gain":0,"player_choice":"Writhe","damage_taken":0,"max_hp_gain":0,"max_hp_loss":0,"event_name":"Winding Halls","floor":36,"gold_loss":0,"cards_obtained":["Writhe"]}],"is_beta":false,"boss_relics":[{"not_picked":["Runic Dome","Fusion Hammer"],"picked":"Sozu"},{"not_picked":["Runic Pyramid","HoveringKite"],"picked":"Busted Crown"}],"items_purged_floors":[12,14,21],"is_endless":false,"potions_floor_spawned":[5,6,7,10,28,29,31,38],"killed_by":"4 Shapes","ascension_level":6}