{"gold_per_floor":[116,116,128,128,147,147,175,175,175,210,226,226,59,83,83,174,174,198,34,58,58,73,73,73],"floor_reached":24,"playtime":608,"items_purged":[],"score":412,"play_id":"cd5b5234-4355-455e-ba15-5c3967ef7cf1","local_time":"20181115131916","is_ascension_mode":true,"campfire_choices":[{"data":"Bash","floor":6.0,"key":"SMITH"},{"floor":8.0,"key":"REST"},{"data":"Disarm","floor":15.0,"key":"SMITH"},{"floor":23.0,"key":"REST"}],"neow_cost":"NONE","seed_source_timestamp":0,"circlet_count":0,"master_deck":["AscendersBane","Strike_R","Strike_R","Strike_R","Strike_R","Strike_R","Defend_R","Defend_R","Defend_R","Bash+1","Disarm+1","Flame Barrier","Twin Strike","Armaments","Anger","Warcry+1","Injury","Limit Break+1","Dark Embrace","Burning Pact+1","Corruption+1"],"special_seed":0,"relics":["Burning Blood","NeowsBlessing","Darkstone Periapt","Mercury Hourglass","Red Skull","Toxic Egg 2","Golden Idol","Bronze Scales","Mark of Pain","Vajra"],"potions_floor_usage":[],"damage_taken":[{"damage":0.0,"enemies":"Small Slimes","floor":1.0,"turns":1.0},{"damage":0.0,"enemies":"2 Louse","floor":3.0,"turns":1.0},{"damage":0.0,"enemies":"Cultist","floor":5.0,"turns":1.0},{"damage":52.0,"enemies":"Lagavulin","floor":7.0,"turns":7.0},{"damage":18.0,"enemies":"3 Sentries","floor":10.0,"turns":7.0},{"damage":1.0,"enemies":"Large Slime","floor":11.0,"turns":5.0},{"damage":14.0,"enemies":"Red Slaver","floor":14.0,"turns":2.0},{"damage":22.0,"enemies":"Hexaghost","floor":16.0,"turns":9.0},{"damage":40.0,"enemies":"Shell Parasite","floor":18.0,"turns":6.0},{"damage":0.0,"enemies":"3 Byrds","floor":20.0,"turns":1.0},{"damage":34.0,"enemies":"Cultist and Chosen","floor":22.0,"turns":6.0},{"damage":38,"enemies":"Book of Stabbing","floor":24,"turns":4}],"seed_played":"5349287542588478653","potions_obtained":[{"floor":5.0,"key":"Swift Potion"},{"floor":20.0,"key":"Fire Potion"}],"is_trial":false,"path_per_floor":["M","?","M","?","M","R","E","R","T","E","M","?","$","M","R","B",null,"M","$","M","?","M","R","E"],"character_chosen":"IRONCLAD","items_purchased":["Bronze Scales","Vajra"],"campfire_rested":2,"item_purchase_floors":[13,19],"current_hp_per_floor":[74,69,75,75,75,75,29,51,51,39,44,50,50,42,42,26,67,33,33,39,39,11,35,0],"gold":73,"neow_bonus":"THREE_ENEMY_KILL","is_prod":false,"is_daily":false,"chose_seed":false,"campfire_upgraded":2,"win_rate":0,"timestamp":1542284356,"path_taken":["M","?","M","?","?","R","E","R","T","E","M","?","$","M","R","BOSS","M","$","M","?","M","R","E"],"build_version":"2018-11-08","purchased_purges":0,"victory":false,"max_hp_per_floor":[75,75,75,75,75,75,75,75,75,75,75,81,81,81,81,81,81,81,81,81,81,81,81,81],"card_choices":[{"not_picked":["Armaments","Inflame"],"picked":"Disarm","floor":1.0},{"not_picked":["Pommel Strike","Havoc"],"picked":"Flame Barrier","floor":3.0},{"not_picked":["Flex","Thunderclap"],"picked":"Twin Strike","floor":5.0},{"not_picked":["Fire Breathing","Wild Strike"],"picked":"Armaments","floor":7.0},{"not_picked":["Carnage","Thunderclap"],"picked":"Anger","floor":10.0},{"not_picked":["Havoc+1","Wild Strike"],"picked":"Warcry+1","floor":11.0},{"not_picked":["Heavy Blade","Whirlwind"],"picked":"Limit Break+1","floor":14.0},{"not_picked":["Impervious+1","Juggernaut"],"picked":"Dark Embrace","floor":16.0},{"not_picked":["Battle Trance+1","Pommel Strike+1"],"picked":"Burning Pact+1","floor":18.0},{"not_picked":["Headbutt","Sword Boomerang"],"picked":"Corruption+1","floor":20.0},{"not_picked":["Dual Wield+1","Perfected Strike","Heavy Blade"],"picked":"SKIP","floor":22.0}],"player_experience":1706059,"relics_obtained":[{"floor":7.0,"key":"Mercury Hourglass"},{"floor":9.0,"key":"Red Skull"},{"floor":10.0,"key":"Toxic Egg 2"}],"event_choices":[{"damage_healed":0.0,"max_hp_gain":0.0,"max_hp_loss":0.0,"gold_gain":0.0,"event_name":"Scrap Ooze","player_choice":"Success","floor":2.0,"gold_loss":0.0,"damage_taken":5.0,"relics_obtained":["Darkstone Periapt"]},{"cards_removed":["Defend_R"],"damage_healed":0.0,"max_hp_gain":0.0,"max_hp_loss":0.0,"gold_gain":0.0,"event_name":"Bonfire Elementals","player_choice":"Offered Basic","floor":4.0,"gold_loss":0.0,"damage_taken":0.0},{"damage_healed":0.0,"max_hp_gain":0.0,"max_hp_loss":0.0,"gold_gain":0.0,"event_name":"Golden Idol","player_choice":"Take Wound","floor":12.0,"gold_loss":0.0,"damage_taken":0.0,"relics_obtained":["Golden Idol"],"cards_obtained":["Injury"]},{"damage_healed":0.0,"max_hp_gain":0.0,"max_hp_loss":0.0,"gold_gain":0.0,"event_name":"Vampires","player_choice":"Ignored","floor":21.0,"gold_loss":0.0,"damage_taken":0.0}],"is_beta":false,"boss_relics":[{"not_picked":["Philosopher\u0027s Stone","Black Star"],"picked":"Mark of Pain"}],"items_purged_floors":[],"is_endless":false,"potions_floor_spawned":[5,20],"killed_by":"Book of Stabbing","ascension_level":20}