{"path_per_floor":["M","M","$","?","M","R","?","E","T","R","?","M","M","M","R","B",null,"M","?","M","$","M","R","?","M","T","?","M","M","E","$","R"],"character_chosen":"IRONCLAD","items_purchased":["Mercury Hourglass","Magic Flower","Block Potion"],"gold_per_floor":[365,378,120,120,134,134,134,170,170,170,170,186,206,224,224,353,353,371,371,394,98,116,116,116,135,135,135,156,171,205,154,154],"floor_reached":33,"campfire_rested":1,"playtime":1023,"current_hp_per_floor":[46,51,51,51,50,50,50,48,48,48,74,73,66,72,79,60,80,76,76,71,71,66,66,66,75,75,75,60,55,36,36,62],"items_purged":[],"gold":154,"score":336,"play_id":"cc54f3a2-da17-48c3-b510-3322bcae2834","local_time":"20180311201332","is_prod":false,"is_daily":false,"is_ascension_mode":true,"campfire_upgraded":1,"timestamp":1520795612,"path_taken":["M","M","$","?","?","R","?","E","T","R","?","M","M","?","R","BOSS","M","?","M","$","M","R","?","M","T","?","?","M","E","$","R","BOSS"],"build_version":"2018-03-09","purchased_purges":0,"victory":false,"master_deck":["Strike_R+1","Strike_R+1","Strike_R+1","Strike_R+1","Strike_R+1","Defend_R+1","Defend_R+1","Defend_R+1","Defend_R+1","Bash","Perfected Strike+1","Headbutt","Dropkick","Flex","Clothesline","True Grit+1","Burning Pact+1","Iron Wave+1","Clothesline+1"],"max_hp_per_floor":[80,80,80,80,80,80,80,80,80,80,80,80,80,80,87,87,87,87,87,87,87,87,87,87,87,87,87,87,87,87,87,87],"relics":["Burning Blood","Mercury Hourglass","Omamori","Golden Idol","Bag of Marbles","Shovel","Lantern","Strawberry","Runic Dome","Magic Flower","Sundial","Toolbox","Gambling Chip","Bird Faced Urn"],"card_choices":[{"not_picked":["Sword Boomerang","Havoc"],"picked":"Perfected Strike"},{"not_picked":["Pommel Strike","Searing Blow"],"picked":"Headbutt"},{"not_picked":["Carnage","Warcry"],"picked":"Dropkick"},{"not_picked":["Iron Wave","Pommel Strike"],"picked":"Flex"},{"not_picked":["Infernal Blade","Exhume"],"picked":"Clothesline"},{"not_picked":["Body Slam","Clothesline"],"picked":"True Grit"},{"not_picked":["Pummel","Pommel Strike"],"picked":"Burning Pact"},{"not_picked":["Dual Wield","Sentinel"],"picked":"Iron Wave"},{"not_picked":["Rage","Intimidate"],"picked":"Clothesline"}],"player_experience":277613,"potions_floor_usage":[20,29,33,33,33],"damage_taken":[{"damage":0,"enemies":"2 Louse","floor":1,"turns":3},{"damage":1,"enemies":"Cultist","floor":2,"turns":3},{"damage":7,"enemies":"Jaw Worm","floor":5,"turns":2},{"damage":8,"enemies":"Gremlin Nob","floor":8,"turns":3},{"damage":7,"enemies":"Looter","floor":12,"turns":3},{"damage":13,"enemies":"Blue Slaver","floor":13,"turns":2},{"damage":0,"enemies":"Large Slime","floor":14,"turns":3},{"damage":25,"enemies":"Slime Boss","floor":16,"turns":9},{"damage":10,"enemies":"Shell Parasite","floor":18,"turns":3},{"damage":11,"enemies":"Spheric Guardian","floor":20,"turns":3},{"damage":14,"enemies":"Centurion and Healer","floor":22,"turns":3},{"damage":0,"enemies":"Snake Plant","floor":25,"turns":3},{"damage":24,"enemies":"Sentry and Sphere","floor":28,"turns":4},{"damage":14,"enemies":"Centurion and Healer","floor":29,"turns":3},{"damage":28,"enemies":"Book of Stabbing","floor":30,"turns":4},{"damage":95,"enemies":"Automaton","floor":33,"turns":6}],"event_choices":[{"event_name":"Wheel of Change","player_choice":"Relic","floor":4,"damage_taken":0},{"event_name":"Golden Idol","player_choice":"Take Wound","floor":7,"damage_taken":0},{"event_name":"Big Fish","player_choice":"Banana","floor":11,"damage_taken":0},{"event_name":"Vampires","player_choice":"Ignored","floor":19,"damage_taken":0},{"event_name":"Accursed Blacksmith","player_choice":"Rummage","floor":24,"damage_taken":0},{"event_name":"Back to Basics","player_choice":"Simplicity","floor":27,"damage_taken":0}],"boss_relics":[{"not_picked":["Runic Pyramid","Ectoplasm"],"picked":"Runic Dome"}],"potions_floor_spawned":[5,8,18,20,29],"seed_played":"-6165256768617687455","killed_by":"Automaton","ascension_level":5,"is_trial":false}