{"gold_per_floor":[112,132,57,1,11,44,44,72,98,112,112,126,126,26,26,128,128,148,159,9,25,25,25,25,25],"floor_reached":25,"playtime":2086,"items_purged":["Strike_B","Strike_B","Strike_B"],"score":264,"play_id":"4b5268d3-b043-442b-aa7b-f207e4b4a973","local_time":"20190213003742","is_ascension_mode":true,"campfire_choices":[{"data":"Coolheaded","floor":7.0,"key":"SMITH"},{"floor":11.0,"key":"REST"},{"data":"Double Energy","floor":15.0,"key":"SMITH"},{"floor":23,"key":"REST"}],"neow_cost":"NONE","seed_source_timestamp":42558988878742,"circlet_count":0,"master_deck":["Defend_B","Defend_B","Defend_B","Zap","Dualcast","Double Energy+1","Cold Snap","Loop","Coolheaded+1","Machine Learning","Ball Lightning","Reinforced Body","Rainbow","Hologram","Ball Lightning+1","Conserve Battery","Chill","Shame"],"special_seed":0,"relics":["FrozenCore","Boot","Art of War","Vajra","Bag of Preparation","Bag of Marbles"],"potions_floor_usage":[21,21],"damage_taken":[{"damage":7.0,"enemies":"Small Slimes","floor":1.0,"turns":2.0},{"damage":0.0,"enemies":"Cultist","floor":2.0,"turns":3.0},{"damage":0.0,"enemies":"2 Louse","floor":5.0,"turns":2.0},{"damage":21.0,"enemies":"Gremlin Nob","floor":6.0,"turns":5.0},{"damage":19.0,"enemies":"Lagavulin","floor":8.0,"turns":8.0},{"damage":0.0,"enemies":"Large Slime","floor":10.0,"turns":6.0},{"damage":4.0,"enemies":"3 Louse","floor":12.0,"turns":3.0},{"damage":32.0,"enemies":"The Guardian","floor":16.0,"turns":16.0},{"damage":22.0,"enemies":"Chosen","floor":18.0,"turns":5.0},{"damage":7.0,"enemies":"Spheric Guardian","floor":19.0,"turns":4.0},{"damage":8,"enemies":"Shelled Parasite and Fungi","floor":21,"turns":6},{"damage":66,"enemies":"Gremlin Leader","floor":25,"turns":7}],"seed_played":"-4117243216054713187","potions_obtained":[{"floor":2.0,"key":"FocusPotion"},{"floor":6.0,"key":"Swift Potion"},{"floor":8.0,"key":"SkillPotion"},{"floor":10.0,"key":"Poison Potion"},{"floor":19.0,"key":"PowerPotion"},{"floor":21,"key":"FairyPotion"}],"is_trial":false,"path_per_floor":["M","M","$","?","M","E","R","E","T","M","R","M","?","$","R","B",null,"M","M","$","M","?","R","?","E"],"character_chosen":"DEFECT","items_purchased":["Conserve Battery"],"campfire_rested":2,"item_purchase_floors":[20],"current_hp_per_floor":[68,68,68,68,68,47,47,28,28,28,50,46,46,46,46,14,60,38,31,31,23,23,45,45,0],"gold":25,"neow_bonus":"TRANSFORM_CARD","is_prod":false,"is_daily":false,"chose_seed":false,"campfire_upgraded":2,"win_rate":0,"timestamp":1550014662,"path_taken":["M","M","$","?","?","E","R","E","T","?","R","M","?","$","R","BOSS","M","M","$","M","?","R","?","E"],"build_version":"2019-01-23","purchased_purges":3,"victory":false,"max_hp_per_floor":[75,75,75,75,75,75,75,75,75,75,75,75,75,75,75,75,75,75,75,75,75,75,75,75,75],"card_choices":[{"not_picked":["Go for the Eyes","FTL"],"picked":"Cold Snap","floor":1.0},{"not_picked":["Force Field","Streamline"],"picked":"Loop","floor":2.0},{"not_picked":["Gash","Sweeping Beam","Aggregate"],"picked":"SKIP","floor":5.0},{"not_picked":["Genetic Algorithm","Storm"],"picked":"Coolheaded","floor":6.0},{"not_picked":["Storm","Rebound"],"picked":"Machine Learning","floor":8.0},{"not_picked":["Leap","Steam"],"picked":"Ball Lightning","floor":10.0},{"not_picked":["Beam Cell","Double Energy"],"picked":"Reinforced Body","floor":12.0},{"not_picked":["Hyperbeam","Thunder Strike"],"picked":"Rainbow","floor":16.0},{"not_picked":["Compile Driver","Darkness"],"picked":"Hologram","floor":18.0},{"not_picked":["Steam Power+1","Beam Cell"],"picked":"Ball Lightning+1","floor":19.0},{"not_picked":["Go for the Eyes","Fusion"],"picked":"Chill","floor":21}],"player_experience":76753,"relics_obtained":[{"floor":6.0,"key":"Art of War"},{"floor":8.0,"key":"Vajra"},{"floor":9.0,"key":"Bag of Preparation"}],"event_choices":[{"damage_healed":0.0,"max_hp_gain":0.0,"max_hp_loss":0.0,"gold_gain":0.0,"event_name":"WeMeetAgain","player_choice":"Paid Gold","floor":4.0,"gold_loss":56.0,"damage_taken":0.0,"relics_obtained":["Boot"]},{"damage_healed":0.0,"max_hp_gain":0.0,"max_hp_loss":0.0,"gold_gain":0.0,"event_name":"Liars Game","player_choice":"Ignored","floor":13.0,"gold_loss":0.0,"damage_taken":0.0},{"damage_healed":0,"gold_gain":0,"player_choice":"Stole Relic","damage_taken":0,"relics_obtained":["Bag of Marbles"],"max_hp_gain":0,"max_hp_loss":0,"event_name":"Addict","floor":22,"gold_loss":0,"cards_obtained":["Shame"]},{"cards_removed":["Defend_B"],"damage_healed":0,"gold_gain":0,"player_choice":"Elegance","damage_taken":0,"max_hp_gain":0,"max_hp_loss":0,"event_name":"Back to Basics","floor":24,"gold_loss":0}],"is_beta":false,"boss_relics":[{"not_picked":["Orrery","Sozu"],"picked":"FrozenCore"}],"items_purged_floors":[3,14,20],"is_endless":false,"potions_floor_spawned":[2,6,8,10,19,21],"killed_by":"Gremlin Leader","ascension_level":5}