{"gold_per_floor":[119,139,154,154,229,229,264,264,264,283,283,293,293,142,142,243,293,280,292,292],"floor_reached":20,"playtime":1653,"items_purged":["Strike_R"],"score":216,"play_id":"430154de-ea3e-4de7-b540-faa1f75dea68","local_time":"20190212235750","is_ascension_mode":true,"campfire_choices":[{"data":"Pommel Strike","floor":6,"key":"SMITH"},{"floor":8,"key":"REST"},{"data":"Body Slam","floor":11,"key":"SMITH"},{"data":"True Grit","floor":13,"key":"SMITH"},{"data":"Bash","floor":15,"key":"SMITH"}],"neow_cost":"NONE","seed_source_timestamp":119328364788100,"circlet_count":0,"master_deck":["Strike_R","Strike_R+1","Strike_R","Defend_R","Defend_R","Defend_R","Defend_R","Bash+1","Body Slam+1","Twin Strike","Pommel Strike+1","Uppercut","True Grit+1","Thunderclap","Limit Break","Barricade","Shrug It Off","Cleave+1","Whirlwind"],"relics":["Burning Blood","Pear","Pantograph","Tiny House"],"potions_floor_usage":[16,16,20],"damage_taken":[{"damage":1,"enemies":"Cultist","floor":1,"turns":3},{"damage":3,"enemies":"2 Louse","floor":2,"turns":4},{"damage":4,"enemies":"Jaw Worm","floor":3,"turns":4},{"damage":43,"enemies":"3 Sentries","floor":7,"turns":10},{"damage":20,"enemies":"Exordium Wildlife","floor":10,"turns":5},{"damage":9,"enemies":"2 Fungi Beasts","floor":12,"turns":3},{"damage":65,"enemies":"The Guardian","floor":16,"turns":12},{"damage":36,"enemies":"2 Thieves","floor":18,"turns":4},{"damage":54,"enemies":"3 Byrds","floor":19,"turns":7},{"damage":19,"enemies":"Centurion and Healer","floor":20,"turns":4}],"seed_played":"-4355265472896983026","potions_obtained":[{"floor":7,"key":"Swift Potion"},{"floor":12,"key":"Explosive Potion"},{"floor":16,"key":"FairyPotion"},{"floor":17,"key":"PowerPotion"},{"floor":19,"key":"SteroidPotion"}],"is_trial":false,"path_per_floor":["M","M","M","?","?","R","E","R","T","M","R","M","R","$","R","B",null,"M","M","M"],"character_chosen":"IRONCLAD","items_purchased":["Limit Break"],"campfire_rested":1,"item_purchase_floors":[14],"current_hp_per_floor":[80,80,80,85,77,77,50,78,78,64,64,61,61,61,61,27,100,70,22,3],"gold":292,"neow_bonus":"REMOVE_CARD","is_prod":false,"is_daily":false,"chose_seed":false,"campfire_upgraded":4,"win_rate":0,"timestamp":1550033870,"path_taken":["M","M","M","?","?","R","E","R","T","M","R","?","R","$","R","BOSS","M","M","M"],"build_version":"2019-01-23","purchased_purges":1,"victory":false,"max_hp_per_floor":[80,80,80,85,85,85,95,95,95,95,95,95,95,95,95,95,100,100,100,100],"card_choices":[{"not_picked":["Anger","True Grit"],"picked":"Body Slam","floor":1},{"not_picked":["Thunderclap","Clash"],"picked":"Twin Strike","floor":2},{"not_picked":["Warcry","Power Through"],"picked":"Pommel Strike","floor":3},{"not_picked":["Havoc","Feed"],"picked":"Uppercut","floor":7},{"not_picked":["Dropkick","Sentinel"],"picked":"True Grit","floor":10},{"not_picked":["Flex","Dual Wield"],"picked":"Thunderclap","floor":12},{"not_picked":["Fiend Fire","Double Tap"],"picked":"Barricade","floor":16},{"not_picked":["Havoc","Perfected Strike"],"picked":"Shrug It Off","floor":17},{"not_picked":["Flame Barrier","Metallicize+1"],"picked":"Cleave+1","floor":18},{"not_picked":["Anger","Perfected Strike"],"picked":"Whirlwind","floor":19}],"player_experience":85786,"relics_obtained":[{"floor":7,"key":"Pear"},{"floor":9,"key":"Pantograph"}],"event_choices":[{"damage_healed":0,"gold_gain":0,"player_choice":"Donut","damage_taken":0,"max_hp_gain":5,"max_hp_loss":0,"event_name":"Big Fish","floor":4,"gold_loss":0},{"damage_healed":0,"gold_gain":75,"player_choice":"Touch","damage_taken":8,"max_hp_gain":0,"max_hp_loss":0,"event_name":"FaceTrader","floor":5,"gold_loss":0}],"is_beta":false,"boss_relics":[{"not_picked":["Runic Cube","Ectoplasm"],"picked":"Tiny House"}],"items_purged_floors":[14],"is_endless":false,"potions_floor_spawned":[7,12,16,19],"killed_by":"Centurion and Healer","ascension_level":2}