{"gold_per_floor":[118,118,138,152,163,189,189,34,58,90,108,108,143,173,173,268,268,208],"floor_reached":18,"playtime":1511,"items_purged":[],"score":219,"play_id":"4006767c-dd99-430c-938e-05d7deda0fa4","local_time":"20190214162848","is_ascension_mode":true,"campfire_choices":[{"data":"Bash","floor":7,"key":"SMITH"},{"floor":12,"key":"REST"},{"data":"Anger","floor":15,"key":"SMITH"}],"neow_cost":"NONE","seed_source_timestamp":17616008356900,"circlet_count":0,"master_deck":["Strike_R","Strike_R+1","Strike_R+1","Strike_R","Strike_R","Defend_R","Defend_R","Defend_R","Defend_R","Bash+1","Disarm+1","Armaments","Anger+1","Armaments","Armaments","Heavy Blade","Reaper","Barricade"],"relics":["Burning Blood","Potion Belt","Bag of Marbles","Ancient Tea Set","Whetstone","WingedGreaves","Juzu Bracelet","Mark of Pain"],"potions_floor_usage":[5,6,10,10,16],"damage_taken":[{"damage":17,"enemies":"Small Slimes","floor":1,"turns":5},{"damage":2,"enemies":"Cultist","floor":3,"turns":4},{"damage":0,"enemies":"Jaw Worm","floor":4,"turns":6},{"damage":0,"enemies":"3 Louse","floor":5,"turns":2},{"damage":27,"enemies":"Gremlin Nob","floor":6,"turns":4},{"damage":21,"enemies":"3 Sentries","floor":10,"turns":9},{"damage":10,"enemies":"Large Slime","floor":11,"turns":7},{"damage":18,"enemies":"Gremlin Nob","floor":13,"turns":4},{"damage":28,"enemies":"Lagavulin","floor":14,"turns":8},{"damage":1,"enemies":"Hexaghost","floor":16,"turns":12},{"damage":33,"enemies":"2 Thieves","floor":18,"turns":5}],"seed_played":"4317907026358926556","potions_obtained":[{"floor":0,"key":"PowerPotion"},{"floor":0,"key":"Regen Potion"},{"floor":0,"key":"Poison Potion"},{"floor":4,"key":"Explosive Potion"},{"floor":5,"key":"FearPotion"},{"floor":6,"key":"EssenceOfSteel"},{"floor":13,"key":"Swift Potion"}],"is_trial":false,"path_per_floor":["M","?","M","M","M","E","R","$","T","E","M","R","E","E","R","B",null,"M"],"character_chosen":"IRONCLAD","items_purchased":["Bag of Marbles"],"campfire_rested":1,"item_purchase_floors":[8],"current_hp_per_floor":[69,69,73,79,80,59,59,59,59,44,40,64,52,30,30,42,80,47],"gold":208,"neow_bonus":"THREE_SMALL_POTIONS","is_prod":false,"is_daily":false,"chose_seed":false,"campfire_upgraded":2,"win_rate":0,"timestamp":1550158128,"path_taken":["M","?","M","M","M","E","R","$","T","E","M","R","E","E","R","BOSS","M"],"build_version":"2019-01-23","purchased_purges":0,"victory":false,"max_hp_per_floor":[80,80,80,80,80,80,80,80,80,80,80,80,80,80,80,80,80,80],"card_choices":[{"not_picked":["Rampage","Havoc"],"picked":"Disarm","floor":1},{"not_picked":["True Grit","Rupture"],"picked":"Armaments","floor":3},{"not_picked":["Iron Wave","Feel No Pain"],"picked":"Anger","floor":4},{"not_picked":["Entrench","Twin Strike"],"picked":"Armaments","floor":5},{"not_picked":["Blood for Blood","Rupture","Intimidate"],"picked":"SKIP","floor":6},{"not_picked":["Infernal Blade","Fire Breathing"],"picked":"Armaments","floor":10},{"not_picked":["Fiend Fire","Reckless Charge","Iron Wave"],"picked":"SKIP","floor":11},{"not_picked":["Seeing Red","Iron Wave"],"picked":"Heavy Blade","floor":13},{"not_picked":["Carnage","Havoc"],"picked":"Reaper","floor":14},{"not_picked":["Brutality","Berserk"],"picked":"Barricade","floor":16}],"player_experience":187120,"relics_obtained":[{"floor":6,"key":"Potion Belt"},{"floor":9,"key":"Ancient Tea Set"},{"floor":10,"key":"Whetstone"},{"floor":13,"key":"WingedGreaves"},{"floor":14,"key":"Juzu Bracelet"}],"event_choices":[{"damage_healed":0,"gold_gain":0,"player_choice":"Forge","damage_taken":0,"max_hp_gain":0,"max_hp_loss":0,"event_name":"Accursed Blacksmith","floor":2,"gold_loss":0,"cards_upgraded":["Disarm"]}],"is_beta":false,"boss_relics":[{"not_picked":["Black Blood","Runic Dome"],"picked":"Mark of Pain"}],"items_purged_floors":[],"is_endless":false,"potions_floor_spawned":[4,5,6,13],"killed_by":"2 Thieves","ascension_level":3}