{"gold_per_floor":[117,117,135,135,135,135,170,170,194,228,240,252,285,335,347,452,464,490,527,464,391,417,429,454,143,196,196,210,241,366,381,381,474,474,488,506,171,61,84,84,84],"floor_reached":41,"playtime":2509,"items_purged":["Strike_G","Strike_G"],"score":817,"play_id":"448f0140-af56-4b57-a2d5-304760f3393e","local_time":"20190211135208","is_ascension_mode":true,"campfire_choices":[{"data":"Predator","floor":6,"key":"SMITH"},{"data":"Neutralize","floor":8,"key":"SMITH"},{"floor":15,"key":"REST"},{"floor":23,"key":"REST"},{"floor":27,"key":"REST"},{"floor":32,"key":"REST"},{"floor":40,"key":"REST"}],"neow_cost":"NONE","seed_source_timestamp":61601926890900,"circlet_count":0,"master_deck":["AscendersBane","Defend_G+1","Defend_G+1","Defend_G","Defend_G","Strike_G+1","Strike_G","Survivor+1","Neutralize+1","Dagger Throw+1","Predator+1","Acrobatics","Caltrops+1","Backflip","Corpse Explosion","Leg Sweep+1","Cloak And Dagger+1","Blur+1","Footwork","Blade Dance+1","Blur","PiercingWail+1","Endless Agony","Backflip","Footwork","Storm of Steel","Footwork","Escape Plan","Tools of the Trade","Choke+1"],"special_seed":0,"relics":["Ring of the Snake","NeowsBlessing","War Paint","Centennial Puzzle","MawBank","Golden Idol","Shuriken","Lizard Tail","Dream Catcher","Vajra","Bronze Scales","Bag of Marbles","WingedGreaves","Pear","WristBlade"],"potions_floor_usage":[16,22,22,29,29,33,39],"damage_taken":[{"damage":0.0,"enemies":"2 Louse","floor":1.0,"turns":1.0},{"damage":0,"enemies":"Small Slimes","floor":3,"turns":1},{"damage":0,"enemies":"Gremlin Nob","floor":7,"turns":1},{"damage":6,"enemies":"3 Sentries","floor":10,"turns":9},{"damage":0,"enemies":"Cultist","floor":13,"turns":2},{"damage":17,"enemies":"Gremlin Nob","floor":14,"turns":4},{"damage":11,"enemies":"The Guardian","floor":16,"turns":11},{"damage":0,"enemies":"3 Byrds","floor":18,"turns":2},{"damage":0,"enemies":"Chosen","floor":19,"turns":5},{"damage":35,"enemies":"Sentry and Sphere","floor":22,"turns":11},{"damage":10,"enemies":"Centurion and Healer","floor":24,"turns":6},{"damage":0,"enemies":"3 Cultists","floor":28,"turns":3},{"damage":3,"enemies":"Slavers","floor":29,"turns":2},{"damage":8,"enemies":"Colosseum Slavers","floor":30,"turns":3},{"damage":30,"enemies":"Colosseum Nobs","floor":30,"turns":4},{"damage":13,"enemies":"Chosen and Byrds","floor":31,"turns":4},{"damage":42,"enemies":"Automaton","floor":33,"turns":12},{"damage":3,"enemies":"3 Shapes","floor":35,"turns":5},{"damage":3,"enemies":"Orb Walker","floor":36,"turns":4},{"damage":25,"enemies":"Jaw Worm Horde","floor":39,"turns":3},{"damage":60,"enemies":"Giant Head","floor":41,"turns":8}],"seed_played":"2541605463022913776","potions_obtained":[{"floor":3,"key":"SpeedPotion"},{"floor":7,"key":"SpeedPotion"},{"floor":10,"key":"Dexterity Potion"},{"floor":16,"key":"Dexterity Potion"},{"floor":22,"key":"GhostInAJar"},{"floor":28,"key":"Energy Potion"},{"floor":30,"key":"Fire Potion"},{"floor":35,"key":"Strength Potion"}],"is_trial":false,"path_per_floor":["?","?","?","?","?","?","?","?","?"],"character_chosen":"THE_SILENT","items_purchased":["Vajra","Blur","Escape Plan","Tools of the Trade"],"campfire_rested":5,"item_purchase_floors":[25,25,37,37],"current_hp_per_floor":[59,64,64,43,43,43,43,43,43,37,37,37,37,20,39,28,55,55,55,55,55,20,39,29,29,29,48,48,45,17,4,26,26,62,59,56,56,56,31,53,0],"gold":84,"neow_bonus":"THREE_ENEMY_KILL","is_prod":false,"is_daily":false,"chose_seed":false,"campfire_upgraded":2,"win_rate":0,"timestamp":1549860728,"path_taken":["M","?","M","?","?","R","E","R","T","E","?","?","M","E","R","BOSS","M","M","?","?","M","R","M","$","T","R","M","E","?","M","R","BOSS","M","M","$","?","M","R","E"],"build_version":"2019-01-23","purchased_purges":2,"victory":false,"max_hp_per_floor":[66,71,71,71,71,71,71,71,71,71,64,64,64,64,64,64,64,64,64,64,64,64,64,64,64,64,64,64,64,74,74,74,74,74,74,74,74,74,74,74,74],"card_choices":[{"not_picked":["Bane","Choke"],"picked":"Dagger Throw","floor":1},{"not_picked":["Crippling Poison","PiercingWail"],"picked":"Predator","floor":3},{"not_picked":["Bane","Quick Slash"],"picked":"Acrobatics","floor":7},{"not_picked":["Catalyst","Backstab"],"picked":"Caltrops","floor":10},{"not_picked":["Eviscerate","Crippling Poison","Blade Dance"],"picked":"SKIP","floor":13},{"not_picked":["Slice","Infinite Blades"],"picked":"Backflip","floor":14},{"not_picked":["Unload","A Thousand Cuts"],"picked":"Corpse Explosion","floor":16},{"not_picked":["Bane","Quick Slash"],"picked":"Leg Sweep+1","floor":18},{"not_picked":["PiercingWail","Predator"],"picked":"Cloak And Dagger+1","floor":19},{"not_picked":["Dagger Throw+1","Poisoned Stab"],"picked":"Blur+1","floor":22},{"not_picked":["Catalyst","Malaise"],"picked":"Footwork","floor":23},{"not_picked":["Deadly Poison","Acrobatics+1"],"picked":"Blade Dance+1","floor":24},{"not_picked":["Poisoned Stab","Blade Dance"],"picked":"PiercingWail+1","floor":27},{"not_picked":["Dagger Throw","Dodge and Roll","Corpse Explosion"],"picked":"SKIP","floor":28},{"not_picked":["Flying Knee","Flechettes"],"picked":"Endless Agony","floor":29},{"not_picked":["Dagger Throw","Expertise"],"picked":"Backflip","floor":30},{"not_picked":["Flechettes","Deadly Poison+1","Crippling Poison"],"picked":"SKIP","floor":31},{"not_picked":["Flechettes","Underhanded Strike"],"picked":"Footwork","floor":32},{"not_picked":["Doppelganger","Glass Knife"],"picked":"Storm of Steel","floor":33},{"not_picked":["Dash","Leg Sweep"],"picked":"Footwork","floor":35},{"not_picked":["Noxious Fumes+1","Deadly Poison+1","Deflect"],"picked":"SKIP","floor":36},{"not_picked":["Acrobatics","Prepared+1","Endless Agony"],"picked":"SKIP","floor":39},{"not_picked":["Blade Dance","Cloak And Dagger"],"picked":"Choke+1","floor":40}],"player_experience":331729,"relics_obtained":[{"floor":7,"key":"War Paint"},{"floor":9,"key":"Centennial Puzzle"},{"floor":10,"key":"MawBank"},{"floor":14,"key":"Shuriken"},{"floor":26,"key":"Bronze Scales"},{"floor":29,"key":"Bag of Marbles"},{"floor":30,"key":"WingedGreaves"},{"floor":30,"key":"Pear"}],"event_choices":[{"damage_healed":0,"gold_gain":0,"player_choice":"Donut","damage_taken":0,"max_hp_gain":5,"max_hp_loss":0,"event_name":"Big Fish","floor":2,"gold_loss":0},{"damage_healed":0,"gold_gain":0,"player_choice":"Entered Light","damage_taken":21,"max_hp_gain":0,"max_hp_loss":0,"event_name":"Shining Light","floor":4,"gold_loss":0,"cards_upgraded":["Strike_G","Dagger Throw"]},{"damage_healed":0,"gold_gain":0,"player_choice":"Ignored","damage_taken":0,"max_hp_gain":0,"max_hp_loss":0,"event_name":"Liars Game","floor":5,"gold_loss":0},{"damage_healed":0,"gold_gain":0,"player_choice":"Lose Max HP","damage_taken":0,"relics_obtained":["Golden Idol"],"max_hp_gain":0,"max_hp_loss":7,"event_name":"Golden Idol","floor":11,"gold_loss":0},{"damage_healed":0,"gold_gain":0,"player_choice":"Upgraded","damage_taken":0,"max_hp_gain":0,"max_hp_loss":0,"event_name":"Upgrade Shrine","floor":12,"gold_loss":0,"cards_upgraded":["Caltrops"]},{"cards_removed":["Defend_G"],"damage_healed":0,"gold_gain":0,"player_choice":"Gave Gold","damage_taken":0,"max_hp_gain":0,"max_hp_loss":0,"event_name":"Beggar","floor":20,"gold_loss":75},{"damage_healed":0,"gold_gain":0,"player_choice":"Obtained Relic","damage_taken":0,"relics_obtained":["Dream Catcher"],"max_hp_gain":0,"max_hp_loss":0,"event_name":"Addict","floor":21,"gold_loss":85},{"damage_healed":0,"gold_gain":0,"player_choice":"Fight","damage_taken":0,"max_hp_gain":0,"max_hp_loss":0,"event_name":"Colosseum","floor":30,"gold_loss":0},{"damage_healed":0,"gold_gain":0,"player_choice":"Fought Nobs","damage_taken":0,"max_hp_gain":0,"max_hp_loss":0,"event_name":"Colosseum","floor":30,"gold_loss":0},{"cards_removed":["Strike_G"],"damage_healed":0,"gold_gain":0,"player_choice":"Upgrade and Remove","damage_taken":0,"max_hp_gain":0,"max_hp_loss":0,"event_name":"Designer","floor":38,"gold_loss":110,"cards_upgraded":["Survivor"]}],"is_beta":false,"boss_relics":[{"not_picked":["Fusion Hammer","Calling Bell"],"picked":"Lizard Tail"},{"not_picked":["Coffee Dripper","Snecko Eye"],"picked":"WristBlade"}],"items_purged_floors":[25,37],"is_endless":false,"potions_floor_spawned":[3,7,10,16,22,28,30,35],"killed_by":"Giant Head","ascension_level":16}