{"gold_per_floor":[112,132,151,170,95,120,120,20,20,37,37,57,57,86,86,187,187,207,207,222,582,67,101,116,128,208,208,11,23,40,40,40,140,190,210,52,66,66,83,115,115,141,141,157,188,200,200,0,0,0],"floor_reached":51,"playtime":2993,"items_purged":["Strike_G","Strike_G"],"score":919,"play_id":"1a776ebe-a80a-4706-a9fc-89fba2962f6f","local_time":"20190213205121","is_ascension_mode":false,"campfire_choices":[{"data":"Neutralize","floor":7.0,"key":"SMITH"},{"data":"Caltrops","floor":11.0,"key":"SMITH"},{"data":"Footwork","floor":13.0,"key":"SMITH"},{"data":"Skewer","floor":15.0,"key":"SMITH"},{"data":"Apotheosis","floor":27.0,"key":"SMITH"},{"data":"Calculated Gamble","floor":32.0,"key":"SMITH"},{"data":"Well Laid Plans","floor":41.0,"key":"SMITH"},{"data":"Adrenaline","floor":49,"key":"SMITH"}],"neow_cost":"TEN_PERCENT_HP_LOSS","seed_source_timestamp":84476084230500,"circlet_count":0,"master_deck":["Defend_G","Defend_G","Defend_G+1","Defend_G","Strike_G","Strike_G","Survivor","Neutralize+1","Dash","Blade Dance","Footwork+1","Escape Plan","Well Laid Plans+1","Skewer+1","Caltrops+1","Backstab","Calculated Gamble+1","Adrenaline+1","Reflex+1","Cloak And Dagger","Apotheosis+1","Finisher+1","Acrobatics+1","Tactician+1","Outmaneuver+1","Cloak And Dagger+1","Acrobatics+1","Dagger Throw+1","Backflip+1","Venomology+1","Calculated Gamble+1","Grand Finale+1","Prepared+1","Adrenaline+1"],"special_seed":0,"relics":["Ring of the Snake","Anchor","Ninja Scroll","Dodecahedron","Coffee Dripper","Pantograph","Vajra","TwistedFunnel","Toxic Egg 2","Molten Egg 2","Happy Flower","Tiny House","Art of War","Dream Catcher","Frozen Egg 2","Pen Nib","Red Mask"],"potions_floor_usage":[44,45,46,50,50,50],"damage_taken":[{"damage":0.0,"enemies":"Jaw Worm","floor":1.0,"turns":3.0},{"damage":0.0,"enemies":"2 Louse","floor":2.0,"turns":3.0},{"damage":0.0,"enemies":"Cultist","floor":3.0,"turns":4.0},{"damage":0.0,"enemies":"Red Slaver","floor":4.0,"turns":4.0},{"damage":25.0,"enemies":"3 Sentries","floor":6.0,"turns":13.0},{"damage":5.0,"enemies":"Blue Slaver","floor":10.0,"turns":3.0},{"damage":0.0,"enemies":"Large Slime","floor":12.0,"turns":4.0},{"damage":12.0,"enemies":"Gremlin Nob","floor":14.0,"turns":4.0},{"damage":3.0,"enemies":"Hexaghost","floor":16.0,"turns":10.0},{"damage":0.0,"enemies":"2 Thieves","floor":18.0,"turns":2.0},{"damage":0.0,"enemies":"Shell Parasite","floor":20.0,"turns":3.0},{"damage":9.0,"enemies":"Gremlin Leader","floor":23.0,"turns":5.0},{"damage":0.0,"enemies":"Snecko","floor":24.0,"turns":3.0},{"damage":0.0,"enemies":"3 Cultists","floor":25.0,"turns":3.0},{"damage":0.0,"enemies":"Snake Plant","floor":29.0,"turns":1.0},{"damage":0.0,"enemies":"Centurion and Healer","floor":30.0,"turns":2.0},{"damage":3.0,"enemies":"Collector","floor":33.0,"turns":4.0},{"damage":0.0,"enemies":"Orb Walker","floor":35.0,"turns":1.0},{"damage":0.0,"enemies":"3 Shapes","floor":37.0,"turns":2.0},{"damage":0.0,"enemies":"Maw","floor":39.0,"turns":6.0},{"damage":0.0,"enemies":"Nemesis","floor":40.0,"turns":5.0},{"damage":0.0,"enemies":"Giant Head","floor":42.0,"turns":3.0},{"damage":0,"enemies":"3 Darklings","floor":44,"turns":3},{"damage":0,"enemies":"Reptomancer","floor":45,"turns":3},{"damage":0,"enemies":"Sphere and 2 Shapes","floor":46,"turns":2},{"damage":0,"enemies":"Donu and Deca","floor":50,"turns":3}],"seed_played":"-4459180734349425343","potions_obtained":[{"floor":1.0,"key":"GhostInAJar"},{"floor":2.0,"key":"Regen Potion"},{"floor":4.0,"key":"PowerPotion"},{"floor":18.0,"key":"LiquidBronze"},{"floor":23.0,"key":"SpeedPotion"},{"floor":34.0,"key":"FairyPotion"},{"floor":37.0,"key":"Block Potion"},{"floor":39.0,"key":"Strength Potion"},{"floor":40.0,"key":"AttackPotion"}],"is_trial":false,"path_per_floor":["?","?","M","$","?","?","M","?","?"],"character_chosen":"THE_SILENT","items_purchased":["Apotheosis","Vajra","TwistedFunnel","Happy Flower","Outmaneuver+1","Venomology+1"],"campfire_rested":0,"item_purchase_floors":[22,22,22,28,28,36],"current_hp_per_floor":[63,63,63,63,63,53,53,53,53,48,48,48,48,36,36,33,63,63,63,63,33,33,24,24,24,24,24,24,24,24,13,13,35,73,73,73,73,73,73,73,73,73,73,73,73,73,69,69,69,69],"gold":0,"neow_bonus":"TRANSFORM_TWO_CARDS","is_prod":false,"is_daily":false,"chose_seed":false,"campfire_upgraded":8,"win_rate":0,"timestamp":1550058681,"path_taken":["M","M","M","M","$","E","R","$","T","M","R","M","R","E","R","BOSS","M","?","M","?","$","E","?","M","T","R","?","M","M","?","R","BOSS","M","$","M","?","M","E","R","E","T","?","E","M","?","?","R","BOSS"],"build_version":"2019-01-23","purchased_purges":2,"victory":true,"max_hp_per_floor":[63,63,63,63,63,63,63,63,63,63,63,63,63,63,63,63,63,63,63,63,63,63,63,63,63,63,63,63,63,63,68,68,68,73,73,73,73,73,73,73,73,73,73,73,73,73,69,69,69,69],"card_choices":[{"not_picked":["Predator","Underhanded Strike"],"picked":"Footwork","floor":1.0},{"not_picked":["Deadly Poison","Endless Agony"],"picked":"Escape Plan","floor":2.0},{"not_picked":["Deflect","Flying Knee"],"picked":"Well Laid Plans","floor":3.0},{"not_picked":["Heel Hook","Acrobatics"],"picked":"Skewer","floor":4.0},{"not_picked":["Finisher","Reflex"],"picked":"Caltrops","floor":6.0},{"not_picked":["Quick Slash","Bane"],"picked":"Backstab","floor":10.0},{"not_picked":["Deadly Poison","Riddle With Holes","Dagger Throw"],"picked":"SKIP","floor":12.0},{"not_picked":["Setup","Doppelganger"],"picked":"Calculated Gamble","floor":14.0},{"not_picked":["Night Terror","Burst"],"picked":"Adrenaline","floor":16.0},{"not_picked":["Distraction+1","Flying Knee"],"picked":"Reflex+1","floor":18.0},{"not_picked":["Deflect","Eviscerate"],"picked":"Cloak And Dagger","floor":20.0},{"not_picked":["Prepared","Doppelganger"],"picked":"Finisher+1","floor":23.0},{"not_picked":["Deflect+1","Quick Slash"],"picked":"Acrobatics+1","floor":24.0},{"not_picked":["Noxious Fumes","Prepared+1"],"picked":"Tactician+1","floor":25.0},{"not_picked":["PiercingWail+1","Underhanded Strike+1"],"picked":"Cloak And Dagger+1","floor":29.0},{"not_picked":["Tactician+1","Poisoned Stab+1"],"picked":"Acrobatics+1","floor":30.0},{"not_picked":["Deflect+1","Slice+1"],"picked":"Dagger Throw+1","floor":34.0},{"not_picked":["Prepared+1","Poisoned Stab+1"],"picked":"Backflip+1","floor":35.0},{"not_picked":["Poisoned Stab+1","Flying Knee+1","Slice+1"],"picked":"SKIP","floor":37.0},{"not_picked":["PiercingWail+1","Dagger Spray+1"],"picked":"Calculated Gamble+1","floor":39.0},{"not_picked":["Deflect+1","All Out Attack+1"],"picked":"Grand Finale+1","floor":40.0},{"not_picked":["Deflect+1","Slice+1","Underhanded Strike+1"],"picked":"SKIP","floor":42.0},{"not_picked":["Dodge and Roll+1","Flying Knee+1"],"picked":"Prepared+1","floor":44},{"not_picked":["Prepared+1","Bouncing Flask+1"],"picked":"Adrenaline+1","floor":45},{"not_picked":["Crippling Poison+1","Eviscerate+1","Terror+1"],"picked":"SKIP","floor":46}],"player_experience":384695,"relics_obtained":[{"floor":6.0,"key":"Anchor"},{"floor":9.0,"key":"Ninja Scroll"},{"floor":14.0,"key":"Dodecahedron"},{"floor":23.0,"key":"Toxic Egg 2"},{"floor":26.0,"key":"Molten Egg 2"},{"floor":40.0,"key":"Art of War"},{"floor":42.0,"key":"Dream Catcher"},{"floor":43.0,"key":"Frozen Egg 2"},{"floor":45,"key":"Pen Nib"}],"event_choices":[{"damage_healed":0.0,"max_hp_gain":0.0,"max_hp_loss":0.0,"gold_gain":0.0,"event_name":"The Mausoleum","player_choice":"Opened","floor":19.0,"gold_loss":0.0,"damage_taken":0.0,"relics_obtained":["Pantograph"]},{"damage_healed":0.0,"max_hp_gain":0.0,"max_hp_loss":0.0,"gold_gain":360.0,"event_name":"Knowing Skull","player_choice":"GOLD GOLD GOLD GOLD ","floor":21.0,"potions_obtained":[],"gold_loss":0.0,"damage_taken":30.0,"cards_obtained":[]},{"damage_healed":0.0,"max_hp_gain":5.0,"max_hp_loss":0.0,"gold_gain":0.0,"event_name":"Forgotten Altar","player_choice":"Shed Blood","floor":31.0,"gold_loss":0.0,"damage_taken":16.0},{"damage_healed":0.0,"max_hp_gain":0.0,"max_hp_loss":0.0,"gold_gain":0.0,"event_name":"The Woman in Blue","player_choice":"Bought 0 Potions","floor":38.0,"gold_loss":0.0,"damage_taken":0.0},{"damage_healed":0,"gold_gain":0,"player_choice":"Max HP","damage_taken":0,"max_hp_gain":0,"max_hp_loss":4,"event_name":"Winding Halls","floor":47,"gold_loss":0},{"damage_healed":0,"gold_gain":0,"player_choice":"Paid","damage_taken":0,"relics_obtained":["Red Mask"],"max_hp_gain":0,"max_hp_loss":0,"event_name":"Tomb of Lord Red Mask","floor":48,"gold_loss":200}],"is_beta":false,"boss_relics":[{"not_picked":["Calling Bell","Black Star"],"picked":"Coffee Dripper"},{"not_picked":["Fusion Hammer","Lizard Tail"],"picked":"Tiny House"}],"items_purged_floors":[5,8],"is_endless":false,"potions_floor_spawned":[1,2,4,18,23,30,37,39,40],"ascension_level":0}