{"gold_per_floor":[119,132,207,207,222,262,262,275,300,300,319,340,358,371,371,371],"floor_reached":16,"playtime":1132,"items_purged":[],"score":117,"play_id":"b82bbe46-e0f8-47a2-9cc8-15656e23da15","local_time":"20190212202912","is_ascension_mode":true,"campfire_choices":[{"data":"Pommel Strike","floor":7,"key":"SMITH"},{"floor":10,"key":"REST"},{"data":"Limit Break","floor":15,"key":"SMITH"}],"neow_cost":"NONE","seed_source_timestamp":107333616435400,"circlet_count":0,"master_deck":["Strike_R","Strike_R","Strike_R","Strike_R","Strike_R","Defend_R","Defend_R","Defend_R","Defend_R","Bash","Headbutt","Pommel Strike+1","Cleave","Headbutt","Iron Wave","Shrug It Off","Headbutt","Limit Break+1","Clothesline","Spot Weakness"],"relics":["Burning Blood","Golden Idol","Omamori","Dream Catcher"],"potions_floor_usage":[8,16,16],"damage_taken":[{"damage":7,"enemies":"Jaw Worm","floor":1,"turns":4},{"damage":13,"enemies":"2 Louse","floor":2,"turns":3},{"damage":5,"enemies":"Small Slimes","floor":5,"turns":3},{"damage":38,"enemies":"3 Sentries","floor":6,"turns":7},{"damage":6,"enemies":"Blue Slaver","floor":8,"turns":5},{"damage":2,"enemies":"Looter","floor":11,"turns":4},{"damage":0,"enemies":"3 Louse","floor":12,"turns":2},{"damage":1,"enemies":"Exordium Wildlife","floor":13,"turns":2},{"damage":11,"enemies":"Looter","floor":14,"turns":3},{"damage":71,"enemies":"Slime Boss","floor":16,"turns":7}],"seed_played":"-3086546140304362626","potions_obtained":[{"floor":6,"key":"BloodPotion"},{"floor":12,"key":"Energy Potion"},{"floor":14,"key":"Swift Potion"}],"is_trial":false,"path_per_floor":["M","M","?","?","M","E","R","M","T","R","M","M","M","M","R","B"],"character_chosen":"IRONCLAD","items_purchased":[],"campfire_rested":1,"item_purchase_floors":[],"current_hp_per_floor":[79,72,61,61,62,30,30,37,37,59,63,69,74,69,69,0],"gold":371,"neow_bonus":"THREE_CARDS","is_prod":false,"is_daily":false,"chose_seed":false,"campfire_upgraded":2,"win_rate":0,"timestamp":1550021352,"path_taken":["M","M","?","?","M","E","R","M","T","R","M","M","M","M","R","BOSS"],"build_version":"2019-01-23","purchased_purges":0,"victory":false,"max_hp_per_floor":[80,80,80,74,74,74,74,74,74,74,74,74,74,74,74,74],"card_choices":[{"not_picked":["Clash","Thunderclap"],"picked":"Headbutt","floor":0},{"not_picked":["Iron Wave","Perfected Strike"],"picked":"Pommel Strike","floor":1},{"not_picked":["Reckless Charge","Havoc"],"picked":"Cleave","floor":2},{"not_picked":["Second Wind","Sever Soul"],"picked":"Headbutt","floor":5},{"not_picked":["Cleave","Flex"],"picked":"Iron Wave","floor":6},{"not_picked":["Offering","Feel No Pain"],"picked":"Shrug It Off","floor":8},{"not_picked":["Power Through","Pummel"],"picked":"Headbutt","floor":10},{"not_picked":["Dropkick","Sword Boomerang","Havoc"],"picked":"SKIP","floor":11},{"not_picked":["Rupture","Power Through"],"picked":"Limit Break","floor":12},{"not_picked":["Havoc","Flex"],"picked":"Clothesline","floor":13},{"not_picked":["Havoc","True Grit"],"picked":"Spot Weakness","floor":14}],"player_experience":73902,"relics_obtained":[{"floor":6,"key":"Omamori"},{"floor":9,"key":"Dream Catcher"}],"event_choices":[{"damage_healed":0,"gold_gain":75,"player_choice":"Gather Gold","damage_taken":11,"max_hp_gain":0,"max_hp_loss":0,"event_name":"World of Goop","floor":3,"gold_loss":0},{"damage_healed":0,"gold_gain":0,"player_choice":"Lose Max HP","damage_taken":0,"relics_obtained":["Golden Idol"],"max_hp_gain":0,"max_hp_loss":6,"event_name":"Golden Idol","floor":4,"gold_loss":0}],"is_beta":false,"boss_relics":[],"items_purged_floors":[],"is_endless":false,"potions_floor_spawned":[6,12,14],"killed_by":"Slime Boss","ascension_level":2}