{"gold_per_floor":[114,114,133,145,161,161,161,196,219,231,256,274,274,274,274,371,371,383,433,502,87,52,52],"floor_reached":23,"playtime":1895,"items_purged":[],"score":210,"play_id":"4e387856-3b52-45a7-8b74-5e935f7863d0","local_time":"20190203222902","is_ascension_mode":true,"campfire_choices":[{"data":"Armaments","floor":7.0,"key":"SMITH"},{"data":"Bash","floor":15.0,"key":"SMITH"}],"neow_cost":"NONE","seed_source_timestamp":0,"circlet_count":0,"master_deck":["Strike_R","Strike_R","Strike_R","Strike_R","Strike_R","Defend_R","Defend_R","Defend_R","Bash+1","Metallicize+1","Armaments+1","Shrug It Off+1","Shrug It Off","Anger","Clash","Blood for Blood","Cleave","Berserk","Blood for Blood","Impervious","Anger+1","Reckless Charge","Trip","Trip","Fire Breathing"],"special_seed":0,"relics":["Burning Blood","Vajra","Omamori","Blood Vial","Odd Mushroom","SsserpentHead","Black Star","DollysMirror","Darkstone Periapt"],"potions_floor_usage":[23],"damage_taken":[{"damage":7.0,"enemies":"2 Louse","floor":1.0,"turns":3.0},{"damage":3.0,"enemies":"Cultist","floor":3.0,"turns":4.0},{"damage":0.0,"enemies":"Small Slimes","floor":4.0,"turns":3.0},{"damage":8.0,"enemies":"3 Louse","floor":5.0,"turns":4.0},{"damage":10.0,"enemies":"Gremlin Nob","floor":8.0,"turns":5.0},{"damage":11.0,"enemies":"Large Slime","floor":10.0,"turns":6.0},{"damage":9.0,"enemies":"The Mushroom Lair","floor":11.0,"turns":5.0},{"damage":11.0,"enemies":"Exordium Thugs","floor":12.0,"turns":3.0},{"damage":26.0,"enemies":"The Guardian","floor":16.0,"turns":8.0},{"damage":26.0,"enemies":"3 Byrds","floor":18.0,"turns":6.0},{"damage":27.0,"enemies":"2 Thieves","floor":20.0,"turns":4.0},{"damage":54,"enemies":"Slavers","floor":23,"turns":3}],"seed_played":"-7968641859835312907","potions_obtained":[{"floor":3.0,"key":"Energy Potion"},{"floor":4.0,"key":"Dexterity Potion"},{"floor":5.0,"key":"FearPotion"},{"floor":16.0,"key":"Energy Potion"},{"floor":20.0,"key":"LiquidBronze"}],"is_trial":false,"path_per_floor":["M","?","M","M","M","?","R","E","T","M","?","M","?","?","R","B",null,"M","?","M","$","?","E"],"character_chosen":"IRONCLAD","items_purchased":["Reckless Charge","Trip","DollysMirror","Fire Breathing"],"campfire_rested":0,"item_purchase_floors":[21,21,21,21],"current_hp_per_floor":[87,87,88,88,86,68,68,64,64,61,60,57,57,57,57,39,88,68,68,49,49,49,0],"gold":52,"neow_bonus":"TEN_PERCENT_HP_BONUS","is_prod":false,"is_daily":false,"chose_seed":false,"campfire_upgraded":2,"win_rate":0,"timestamp":1549229342,"path_taken":["M","?","M","M","?","?","R","E","T","M","?","M","?","?","R","BOSS","M","?","?","$","?","E"],"build_version":"2019-01-23","purchased_purges":0,"victory":false,"max_hp_per_floor":[88,88,88,88,88,88,88,88,88,88,88,88,88,88,88,88,88,88,88,88,88,88,88],"card_choices":[{"not_picked":["Clothesline","Headbutt"],"picked":"Metallicize","floor":1.0},{"not_picked":["True Grit","Twin Strike"],"picked":"Armaments","floor":3.0},{"not_picked":["Clash","Clothesline"],"picked":"Shrug It Off","floor":4.0},{"not_picked":["Burning Pact","Armaments"],"picked":"Shrug It Off","floor":5.0},{"not_picked":["Feel No Pain","Dropkick"],"picked":"Anger","floor":8.0},{"not_picked":["Armaments","Hemokinesis"],"picked":"Clash","floor":10.0},{"not_picked":["Bloodletting","Warcry"],"picked":"Blood for Blood","floor":11.0},{"not_picked":["Headbutt","Sword Boomerang"],"picked":"Cleave","floor":12.0},{"not_picked":["Bludgeon","Exhume"],"picked":"Berserk","floor":16.0},{"not_picked":["Spot Weakness+1","Second Wind"],"picked":"Blood for Blood","floor":18.0},{"not_picked":["Feel No Pain","Armaments"],"picked":"Anger+1","floor":20.0}],"player_experience":48034,"relics_obtained":[{"floor":8.0,"key":"Omamori"},{"floor":9.0,"key":"Blood Vial"},{"floor":11.0,"key":"Odd Mushroom"}],"event_choices":[{"damage_healed":0.0,"max_hp_gain":0.0,"max_hp_loss":0.0,"gold_gain":0.0,"event_name":"Accursed Blacksmith","player_choice":"Forge","floor":2.0,"gold_loss":0.0,"damage_taken":0.0,"cards_upgraded":["Metallicize"]},{"damage_healed":0.0,"max_hp_gain":0.0,"max_hp_loss":0.0,"gold_gain":0.0,"event_name":"Scrap Ooze","player_choice":"Success","floor":6.0,"gold_loss":0.0,"damage_taken":18.0,"relics_obtained":["Vajra"]},{"damage_healed":0.0,"max_hp_gain":0.0,"max_hp_loss":0.0,"gold_gain":0.0,"event_name":"Mushrooms","player_choice":"Fought Mushrooms","floor":11.0,"gold_loss":0.0,"damage_taken":0.0},{"damage_healed":0.0,"max_hp_gain":0.0,"max_hp_loss":0.0,"gold_gain":0.0,"event_name":"Living Wall","player_choice":"Grow","floor":13.0,"gold_loss":0.0,"damage_taken":0.0,"cards_upgraded":["Shrug It Off"]},{"damage_healed":0.0,"max_hp_gain":0.0,"max_hp_loss":0.0,"gold_gain":0.0,"event_name":"FaceTrader","player_choice":"Trade","floor":14.0,"gold_loss":0.0,"damage_taken":0.0,"relics_obtained":["SsserpentHead"]},{"damage_healed":0.0,"max_hp_gain":0.0,"max_hp_loss":0.0,"gold_gain":0.0,"cards_transformed":["Defend_R"],"event_name":"Transmorgrifier","player_choice":"Transformed","floor":19.0,"gold_loss":0.0,"damage_taken":0.0,"cards_obtained":["Impervious"]},{"damage_healed":0,"gold_gain":0,"player_choice":"Obtained Relic","damage_taken":0,"relics_obtained":["Darkstone Periapt"],"max_hp_gain":0,"max_hp_loss":0,"event_name":"Addict","floor":22,"gold_loss":85}],"is_beta":false,"boss_relics":[{"not_picked":["Snecko Eye","Tiny House"],"picked":"Black Star"}],"items_purged_floors":[],"is_endless":false,"potions_floor_spawned":[3,4,5,16,20],"killed_by":"Slavers","ascension_level":2}