{"gold_per_floor":[111,111,130,147,147,165,165,192,192,192,220,220,251,81,81,185,185,202,216,234,27,42,75,75,92,92,92,107,134,134,145,145,244,244,262,275,27,37,50,83,83,95,95,95,123,123,123,137,137,137],"floor_reached":51,"playtime":8321,"items_purged":["Defend_R","Defend_R"],"score":829,"play_id":"eababbef-5ef3-426a-92bc-d1c5c6aa301f","local_time":"20190209131402","is_ascension_mode":true,"campfire_choices":[{"data":"Anger","floor":7.0,"key":"SMITH"},{"data":"Pommel Strike","floor":10.0,"key":"SMITH"},{"data":"Armaments","floor":15.0,"key":"SMITH"},{"data":"Barricade","floor":24.0,"key":"SMITH"},{"floor":27.0,"key":"REST"},{"data":"Shrug It Off","floor":32.0,"key":"SMITH"},{"data":"Juggernaut","floor":44.0,"key":"SMITH"},{"floor":46.0,"key":"REST"},{"data":"Shrug It Off","floor":49,"key":"SMITH"}],"neow_cost":"NONE","seed_source_timestamp":0,"circlet_count":0,"master_deck":["Strike_R","Defend_R","Defend_R","Feed+1","Iron Wave","Pommel Strike+1","Anger+1","Shrug It Off+1","Barricade+1","Iron Wave","Pommel Strike","Armaments+1","Shrug It Off+1","Fiend Fire","Clothesline+1","Pommel Strike","Body Slam+1","Battle Trance","Master of Strategy","Exhume","Second Wind+1","Warcry+1","Reckless Charge+1","Body Slam+1","Juggernaut+1","Warcry+1","Headbutt+1","Shockwave","Bandage Up","Warcry+1","Ghostly Armor","Battle Trance","Havoc+1","Anger+1","Burning Pact+1","Body Slam+1"],"special_seed":0,"relics":["Burning Blood","Red Skull","Question Card","Sundial","Bottled Tornado","Runic Dome","PreservedInsect","Blue Candle","Magic Flower","Nilry\u0027s Codex","Empty Cage","Paper Frog","Pen Nib","Dream Catcher","Spirit Poop"],"potions_floor_usage":[48,50],"damage_taken":[{"damage":6.0,"enemies":"Jaw Worm","floor":1.0,"turns":6.0},{"damage":1.0,"enemies":"Cultist","floor":3.0,"turns":4.0},{"damage":0.0,"enemies":"Small Slimes","floor":4.0,"turns":3.0},{"damage":4.0,"enemies":"Blue Slaver","floor":6.0,"turns":4.0},{"damage":14.0,"enemies":"Gremlin Nob","floor":8.0,"turns":4.0},{"damage":13.0,"enemies":"Lagavulin","floor":11.0,"turns":6.0},{"damage":12.0,"enemies":"3 Sentries","floor":13.0,"turns":9.0},{"damage":5.0,"enemies":"The Guardian","floor":16.0,"turns":13.0},{"damage":5.0,"enemies":"Shell Parasite","floor":18.0,"turns":5.0},{"damage":26.0,"enemies":"2 Thieves","floor":19.0,"turns":5.0},{"damage":10.0,"enemies":"Chosen and Byrds","floor":20.0,"turns":7.0},{"damage":20.0,"enemies":"Snecko","floor":22.0,"turns":6.0},{"damage":24.0,"enemies":"Book of Stabbing","floor":23.0,"turns":6.0},{"damage":29.0,"enemies":"Shelled Parasite and Fungi","floor":25.0,"turns":5.0},{"damage":10.0,"enemies":"Cultist and Chosen","floor":28.0,"turns":6.0},{"damage":26.0,"enemies":"Gremlin Leader","floor":29.0,"turns":4.0},{"damage":0.0,"enemies":"3 Cultists","floor":31.0,"turns":4.0},{"damage":23.0,"enemies":"Collector","floor":33.0,"turns":9.0},{"damage":23.0,"enemies":"Orb Walker","floor":35.0,"turns":4.0},{"damage":21.0,"enemies":"3 Shapes","floor":36.0,"turns":4.0},{"damage":26.0,"enemies":"Writhing Mass","floor":38.0,"turns":7.0},{"damage":42.0,"enemies":"Sphere and 2 Shapes","floor":39.0,"turns":5.0},{"damage":13.0,"enemies":"Nemesis","floor":40.0,"turns":9.0},{"damage":39.0,"enemies":"Transient","floor":42.0,"turns":5.0},{"damage":12.0,"enemies":"Giant Head","floor":45.0,"turns":7.0},{"damage":12,"enemies":"Jaw Worm Horde","floor":48,"turns":5},{"damage":34,"enemies":"Donu and Deca","floor":50,"turns":10}],"seed_played":"-4235531225047204918","potions_obtained":[{"floor":6.0,"key":"Block Potion"},{"floor":13.0,"key":"Regen Potion"},{"floor":19.0,"key":"LiquidBronze"},{"floor":20.0,"key":"SpeedPotion"},{"floor":22.0,"key":"BloodPotion"},{"floor":39.0,"key":"SteroidPotion"},{"floor":40.0,"key":"EssenceOfSteel"},{"floor":41.0,"key":"Fruit Juice"},{"floor":41.0,"key":"Dexterity Potion"},{"floor":48,"key":"BloodPotion"}],"is_trial":false,"path_per_floor":["M","?","M","M","?","M","R","E","T","R","E","?","E","$","R","B",null,"M","M","M","$","M","E","R","M","T","R","M","E","?","M","R","B",null,"M","M","$","M","M","E","?","M","T","R","E","R","?","M","R","B",null],"character_chosen":"IRONCLAD","items_purchased":["Armaments","Shrug It Off","Battle Trance","Master of Strategy","Shockwave","Bandage Up"],"campfire_rested":2,"item_purchase_floors":[14,14,21,21,37,37],"current_hp_per_floor":[83,76,84,89,89,93,93,85,85,85,82,82,80,80,80,81,101,105,85,85,85,80,62,62,39,39,71,71,66,50,65,65,57,125,117,111,111,112,97,105,110,86,86,86,89,135,135,138,138,119],"gold":137,"neow_bonus":"TRANSFORM_CARD","is_prod":false,"is_daily":false,"chose_seed":false,"campfire_upgraded":7,"win_rate":0,"timestamp":1549714442,"path_taken":["M","?","M","M","?","M","R","E","T","R","E","?","E","$","R","BOSS","M","M","M","?","M","E","R","M","T","R","M","E","?","M","R","BOSS","M","M","$","M","M","E","?","?","T","R","E","R","?","M","R","BOSS"],"build_version":"2019-01-23","purchased_purges":2,"victory":true,"max_hp_per_floor":[83,83,86,89,89,93,93,93,93,93,97,97,101,101,101,101,101,105,105,109,109,109,109,109,109,109,109,113,117,117,121,121,125,125,129,133,133,137,145,149,154,154,154,154,154,154,151,155,155,155],"card_choices":[{"not_picked":["Thunderclap","Entrench"],"picked":"Iron Wave","floor":1.0},{"not_picked":["Pummel","Body Slam"],"picked":"Pommel Strike","floor":3.0},{"not_picked":["Combust","Heavy Blade"],"picked":"Anger","floor":4.0},{"not_picked":["Perfected Strike","Havoc"],"picked":"Shrug It Off","floor":6.0},{"not_picked":["Rupture","Rampage","Thunderclap"],"picked":"SKIP","floor":8.0},{"not_picked":["Searing Blow","Corruption","Reckless Charge"],"picked":"Barricade","floor":11.0},{"not_picked":["Headbutt","Warcry","Clash"],"picked":"Pommel Strike","floor":13.0},{"not_picked":["Exhume","Dark Embrace","Double Tap"],"picked":"Fiend Fire","floor":16.0},{"not_picked":["Wild Strike+1","Dropkick+1","Hemokinesis"],"picked":"Clothesline+1","floor":18.0},{"not_picked":["Intimidate","Rage","Flex"],"picked":"Pommel Strike","floor":19.0},{"not_picked":["Bloodletting","Perfected Strike","Headbutt"],"picked":"Body Slam+1","floor":20.0},{"not_picked":["Armaments","Sever Soul+1","Sword Boomerang"],"picked":"Exhume","floor":22.0},{"not_picked":["Blood for Blood","Burning Pact","Sword Boomerang","Double Tap"],"picked":"SKIP","floor":23.0},{"not_picked":["Cleave","Dual Wield+1","Headbutt"],"picked":"Second Wind+1","floor":25.0},{"not_picked":["Whirlwind","Clothesline+1","Pommel Strike"],"picked":"Warcry+1","floor":28.0},{"not_picked":["Twin Strike","Combust+1","Rupture"],"picked":"Reckless Charge+1","floor":29.0},{"not_picked":["Pommel Strike+1","Spot Weakness+1","Sword Boomerang"],"picked":"Body Slam+1","floor":31.0},{"not_picked":["Limit Break","Exhume","Barricade"],"picked":"Juggernaut","floor":33.0},{"not_picked":["Spot Weakness+1","Dropkick","Intimidate+1"],"picked":"Warcry+1","floor":35.0},{"not_picked":["Warcry","Power Through","Wild Strike+1"],"picked":"Headbutt+1","floor":36.0},{"not_picked":["Corruption+1","Thunderclap","Dual Wield"],"picked":"Warcry+1","floor":38.0},{"not_picked":["Spot Weakness+1","Clothesline+1","Sever Soul+1"],"picked":"Ghostly Armor","floor":39.0},{"not_picked":["Limit Break","Heavy Blade","Wild Strike"],"picked":"Battle Trance","floor":40.0},{"not_picked":["Cleave","Rupture","Sword Boomerang+1"],"picked":"Havoc+1","floor":42.0},{"not_picked":["Spot Weakness+1","Double Tap","Perfected Strike+1"],"picked":"Anger+1","floor":45.0},{"not_picked":["Power Through","Twin Strike+1","Cleave"],"picked":"Burning Pact+1","floor":46.0},{"not_picked":["Infernal Blade+1","Pommel Strike","Flex+1"],"picked":"Body Slam+1","floor":48}],"player_experience":103070,"relics_obtained":[{"floor":8.0,"key":"Red Skull"},{"floor":9.0,"key":"Question Card"},{"floor":11.0,"key":"Sundial"},{"floor":13.0,"key":"Bottled Tornado"},{"floor":23.0,"key":"PreservedInsect"},{"floor":26.0,"key":"Blue Candle"},{"floor":29.0,"key":"Magic Flower"},{"floor":30.0,"key":"Nilry\u0027s Codex"},{"floor":40.0,"key":"Paper Frog"},{"floor":43.0,"key":"Pen Nib"},{"floor":45.0,"key":"Dream Catcher"}],"event_choices":[{"cards_removed":["Strike_R"],"damage_healed":0.0,"max_hp_gain":0.0,"max_hp_loss":0.0,"gold_gain":0.0,"event_name":"Golden Wing","player_choice":"Card Removal","floor":2.0,"gold_loss":0.0,"damage_taken":7.0},{"damage_healed":0.0,"max_hp_gain":0.0,"max_hp_loss":0.0,"gold_gain":0.0,"event_name":"Living Wall","player_choice":"Grow","floor":5.0,"gold_loss":0.0,"damage_taken":0.0,"cards_upgraded":["Feed"]},{"damage_healed":0.0,"max_hp_gain":0.0,"max_hp_loss":0.0,"gold_gain":0.0,"cards_transformed":["Bash"],"event_name":"Transmorgrifier","player_choice":"Transformed","floor":12.0,"gold_loss":0.0,"damage_taken":0.0,"cards_obtained":["Iron Wave"]},{"damage_healed":0.0,"max_hp_gain":0.0,"max_hp_loss":0.0,"gold_gain":0.0,"event_name":"Cursed Tome","player_choice":"Obtained Book","floor":30.0,"gold_loss":0.0,"damage_taken":16.0},{"damage_healed":0.0,"max_hp_gain":0.0,"max_hp_loss":0.0,"gold_gain":0.0,"event_name":"Lab","player_choice":"Got Potions","floor":41.0,"gold_loss":0.0,"damage_taken":0.0},{"cards_removed":["Parasite"],"damage_healed":0.0,"max_hp_gain":0.0,"max_hp_loss":0.0,"gold_gain":0.0,"event_name":"Bonfire Elementals","player_choice":"Offered Curse","floor":47.0,"gold_loss":0.0,"damage_taken":0.0,"relics_obtained":["Spirit Poop"]}],"is_beta":false,"boss_relics":[{"not_picked":["Snecko Eye","Calling Bell"],"picked":"Runic Dome"},{"not_picked":["Astrolabe","Fusion Hammer"],"picked":"Empty Cage"}],"items_purged_floors":[14,37],"is_endless":false,"potions_floor_spawned":[6,13,19,20,22,39,40,48],"ascension_level":1}