{"gold_per_floor":[119,134,83,102,119,150,150,164,235,250,250,283,296,1,1,98,98,82,82,101,56,56,56,86,86,86,104,124,199,212,90,90,187,187,205,254,270,289,7,7,7,40,85,98,64,80,90,100,100,100],"floor_reached":51,"playtime":7589,"items_purged":["Strike_B","Strike_B"],"score":713,"play_id":"135eefdb-d7ec-4fac-9b85-106640aecc1b","local_time":"20190212162959","is_ascension_mode":false,"campfire_choices":[{"data":"Zap","floor":11,"key":"SMITH"},{"floor":15,"key":"REST"},{"data":"Conserve Battery","floor":23,"key":"SMITH"},{"floor":25,"key":"REST"},{"floor":32,"key":"REST"},{"data":"Static Discharge","floor":40,"key":"SMITH"},{"data":"Echo Form","floor":49,"key":"SMITH"}],"neow_cost":"NONE","seed_source_timestamp":86518690297000,"circlet_count":0,"master_deck":["Strike_B+1","Defend_B+1","Defend_B+1","Defend_B+1","Defend_B+1","Zap+1","Dualcast+1","Ball Lightning+1","Gash+1","Ball Lightning+1","Conserve Battery+1","Stack+1","Conserve Battery+1","Glacier+1","Conserve Battery+1","Cold Snap+1","Static Discharge+1","Glacier+1","Machine Learning+1","Undo+1","Defragment+1","Hologram+1","Leap+1","Gash+1","Glacier+1","Hologram+1","Stack+1","Electrodynamics+1","Auto Shields+1","FTL+1","White Noise+1","Machine Learning+1","Secret Technique+1","Echo Form+1","BootSequence+1","Chill+1","Cold Snap"],"relics":["FrozenCore","Anchor","Pear","Darkstone Periapt","FossilizedHelix","Toxic Egg 2","Nuclear Battery","Bag of Preparation","Incense Burner","StoneCalendar","Mark of the Bloom","Lantern","PreservedInsect"],"potions_floor_usage":[6,16,16,33,33,50,50,50],"damage_taken":[{"damage":7,"enemies":"2 Louse","floor":1,"turns":3},{"damage":1,"enemies":"Cultist","floor":2,"turns":3},{"damage":7,"enemies":"Jaw Worm","floor":4,"turns":3},{"damage":3,"enemies":"2 Fungi Beasts","floor":5,"turns":3},{"damage":14,"enemies":"Lagavulin","floor":6,"turns":4},{"damage":0,"enemies":"Looter","floor":8,"turns":2},{"damage":0,"enemies":"3 Louse","floor":10,"turns":4},{"damage":6,"enemies":"3 Sentries","floor":12,"turns":7},{"damage":0,"enemies":"2 Fungi Beasts","floor":13,"turns":3},{"damage":24,"enemies":"Hexaghost","floor":16,"turns":11},{"damage":0,"enemies":"2 Thieves","floor":18,"turns":4},{"damage":0,"enemies":"Shell Parasite","floor":20,"turns":11},{"damage":16,"enemies":"Slavers","floor":24,"turns":8},{"damage":0,"enemies":"Sentry and Sphere","floor":27,"turns":10},{"damage":0,"enemies":"Centurion and Healer","floor":28,"turns":9},{"damage":11,"enemies":"Chosen and Byrds","floor":30,"turns":10},{"damage":33,"enemies":"Collector","floor":33,"turns":16},{"damage":0,"enemies":"3 Darklings","floor":35,"turns":5},{"damage":18,"enemies":"2 Orb Walkers","floor":36,"turns":3},{"damage":0,"enemies":"3 Shapes","floor":37,"turns":5},{"damage":0,"enemies":"3 Darklings","floor":38,"turns":7},{"damage":17,"enemies":"Giant Head","floor":42,"turns":10},{"damage":15,"enemies":"Jaw Worm Horde","floor":44,"turns":3},{"damage":0,"enemies":"Sphere and 2 Shapes","floor":46,"turns":3},{"damage":0,"enemies":"Maw","floor":47,"turns":8},{"damage":0,"enemies":"Writhing Mass","floor":48,"turns":7},{"damage":38,"enemies":"Donu and Deca","floor":50,"turns":15}],"seed_played":"3658798599555035315","potions_obtained":[{"floor":4,"key":"FocusPotion"},{"floor":8,"key":"Strength Potion"},{"floor":10,"key":"SteroidPotion"},{"floor":13,"key":"SpeedPotion"},{"floor":18,"key":"Ancient Potion"},{"floor":30,"key":"Dexterity Potion"},{"floor":33,"key":"FairyPotion"},{"floor":35,"key":"SpeedPotion"},{"floor":36,"key":"Swift Potion"},{"floor":44,"key":"Regen Potion"},{"floor":47,"key":"EssenceOfSteel"}],"is_trial":false,"path_per_floor":["M","M","$","M","M","E","?","M","T","M","R","E","M","$","R","B",null,"M","?","M","$","?","R","E","R","T","M","M","?","M","$","R","B",null,"M","?","M","M","$","R","?","E","T","M","$","M","M","M","R","B",null],"character_chosen":"DEFECT","items_purchased":["Ball Lightning","Toxic Egg 2","Glacier+1","Hologram+1","Stack+1","Secret Technique+1","BootSequence+1"],"campfire_rested":3,"item_purchase_floors":[3,14,14,21,31,39,45],"current_hp_per_floor":[68,67,67,60,57,53,53,53,53,53,53,47,47,47,72,48,85,85,85,85,85,69,69,53,80,80,80,80,71,60,60,87,54,90,90,72,72,72,72,72,72,55,55,40,40,40,40,40,40,2],"gold":100,"neow_bonus":"RANDOM_COMMON_RELIC","is_prod":false,"is_daily":false,"chose_seed":false,"campfire_upgraded":4,"win_rate":0.0,"timestamp":1550006999,"path_taken":["M","M","$","M","M","E","?","M","T","?","R","E","M","$","R","BOSS","M","?","M","$","?","R","E","R","T","M","M","?","?","$","R","BOSS","M","?","M","M","$","R","?","E","T","M","$","?","M","M","R","BOSS"],"build_version":"2019-01-23","purchased_purges":2,"victory":true,"max_hp_per_floor":[75,75,75,75,75,85,85,85,85,85,85,85,85,85,85,85,85,85,85,85,85,90,90,90,90,90,90,90,90,90,90,90,90,90,90,90,90,90,90,90,90,90,90,90,90,90,90,90,90,90],"card_choices":[{"not_picked":["Chill","Rebound"],"picked":"Ball Lightning","floor":1},{"not_picked":["Double Energy","Streamline"],"picked":"Gash","floor":2},{"not_picked":["Consume","Double Energy"],"picked":"Conserve Battery","floor":4},{"not_picked":["Tempest","Doom and Gloom"],"picked":"Stack","floor":5},{"not_picked":["Rebound","Cold Snap"],"picked":"Conserve Battery","floor":6},{"not_picked":["Fusion","Stack"],"picked":"Glacier","floor":8},{"not_picked":["Redo","Reinforced Body"],"picked":"Conserve Battery","floor":10},{"not_picked":["Sweeping Beam","Buffer"],"picked":"Cold Snap","floor":12},{"not_picked":["Hello World","Barrage"],"picked":"Static Discharge","floor":13},{"not_picked":["All For One","Amplify+1"],"picked":"Machine Learning","floor":16},{"not_picked":["Rip and Tear+1","Compile Driver+1"],"picked":"Undo+1","floor":18},{"not_picked":["Melter+1","Leap+1"],"picked":"Defragment+1","floor":20},{"not_picked":["Force Field+1","Heatsinks"],"picked":"Leap+1","floor":24},{"not_picked":["Lockon","Beam Cell"],"picked":"Gash+1","floor":27},{"not_picked":["Ball Lightning","Rebound"],"picked":"Glacier+1","floor":28},{"not_picked":["Leap+1","Steam Power+1"],"picked":"Hologram+1","floor":30},{"not_picked":["Rainbow+1","Fission+1"],"picked":"Electrodynamics","floor":33},{"not_picked":["Stack+1","Barrage+1"],"picked":"Auto Shields+1","floor":35},{"not_picked":["Steam+1","Stack+1"],"picked":"FTL","floor":36},{"not_picked":["Aggregate+1","Auto Shields+1"],"picked":"White Noise+1","floor":37},{"not_picked":["Redo+1","Hologram+1"],"picked":"Machine Learning","floor":38},{"not_picked":["Fusion+1","Double Energy+1"],"picked":"Echo Form","floor":42},{"not_picked":["Stack+1","Chaos+1","Streamline+1"],"picked":"SKIP","floor":44},{"not_picked":["Steam+1","Sweeping Beam+1"],"picked":"Chill+1","floor":46},{"not_picked":["Fusion+1","Redo+1"],"picked":"Cold Snap","floor":47},{"not_picked":["Rebound","Beam Cell","Redo+1"],"picked":"SKIP","floor":48}],"player_experience":55611,"relics_obtained":[{"floor":6,"key":"Pear"},{"floor":9,"key":"Darkstone Periapt"},{"floor":12,"key":"FossilizedHelix"},{"floor":24,"key":"Bag of Preparation"},{"floor":26,"key":"Incense Burner"},{"floor":36,"key":"StoneCalendar"},{"floor":42,"key":"Lantern"},{"floor":43,"key":"PreservedInsect"}],"event_choices":[{"cards_removed":["Strike_B"],"damage_healed":0,"gold_gain":0,"player_choice":"Card Removal","damage_taken":0,"max_hp_gain":0,"max_hp_loss":0,"event_name":"Wheel of Change","floor":7,"gold_loss":0},{"damage_healed":0,"gold_gain":0,"player_choice":"Ignored","damage_taken":0,"max_hp_gain":0,"max_hp_loss":0,"event_name":"Ghosts","floor":19,"gold_loss":0},{"damage_healed":0,"gold_gain":0,"player_choice":"Shed Blood","damage_taken":21,"max_hp_gain":5,"max_hp_loss":0,"event_name":"Forgotten Altar","floor":22,"gold_loss":0},{"damage_healed":0,"gold_gain":75,"player_choice":"Touch","damage_taken":9,"max_hp_gain":0,"max_hp_loss":0,"event_name":"FaceTrader","floor":29,"gold_loss":0},{"damage_healed":0,"gold_gain":0,"player_choice":"Fight","damage_taken":0,"max_hp_gain":0,"max_hp_loss":0,"event_name":"Mysterious Sphere","floor":36,"gold_loss":0},{"damage_healed":0,"gold_gain":0,"player_choice":"Upgrade","damage_taken":0,"relics_obtained":["Mark of the Bloom"],"max_hp_gain":0,"max_hp_loss":0,"event_name":"MindBloom","floor":41,"gold_loss":0,"cards_upgraded":["Strike_B","Defend_B","Defend_B","Defend_B","Defend_B","Dualcast","Ball Lightning","Gash","Ball Lightning","Conserve Battery","Stack","Glacier","Conserve Battery","Cold Snap","Machine Learning","Electrodynamics","FTL","Machine Learning"]}],"is_beta":false,"boss_relics":[{"not_picked":["Snecko Eye","Philosopher\u0027s Stone"],"picked":"Nuclear Battery"},{"not_picked":["Empty Cage","Runic Pyramid"],"picked":"FrozenCore"}],"items_purged_floors":[31,39],"is_endless":false,"potions_floor_spawned":[4,8,10,13,18,30,33,35,36,37,44,47],"ascension_level":0}