{"gold_per_floor":[126,150,212,244,273,285,325,337,349,361],"floor_reached":10,"playtime":287,"items_purged":[],"score":116,"play_id":"c96429dd-e098-4b42-8630-9b3dd0efdc98","local_time":"20181103222416","is_ascension_mode":true,"campfire_choices":[{"data":"Corruption","floor":6.0,"key":"SMITH"},{"data":"Bash","floor":8.0,"key":"SMITH"}],"neow_cost":"NONE","seed_source_timestamp":0,"circlet_count":0,"master_deck":["AscendersBane","Strike_R","Strike_R","Strike_R","Strike_R","Strike_R","Defend_R","Defend_R","Defend_R","Defend_R","Bash+1","Corruption+1","Rampage","Inflame","Clothesline"],"special_seed":0,"relics":["Burning Blood","MawBank","Bronze Scales","Omamori","Bottled Tornado"],"potions_floor_usage":[10,10],"damage_taken":[{"damage":12.0,"enemies":"Cultist","floor":1.0,"turns":4.0},{"damage":6.0,"enemies":"Jaw Worm","floor":2.0,"turns":5.0},{"damage":3.0,"enemies":"2 Louse","floor":4.0,"turns":3.0},{"damage":16.0,"enemies":"Blue Slaver","floor":5.0,"turns":4.0},{"damage":26.0,"enemies":"Gremlin Nob","floor":7.0,"turns":4.0},{"damage":47,"enemies":"3 Sentries","floor":10,"turns":6}],"seed_played":"325189229160081443","potions_obtained":[{"floor":5.0,"key":"Weak Potion"},{"floor":7.0,"key":"BloodPotion"}],"is_trial":false,"path_per_floor":["M","M","T","M","M","R","?","R","T","E"],"character_chosen":"IRONCLAD","items_purchased":[],"campfire_rested":0,"item_purchase_floors":[],"current_hp_per_floor":[62,62,62,65,55,55,35,35,35,0],"gold":361,"neow_bonus":"RANDOM_COMMON_RELIC","is_prod":false,"is_daily":false,"chose_seed":false,"campfire_upgraded":2,"win_rate":0,"timestamp":1541280256,"path_taken":["M","M","?","M","M","R","?","R","T","E"],"build_version":"2018-11-01","purchased_purges":0,"victory":false,"max_hp_per_floor":[75,75,75,75,75,75,75,75,75,75],"card_choices":[{"not_picked":["Cleave","Havoc"],"picked":"Corruption","floor":1.0},{"not_picked":["Twin Strike","Havoc"],"picked":"Rampage","floor":2.0},{"not_picked":["Warcry","Clash"],"picked":"Inflame","floor":4.0},{"not_picked":["Blood for Blood","Body Slam"],"picked":"Clothesline","floor":5.0}],"player_experience":1587230,"relics_obtained":[{"floor":3.0,"key":"Bronze Scales"},{"floor":7.0,"key":"Omamori"},{"floor":9.0,"key":"Bottled Tornado"}],"event_choices":[{"damage_healed":0.0,"max_hp_gain":0.0,"max_hp_loss":0.0,"gold_gain":30.0,"event_name":"Dead Adventurer","player_choice":"Searched \u00272\u0027 times","floor":7.0,"gold_loss":0.0,"damage_taken":0.0}],"is_beta":false,"boss_relics":[],"items_purged_floors":[],"is_endless":false,"potions_floor_spawned":[5,7],"killed_by":"3 Sentries","ascension_level":20}