{"path_per_floor":["M","M","?","?","M","E","?","R","T","M","?","R","?","$","R","B",null,"M","M","?","$","M","E","?","R","T","?","M","?","$","?","R","B",null,"M","$","?","?","?","R","$","M","T","?","M","M","?","M","R","B"],"character_chosen":"IRONCLAD","items_purchased":["Headbutt","Orichalcum","Pen Nib","Vajra"],"gold_per_floor":[113,123,123,123,141,166,241,241,241,256,256,256,280,230,230,332,332,351,371,371,141,156,190,190,190,213,213,224,224,76,76,76,171,171,185,185,185,185,185,185,34,51,351,351,366,386,435,449,449,449],"floor_reached":51,"campfire_rested":4,"playtime":2820,"current_hp_per_floor":[80,80,64,64,69,28,17,41,41,47,47,47,50,50,74,59,80,80,76,76,76,64,57,41,66,66,66,68,68,68,68,68,30,86,86,86,75,75,75,75,75,81,81,81,86,77,90,75,90,26],"items_purged":["Normality"],"gold":449,"score":561,"play_id":"e2c09f9e-e46b-4f14-9411-36777923a07d","local_time":"20180306234522","is_prod":false,"is_daily":false,"is_ascension_mode":false,"campfire_upgraded":3,"timestamp":1520376322,"path_taken":["M","M","?","?","M","E","?","R","T","M","?","R","?","$","R","BOSS","M","M","?","$","M","E","?","R","T","?","M","?","$","?","R","BOSS","M","$","?","?","?","R","$","M","T","?","M","M","?","M","R","BOSS"],"build_version":"2018-03-01-PROD1","purchased_purges":2,"victory":true,"master_deck":["Strike_R+1","Strike_R+1","Strike_R+1","Strike_R+1","Strike_R+1","Defend_R+1","Defend_R+1","Defend_R+1","Defend_R+1","Bash+1","Pommel Strike+1","Thunderclap","Perfected Strike+1","Reaper","Headbutt","Feed+1","Dual Wield+1","Corruption+1","Necronomicurse","Exhume","Finesse","Double Tap","Uppercut+1","Madness","Madness","Infernal Blade+1","Burning Pact+1"],"max_hp_per_floor":[80,80,80,80,80,80,80,80,80,80,80,80,80,80,80,80,80,83,83,83,83,83,86,86,86,86,86,86,86,86,86,86,86,86,86,86,86,86,86,86,86,90,90,90,90,90,90,90,90,94],"relics":["Burning Blood","Lantern","Gremlin Horn","Juzu Bracelet","Unceasing Top","Odd Mushroom","Sozu","Orichalcum","Dodecahedron","Necronomicon","Regal Pillow","Pen Nib","Mark of Pain","Vajra","Old Coin","Frozen Eye"],"card_choices":[{"not_picked":["Headbutt","Hemokinesis"],"picked":"Pommel Strike"},{"not_picked":["Twin Strike","Thunderclap"],"picked":"Armaments"},{"not_picked":["Hemokinesis","True Grit"],"picked":"Thunderclap"},{"not_picked":["Second Wind","Anger"],"picked":"Perfected Strike"},{"not_picked":["True Grit","Pommel Strike"],"picked":"Reaper"},{"not_picked":["Double Tap","Bludgeon"],"picked":"Feed"},{"not_picked":["Pommel Strike","True Grit"],"picked":"Clash"},{"not_picked":["Sentinel","Heavy Blade"],"picked":"Dual Wield"},{"not_picked":["True Grit","Rupture"],"picked":"Corruption"},{"not_picked":["Impervious","Berserk"],"picked":"Double Tap"},{"not_picked":["Seeing Red","Heavy Blade"],"picked":"Uppercut"},{"not_picked":["Sever Soul","Clothesline"],"picked":"Infernal Blade"},{"not_picked":["Heavy Blade","Headbutt"],"picked":"Burning Pact"}],"player_experience":231216,"potions_floor_usage":[22,28],"damage_taken":[{"damage":0,"enemies":"2 Louse","floor":1,"turns":3},{"damage":0,"enemies":"Small Slimes","floor":2,"turns":3},{"damage":1,"enemies":"Cultist","floor":5,"turns":3},{"damage":47,"enemies":"Lagavulin","floor":6,"turns":7},{"damage":0,"enemies":"Looter","floor":10,"turns":4},{"damage":3,"enemies":"The Mushroom Lair","floor":13,"turns":3},{"damage":31,"enemies":"Slime Boss","floor":16,"turns":8},{"damage":15,"enemies":"2 Thieves","floor":18,"turns":4},{"damage":10,"enemies":"3 Byrds","floor":19,"turns":4},{"damage":22,"enemies":"Sentry and Sphere","floor":22,"turns":4},{"damage":16,"enemies":"Slavers","floor":23,"turns":4},{"damage":20,"enemies":"Centurion and Healer","floor":28,"turns":4},{"damage":44,"enemies":"Automaton","floor":33,"turns":6},{"damage":0,"enemies":"3 Darklings","floor":35,"turns":4},{"damage":4,"enemies":"Orb Walker","floor":42,"turns":2},{"damage":6,"enemies":"Maw","floor":45,"turns":6},{"damage":19,"enemies":"Sphere and 2 Shapes","floor":46,"turns":5},{"damage":6,"enemies":"Mysterious Sphere","floor":47,"turns":3},{"damage":21,"enemies":"3 Darklings","floor":48,"turns":3},{"damage":83,"enemies":"Awakened One","floor":50,"turns":8}],"event_choices":[{"event_name":"Shining Light","player_choice":"Entered Light","floor":3,"damage_taken":0},{"event_name":"Accursed Blacksmith","player_choice":"Rummage","floor":4,"damage_taken":0},{"event_name":"World of Goop","player_choice":"Gather Gold","floor":7,"damage_taken":0},{"event_name":"Living Wall","player_choice":"Grow","floor":11,"damage_taken":0},{"event_name":"Mushrooms","player_choice":"Fought Mushrooms","floor":13,"damage_taken":0},{"event_name":"The Woman in Blue","player_choice":"Bought 0 Potions","floor":20,"damage_taken":0},{"event_name":"Cursed Tome","player_choice":"Obtained Book","floor":24,"damage_taken":0},{"event_name":"Match and Keep!","player_choice":"2 cards matched","floor":27,"damage_taken":0},{"event_name":"Back to Basics","player_choice":"Simplicity","floor":29,"damage_taken":0},{"event_name":"Addict","player_choice":"Ignored","floor":31,"damage_taken":0},{"event_name":"Winding Halls","player_choice":"Embrace Madness","floor":37,"damage_taken":0},{"event_name":"Purifier","player_choice":"One Purge","floor":38,"damage_taken":0},{"event_name":"Tomb of Lord Red Mask","player_choice":"Ignored","floor":39,"damage_taken":0},{"event_name":"Mysterious Sphere","player_choice":"Fight","floor":47,"damage_taken":0}],"boss_relics":[{"not_picked":["Cursed Key","Runic Pyramid"],"picked":"Sozu"},{"not_picked":["Pandora\u0027s Box","Velvet Choker"],"picked":"Mark of Pain"}],"potions_floor_spawned":[5,13,16,23,28,33,35,46,48],"seed_played":"7899832573700215011","ascension_level":0,"is_trial":false}