{"gold_per_floor":[116,130,205,355,355,355,396,396,396,41,41,56,56,75,75,75],"floor_reached":16,"playtime":518,"items_purged":["Doubt"],"score":215,"play_id":"bfcb0100-2208-40e1-becb-bbcc7233bb6c","local_time":"20190210115459","is_ascension_mode":true,"campfire_choices":[{"floor":6,"key":"REST"},{"data":"Neutralize","floor":11,"key":"SMITH"},{"data":"Cloak And Dagger","floor":13,"key":"SMITH"},{"data":"Cloak And Dagger","floor":15,"key":"SMITH"}],"neow_cost":"NONE","seed_source_timestamp":74475638295300,"circlet_count":0,"master_deck":["AscendersBane","Defend_G","Defend_G","Defend_G","Defend_G","Defend_G","Strike_G","Strike_G","Strike_G","Strike_G","Strike_G","Survivor","Neutralize+1","Cloak And Dagger+1","Blade Dance","Cloak And Dagger+1","Adrenaline","Cloak And Dagger","Acrobatics"],"relics":["Ring of the Snake","NeowsBlessing","Golden Idol","Paper Crane","Matryoshka","ClockworkSouvenir"],"potions_floor_usage":[],"damage_taken":[{"damage":0,"enemies":"Small Slimes","floor":1,"turns":1},{"damage":0,"enemies":"2 Louse","floor":2,"turns":1},{"damage":0,"enemies":"Gremlin Nob","floor":7,"turns":1},{"damage":0,"enemies":"Cultist","floor":12,"turns":4},{"damage":2,"enemies":"Large Slime","floor":14,"turns":7},{"damage":40,"enemies":"Hexaghost","floor":16,"turns":16}],"seed_played":"-8657080300566687663","potions_obtained":[{"floor":1,"key":"GamblersBrew"}],"is_trial":false,"path_per_floor":["?","?","?","?"],"character_chosen":"THE_SILENT","items_purchased":["Adrenaline","ClockworkSouvenir"],"campfire_rested":1,"item_purchase_floors":[10,10],"current_hp_per_floor":[59,59,48,48,25,44,44,49,49,49,49,49,49,47,47,7],"gold":75,"neow_bonus":"THREE_ENEMY_KILL","is_prod":false,"is_daily":false,"chose_seed":false,"campfire_upgraded":3,"win_rate":0,"timestamp":1549767299,"path_taken":["M","M","?","?","?","R","E","?","T","$","R","M","R","M","R","BOSS"],"build_version":"2019-01-23","purchased_purges":1,"victory":false,"max_hp_per_floor":[66,66,66,66,66,66,66,71,71,71,71,71,71,71,71,71],"card_choices":[{"not_picked":["Slice","Accuracy"],"picked":"Cloak And Dagger","floor":1},{"not_picked":["Slice","Sucker Punch"],"picked":"Blade Dance","floor":2},{"not_picked":["Dagger Throw","Blade Dance"],"picked":"Cloak And Dagger","floor":7},{"not_picked":["Heel Hook","Sucker Punch"],"picked":"Cloak And Dagger","floor":12},{"not_picked":["Noxious Fumes","Underhanded Strike"],"picked":"Acrobatics","floor":14}],"player_experience":310259,"relics_obtained":[{"floor":7,"key":"Paper Crane"},{"floor":9,"key":"Matryoshka"}],"event_choices":[{"damage_healed":0,"gold_gain":75,"player_choice":"Gather Gold","damage_taken":11,"max_hp_gain":0,"max_hp_loss":0,"event_name":"World of Goop","floor":3,"gold_loss":0},{"damage_healed":0,"gold_gain":150,"player_choice":"AGREE","damage_taken":0,"max_hp_gain":0,"max_hp_loss":0,"event_name":"Liars Game","floor":4,"gold_loss":0,"cards_obtained":["Doubt"]},{"damage_healed":0,"gold_gain":0,"player_choice":"Take Damage","damage_taken":23,"relics_obtained":["Golden Idol"],"max_hp_gain":0,"max_hp_loss":0,"event_name":"Golden Idol","floor":5,"gold_loss":0},{"damage_healed":0,"gold_gain":0,"player_choice":"Donut","damage_taken":0,"max_hp_gain":5,"max_hp_loss":0,"event_name":"Big Fish","floor":8,"gold_loss":0}],"is_beta":false,"boss_relics":[],"items_purged_floors":[10],"is_endless":false,"potions_floor_spawned":[1],"killed_by":"Hexaghost","ascension_level":15}