{"path_per_floor":["M","$","?","M","?","R","E","R","T","M","M","E","?","?","R"],"character_chosen":"IRONCLAD","items_purchased":["Armaments"],"gold_per_floor":[109,59,59,83,83,83,118,118,118,136,156,200,200,200,200,200],"floor_reached":16,"campfire_rested":1,"playtime":618,"item_purchase_floors":[2],"current_hp_per_floor":[80,80,60,66,71,71,61,61,61,67,72,51,51,31,60,0],"items_purged":[],"gold":200,"score":133,"play_id":"7d2f106a-971b-4320-b171-c238fbc774d5","local_time":"20180619140021","daily_mods":["Heirloom","Elite Swarm","Vintage"],"is_prod":false,"is_daily":false,"chose_seed":true,"is_ascension_mode":false,"campfire_upgraded":2,"win_rate":0,"timestamp":1529409621,"campfire_choices":[{"data":"Armaments","floor":6,"key":"SMITH"},{"data":"Bash","floor":8,"key":"SMITH"},{"floor":15,"key":"REST"}],"path_taken":["M","$","?","M","?","R","E","R","T","M","M","E","?","?","R","BOSS"],"build_version":"2018-06-14v2","seed_source_timestamp":3590135039014654,"purchased_purges":0,"victory":false,"master_deck":["Strike_R","Strike_R","Strike_R","Strike_R","Strike_R","Defend_R","Defend_R","Defend_R","Defend_R","Bash+1","Armaments+1","Limit Break","Immolate+1","Offering+1"],"max_hp_per_floor":[80,80,80,80,85,85,99,99,99,99,99,99,99,99,99,99],"special_seed":29952015251857,"relics":["Burning Blood","Calipers","Gremlin Horn","Golden Idol","The Courier","Mango","Bottled Lightning","Gambling Chip","Dream Catcher","Centennial Puzzle"],"card_choices":[{"not_picked":["Immolate","Berserk"],"picked":"Limit Break","floor":7},{"not_picked":["Impervious","Exhume"],"picked":"Immolate","floor":12}],"player_experience":883683,"potions_floor_usage":[12,16,16],"damage_taken":[{"damage":6,"enemies":"Cultist","floor":1,"turns":3},{"damage":0,"enemies":"Small Slimes","floor":4,"turns":2},{"damage":30,"enemies":"Lagavulin","floor":7,"turns":11},{"damage":0,"enemies":"2 Louse","floor":10,"turns":4},{"damage":1,"enemies":"2 Fungi Beasts","floor":11,"turns":4},{"damage":27,"enemies":"Gremlin Nob","floor":12,"turns":4},{"damage":69,"enemies":"Hexaghost","floor":16,"turns":9}],"relics_obtained":[{"floor":1,"key":"Gremlin Horn"},{"floor":4,"key":"The Courier"},{"floor":7,"key":"Mango"},{"floor":9,"key":"Bottled Lightning"},{"floor":10,"key":"Gambling Chip"},{"floor":11,"key":"Dream Catcher"},{"floor":12,"key":"Centennial Puzzle"}],"event_choices":[{"event_name":"Golden Idol","player_choice":"Take Damage","floor":3,"damage_taken":0},{"event_name":"Big Fish","player_choice":"Donut","floor":5,"damage_taken":0},{"event_name":"Match and Keep!","player_choice":"1 cards matched","floor":13,"damage_taken":0},{"event_name":"Shining Light","player_choice":"Entered Light","floor":14,"damage_taken":0}],"boss_relics":[],"items_purged_floors":[],"is_endless":false,"potions_floor_spawned":[7,10,11],"seed_played":"2399233370956866571","killed_by":"Hexaghost","ascension_level":0,"potions_obtained":[{"floor":7,"key":"BloodPotion"},{"floor":10,"key":"PowerPotion"},{"floor":11,"key":"Swift Potion"}],"is_trial":true}