{"gold_per_floor":[111,125,54,65,65,65,140,170,251,284,249,249],"floor_reached":12,"playtime":638,"items_purged":[],"score":88,"play_id":"51119f82-ed84-4209-84c6-058e70d8696f","local_time":"20190210025909","is_ascension_mode":false,"campfire_choices":[{"data":"Gash","floor":6,"key":"SMITH"}],"neow_cost":"NONE","seed_source_timestamp":285208434888197,"circlet_count":0,"master_deck":["Strike_B","Strike_B","Strike_B","Defend_B","Defend_B","Defend_B","Zap","Dualcast","Reboot","Gash+1","Leap","Storm","Self Repair","Glacier","Genetic Algorithm","Stack"],"relics":["Cracked Core","Art of War","Shuriken","The Courier"],"potions_floor_usage":[12],"damage_taken":[{"damage":2,"enemies":"Cultist","floor":1,"turns":5},{"damage":0,"enemies":"Small Slimes","floor":2,"turns":2},{"damage":1,"enemies":"Jaw Worm","floor":4,"turns":3},{"damage":17,"enemies":"Lagavulin","floor":8,"turns":6},{"damage":27,"enemies":"3 Sentries","floor":10,"turns":10},{"damage":19,"enemies":"Exordium Thugs","floor":11,"turns":5},{"damage":14,"enemies":"Lots of Slimes","floor":12,"turns":2}],"seed_played":"8555867854348867279","potions_obtained":[{"floor":4,"key":"Energy Potion"},{"floor":8,"key":"EssenceOfSteel"},{"floor":11,"key":"Strength Potion"}],"is_trial":false,"path_per_floor":["M","M","$","M","?","R","?","E","T","E","M","M"],"character_chosen":"DEFECT","items_purchased":["Storm"],"campfire_rested":0,"item_purchase_floors":[3],"current_hp_per_floor":[73,73,73,72,65,65,54,44,44,24,12,0],"gold":249,"neow_bonus":"TRANSFORM_CARD","is_prod":false,"is_daily":false,"chose_seed":false,"campfire_upgraded":1,"win_rate":0.0,"timestamp":1549785549,"path_taken":["M","M","?","M","?","R","?","E","T","E","M","M"],"build_version":"2019-01-23","purchased_purges":0,"victory":false,"max_hp_per_floor":[75,75,75,75,75,75,75,75,75,75,75,75],"card_choices":[{"not_picked":["Redo","Turbo"],"picked":"Gash","floor":1},{"not_picked":["Skim","Beam Cell"],"picked":"Leap","floor":2},{"not_picked":["Conserve Battery","Glacier"],"picked":"Self Repair","floor":4},{"not_picked":["Rip and Tear","Steam"],"picked":"Glacier","floor":8},{"not_picked":["Double Energy","Heatsinks"],"picked":"Genetic Algorithm","floor":10},{"not_picked":["Rebound","Hologram"],"picked":"Stack","floor":11}],"player_experience":421517,"relics_obtained":[{"floor":8,"key":"Art of War"},{"floor":9,"key":"Shuriken"},{"floor":10,"key":"The Courier"}],"event_choices":[{"cards_removed":["Defend_B"],"damage_healed":0,"gold_gain":0,"player_choice":"Card Removal","damage_taken":7,"max_hp_gain":0,"max_hp_loss":0,"event_name":"Golden Wing","floor":5,"gold_loss":0},{"damage_healed":0,"gold_gain":75,"player_choice":"Gather Gold","damage_taken":11,"max_hp_gain":0,"max_hp_loss":0,"event_name":"World of Goop","floor":7,"gold_loss":0}],"is_beta":false,"boss_relics":[],"items_purged_floors":[],"is_endless":false,"potions_floor_spawned":[4,8,11],"killed_by":"Lots of Slimes","ascension_level":0}