{"path_per_floor":["M","$","M","?","M","R","E","R","T","?","E","$","E","M","R","B",null,"M","?","?","M","$","R","M","R","T","R","?","$","M","M","R"],"character_chosen":"IRONCLAD","items_purchased":["Toxic Egg 2","Regen Potion","Bottled Flame","Shovel"],"gold_per_floor":[369,33,43,43,62,62,87,87,110,110,142,92,119,131,131,230,230,241,241,441,459,212,212,228,228,299,299,299,6,26,38,38],"floor_reached":33,"campfire_rested":3,"playtime":1175,"current_hp_per_floor":[80,80,79,76,80,80,61,61,61,61,47,47,26,29,55,11,68,64,87,87,51,51,51,37,63,63,63,63,63,60,25,51],"items_purged":["Decay"],"gold":38,"score":329,"play_id":"96043d65-9f28-4564-9540-f9998c0765d2","local_time":"20180311195611","is_prod":false,"is_daily":false,"is_ascension_mode":true,"campfire_upgraded":4,"timestamp":1520794571,"path_taken":["M","$","M","?","M","R","E","R","T","?","E","$","E","M","R","BOSS","M","?","?","M","$","R","M","R","T","R","?","$","?","M","R","BOSS"],"build_version":"2018-03-09","purchased_purges":1,"victory":false,"master_deck":["Strike_R","Strike_R","Strike_R","Strike_R","Strike_R+1","Defend_R","Defend_R","Defend_R+1","Defend_R+1","Bash+1","Thunderclap","Shrug It Off+1","Whirlwind+1","Impervious+1","True Grit+1","Metallicize+1","Headbutt+1","Armaments+1","Dual Wield+1","Flex+1","Shrug It Off+1","Whirlwind+1"],"max_hp_per_floor":[80,80,80,80,80,80,87,87,87,87,87,87,87,87,87,87,87,87,87,87,87,87,87,87,87,87,87,87,87,87,87,87],"relics":["Burning Blood","Toxic Egg 2","Letter Opener","Strawberry","Dream Catcher","War Paint","Bag of Marbles","Orrery","Bottled Flame","Meat on the Bone","Shovel"],"card_choices":[{"not_picked":["Warcry","Wild Strike"],"picked":"Thunderclap"},{"not_picked":["Twin Strike","Feel No Pain"],"picked":"Shrug It Off"},{"not_picked":["Hemokinesis","Twin Strike"],"picked":"Whirlwind"},{"not_picked":["Body Slam","Corruption"],"picked":"Impervious"},{"not_picked":["Havoc","Thunderclap"],"picked":"True Grit"},{"not_picked":["Havoc","Evolve"],"picked":"Metallicize"},{"not_picked":["Shockwave","Pummel"],"picked":"Headbutt"},{"not_picked":["Heavy Blade","Intimidate"],"picked":"Armaments"},{"not_picked":["Twin Strike","Corruption"],"picked":"Dual Wield"},{"not_picked":["Wild Strike","Cleave"],"picked":"Flex"},{"not_picked":["Armaments","Evolve"],"picked":"Shrug It Off"},{"not_picked":["Clash","Body Slam"],"picked":"Whirlwind"}],"player_experience":276438,"potions_floor_usage":[11,18,24,24],"damage_taken":[{"damage":3,"enemies":"Small Slimes","floor":1,"turns":3},{"damage":7,"enemies":"Jaw Worm","floor":3,"turns":3},{"damage":1,"enemies":"Cultist","floor":5,"turns":3},{"damage":32,"enemies":"Gremlin Nob","floor":7,"turns":4},{"damage":20,"enemies":"Lagavulin","floor":11,"turns":6},{"damage":27,"enemies":"3 Sentries","floor":13,"turns":5},{"damage":3,"enemies":"Exordium Thugs","floor":14,"turns":2},{"damage":50,"enemies":"The Guardian","floor":16,"turns":14},{"damage":10,"enemies":"Spheric Guardian","floor":18,"turns":7},{"damage":42,"enemies":"Shell Parasite","floor":21,"turns":7},{"damage":23,"enemies":"Centurion and Healer","floor":24,"turns":2},{"damage":21,"enemies":"Snake Plant","floor":30,"turns":4},{"damage":53,"enemies":"Slaver and Parasite","floor":31,"turns":7},{"damage":52,"enemies":"Automaton","floor":33,"turns":4}],"event_choices":[{"event_name":"Scrap Ooze","player_choice":"success","floor":4,"damage_taken":3},{"event_name":"Upgrade Shrine","player_choice":"Upgraded","floor":10,"damage_taken":0},{"event_name":"The Library","player_choice":"Heal","floor":19,"damage_taken":0},{"event_name":"The Joust","player_choice":"Bet on Owner","floor":20,"damage_taken":0},{"event_name":"Drug Dealer","player_choice":"Ignored","floor":28,"damage_taken":0}],"boss_relics":[{"not_picked":["Snecko Eye","Runic Pyramid"],"picked":"Orrery"}],"potions_floor_spawned":[7,11,13,16,31],"seed_played":"-636136638122402669","killed_by":"Automaton","ascension_level":5,"is_trial":false}