{"gold_per_floor":[119,136,136,153,17,17,31,31,31,49,83,83,103,116,116,193,193,207,207,217,235,13,13,13],"floor_reached":24,"playtime":1079,"items_purged":[],"score":400,"play_id":"3f6e03bd-1df9-46cb-b392-58adacbce05d","local_time":"20190117125013","is_ascension_mode":true,"campfire_choices":[{"data":"Noxious Fumes","floor":6,"key":"SMITH"},{"data":"Infinite Blades","floor":8,"key":"SMITH"},{"data":"Catalyst","floor":12,"key":"SMITH"},{"floor":15,"key":"REST"},{"floor":23,"key":"REST"}],"neow_cost":"PERCENT_DAMAGE","seed_source_timestamp":80534031988938,"circlet_count":0,"master_deck":["AscendersBane","Defend_G","Defend_G","Defend_G","Defend_G","Defend_G","Strike_G","Strike_G","Strike_G","Strike_G","Survivor","Neutralize","Infinite Blades+1","Dagger Spray","Quick Slash","Noxious Fumes+1","Catalyst+1","Poisoned Stab","Deflect","Adrenaline","Dodge and Roll","Leg Sweep","Footwork","Deadly Poison"],"relics":["Ring of the Snake","Kunai","Sundial","Philosopher\u0027s Stone"],"potions_floor_usage":[11,19,19,24],"damage_taken":[{"damage":2,"enemies":"2 Louse","floor":1,"turns":3},{"damage":2,"enemies":"Small Slimes","floor":2,"turns":4},{"damage":0,"enemies":"Jaw Worm","floor":4,"turns":4},{"damage":3,"enemies":"Blue Slaver","floor":7,"turns":5},{"damage":0,"enemies":"2 Fungi Beasts","floor":10,"turns":3},{"damage":15,"enemies":"3 Sentries","floor":11,"turns":6},{"damage":11,"enemies":"Looter","floor":13,"turns":3},{"damage":4,"enemies":"Blue Slaver","floor":14,"turns":4},{"damage":24,"enemies":"Hexaghost","floor":16,"turns":8},{"damage":14,"enemies":"Spheric Guardian","floor":18,"turns":5},{"damage":12,"enemies":"Colosseum Slavers","floor":19,"turns":4},{"damage":8,"enemies":"3 Byrds","floor":20,"turns":6},{"damage":10,"enemies":"Centurion and Healer","floor":21,"turns":6},{"damage":41,"enemies":"Masked Bandits","floor":24,"turns":5}],"seed_played":"4400374324575342524","potions_obtained":[{"floor":1,"key":"Energy Potion"},{"floor":7,"key":"Explosive Potion"},{"floor":14,"key":"Dexterity Potion"},{"floor":21,"key":"Weak Potion"}],"is_trial":false,"path_per_floor":["M","M","?","M","$","R","M","R","T","M","E","R","M","M","R","B",null,"M","?","M","M","$","R","?"],"character_chosen":"THE_SILENT","items_purchased":["Quick Slash","Noxious Fumes","Leg Sweep","Footwork","Deadly Poison"],"campfire_rested":2,"item_purchase_floors":[5,5,22,22,22],"current_hp_per_floor":[54,52,45,45,45,45,42,42,42,42,27,27,16,12,35,11,61,47,35,27,17,17,40,0],"gold":13,"neow_bonus":"TWENTY_PERCENT_HP_BONUS","is_prod":false,"is_daily":false,"chose_seed":false,"campfire_upgraded":3,"win_rate":0,"timestamp":1547725813,"path_taken":["M","M","?","M","$","R","M","R","T","M","E","R","M","M","R","BOSS","M","?","M","M","$","R","?"],"build_version":"2019-01-10","purchased_purges":0,"victory":false,"max_hp_per_floor":[78,78,78,78,78,78,78,78,78,78,78,78,78,78,78,78,78,78,78,78,78,78,78,78],"card_choices":[{"not_picked":["Blur","Outmaneuver","Acrobatics"],"picked":"SKIP","floor":1},{"not_picked":["Well Laid Plans","Leg Sweep"],"picked":"Infinite Blades","floor":2},{"not_picked":["Blade Dance","Tactician"],"picked":"Dagger Spray","floor":4},{"not_picked":["Sucker Punch","Outmaneuver","Expertise"],"picked":"SKIP","floor":7},{"not_picked":["Sucker Punch","Tactician"],"picked":"Catalyst","floor":10},{"not_picked":["Setup","Underhanded Strike","Flying Knee"],"picked":"SKIP","floor":11},{"not_picked":["Corpse Explosion","Deflect"],"picked":"Poisoned Stab","floor":13},{"not_picked":["Prepared","Underhanded Strike"],"picked":"Deflect","floor":14},{"not_picked":["Grand Finale","Unload"],"picked":"Adrenaline","floor":16},{"not_picked":["Heel Hook","Outmaneuver"],"picked":"Dodge and Roll","floor":18},{"not_picked":["Dagger Spray","Terror","Quick Slash"],"picked":"SKIP","floor":20},{"not_picked":["Dagger Spray","Finisher","All Out Attack"],"picked":"SKIP","floor":21}],"player_experience":1901348,"relics_obtained":[{"floor":9,"key":"Kunai"},{"floor":11,"key":"Sundial"}],"event_choices":[{"cards_removed":["Strike_G"],"damage_healed":0,"gold_gain":0,"player_choice":"Card Removal","damage_taken":7,"max_hp_gain":0,"max_hp_loss":0,"event_name":"Golden Wing","floor":3,"gold_loss":0},{"damage_healed":0,"gold_gain":0,"player_choice":"Fight","damage_taken":0,"max_hp_gain":0,"max_hp_loss":0,"event_name":"Colosseum","floor":19,"gold_loss":0},{"damage_healed":0,"gold_gain":0,"player_choice":"Fled From Nobs","damage_taken":0,"max_hp_gain":0,"max_hp_loss":0,"event_name":"Colosseum","floor":19,"gold_loss":0},{"damage_healed":0,"gold_gain":0,"player_choice":"Fought Bandits","damage_taken":0,"max_hp_gain":0,"max_hp_loss":0,"event_name":"Masked Bandits","floor":24,"gold_loss":0}],"is_beta":false,"boss_relics":[{"not_picked":["Calling Bell","Ring of the Serpent"],"picked":"Philosopher\u0027s Stone"}],"items_purged_floors":[],"is_endless":false,"potions_floor_spawned":[1,7,10,14,19,21],"killed_by":"Masked Bandits","ascension_level":20}