{"gold_per_floor":[211,211,222,74,94,94,59,59,59,74,104,114,140,100,100,174,174,193,209,209],"floor_reached":20,"playtime":876,"items_purged":[],"score":340,"play_id":"bb85532d-d6a0-4c46-95fc-8cca43c33d7f","local_time":"20181001132135","is_ascension_mode":true,"campfire_choices":[{"data":"Barricade","floor":6,"key":"SMITH"},{"data":"Armaments","floor":15,"key":"SMITH"}],"neow_cost":"NONE","seed_source_timestamp":617972085384691,"circlet_count":0,"master_deck":["Strike_R","Strike_R","Strike_R","Strike_R","Strike_R","Defend_R","Defend_R","Defend_R+1","Defend_R","Bash+1","AscendersBane","Cleave","Uppercut","Barricade+1","Power Through","Flame Barrier","Armaments+1","Reaper","Offering","Carnage","Shrug It Off"],"relics":["Burning Blood","Matryoshka","Bag of Marbles","Orichalcum","Cursed Key"],"potions_floor_usage":[10,11,20],"damage_taken":[{"damage":9,"enemies":"2 Louse","floor":1,"turns":3},{"damage":0,"enemies":"Jaw Worm","floor":3,"turns":3},{"damage":13,"enemies":"Small Slimes","floor":5,"turns":4},{"damage":0,"enemies":"3 Louse","floor":10,"turns":2},{"damage":18,"enemies":"Gremlin Nob","floor":11,"turns":4},{"damage":1,"enemies":"Blue Slaver","floor":12,"turns":7},{"damage":22,"enemies":"3 Sentries","floor":13,"turns":11},{"damage":0,"enemies":"Looter","floor":14,"turns":4},{"damage":25,"enemies":"The Guardian","floor":16,"turns":26},{"damage":0,"enemies":"Chosen","floor":18,"turns":5},{"damage":32,"enemies":"Spheric Guardian","floor":19,"turns":10},{"damage":63,"enemies":"3 Cultists","floor":20,"turns":6}],"seed_played":"5575249620720880684","potions_obtained":[{"floor":3,"key":"PowerPotion"},{"floor":13,"key":"SneckoOil"},{"floor":16,"key":"Energy Potion"},{"floor":19,"key":"LiquidBronze"}],"is_trial":false,"path_per_floor":["M","?","M","$","M","R","?","?","T","M","E","M","E","M","R","B",null,"M","M"],"character_chosen":"IRONCLAD","items_purchased":["Barricade","Explosive Potion"],"campfire_rested":0,"item_purchase_floors":[4,4],"current_hp_per_floor":[65,42,48,48,41,41,59,59,59,65,53,58,42,54,54,42,67,75,49,0],"gold":209,"neow_bonus":"HUNDRED_GOLD","is_prod":false,"is_daily":false,"chose_seed":false,"campfire_upgraded":2,"win_rate":0,"timestamp":1538392895,"path_taken":["M","?","M","$","M","R","?","?","T","?","E","M","E","M","R","BOSS","M","M","?"],"build_version":"2018-09-27","purchased_purges":0,"victory":false,"max_hp_per_floor":[75,75,75,75,75,75,75,75,75,75,75,75,75,75,75,75,75,75,75,75],"card_choices":[{"not_picked":["Iron Wave","Sword Boomerang"],"picked":"Cleave","floor":1},{"not_picked":["Ghostly Armor","True Grit"],"picked":"Uppercut","floor":3},{"not_picked":["Perfected Strike","Hemokinesis"],"picked":"Power Through","floor":5},{"not_picked":["Shockwave","Body Slam"],"picked":"Flame Barrier","floor":10},{"not_picked":["Juggernaut","Intimidate"],"picked":"Armaments","floor":11},{"not_picked":["Cleave","Pommel Strike","Thunderclap"],"picked":"SKIP","floor":12},{"not_picked":["Clash","Cleave"],"picked":"Reaper","floor":13},{"not_picked":["Wild Strike","Sever Soul","Clothesline"],"picked":"SKIP","floor":14},{"not_picked":["Brutality","Feed"],"picked":"Offering","floor":16},{"not_picked":["Power Through","Warcry"],"picked":"Carnage","floor":18},{"not_picked":["Iron Wave","Intimidate"],"picked":"Shrug It Off","floor":19}],"player_experience":1495183,"relics_obtained":[{"floor":9,"key":"Matryoshka"},{"floor":11,"key":"Bag of Marbles"},{"floor":13,"key":"Orichalcum"}],"event_choices":[{"event_name":"Shining Light","player_choice":"Entered Light","floor":2,"damage_taken":0},{"event_name":"The Cleric","player_choice":"Healed","floor":7,"damage_taken":0},{"event_name":"Liars Game","player_choice":"disagreed","floor":8,"damage_taken":0}],"is_beta":false,"boss_relics":[{"not_picked":["Snecko Eye","Empty Cage"],"picked":"Cursed Key"}],"items_purged_floors":[],"is_endless":false,"potions_floor_spawned":[3,5,13,16,19],"killed_by":"3 Cultists","ascension_level":17}