{"gold_per_floor":[19,38,49,59,59,90,119,131,167,197,228,240,285,297,309,321],"floor_reached":16,"playtime":874,"items_purged":[],"score":200,"play_id":"c614f82a-3f9a-4fc0-afc2-c7e638a144d8","local_time":"20190210132020","is_ascension_mode":true,"campfire_choices":[{"data":"Dodge and Roll","floor":8,"key":"SMITH"},{"data":"Leg Sweep","floor":12,"key":"SMITH"},{"floor":15,"key":"REST"}],"neow_cost":"NO_GOLD","seed_source_timestamp":79100270947100,"circlet_count":0,"master_deck":["AscendersBane","Defend_G","Defend_G","Defend_G","Defend_G","Strike_G","Strike_G","Strike_G","Strike_G","Survivor","Neutralize","Quick Slash","Dagger Throw","Dodge and Roll+1","Cloak And Dagger","Flying Knee","Leg Sweep+1","Bouncing Flask","Poisoned Stab","Burst"],"special_seed":0,"relics":["Ring of the Snake","MawBank","Centennial Puzzle","Anchor"],"potions_floor_usage":[6,7,13,16],"damage_taken":[{"damage":0.0,"enemies":"Cultist","floor":1.0,"turns":5.0},{"damage":3.0,"enemies":"Small Slimes","floor":2.0,"turns":4.0},{"damage":1.0,"enemies":"Jaw Worm","floor":3.0,"turns":4.0},{"damage":1.0,"enemies":"Looter","floor":4.0,"turns":4.0},{"damage":6,"enemies":"Gremlin Nob","floor":6,"turns":5},{"damage":17,"enemies":"Lots of Slimes","floor":7,"turns":5},{"damage":2,"enemies":"3 Louse","floor":10,"turns":4},{"damage":1,"enemies":"Exordium Thugs","floor":11,"turns":6},{"damage":10,"enemies":"Lagavulin","floor":13,"turns":5},{"damage":33,"enemies":"Slime Boss","floor":16,"turns":7}],"seed_played":"2197086944618322821","potions_obtained":[{"floor":3.0,"key":"SpeedPotion"},{"floor":4.0,"key":"PowerPotion"},{"floor":7,"key":"Energy Potion"},{"floor":10,"key":"Dexterity Potion"}],"is_trial":false,"path_per_floor":["$","M","?"],"character_chosen":"THE_SILENT","items_purchased":[],"campfire_rested":1,"item_purchase_floors":[],"current_hp_per_floor":[59,56,55,54,54,48,31,31,31,29,28,28,18,18,37,4],"gold":321,"neow_bonus":"REMOVE_TWO","is_prod":false,"is_daily":false,"chose_seed":false,"campfire_upgraded":2,"win_rate":0,"timestamp":1549772420,"path_taken":["M","M","M","M","?","E","M","R","T","?","M","R","E","?","R","BOSS"],"build_version":"2019-01-23","purchased_purges":0,"victory":false,"max_hp_per_floor":[66,66,66,66,66,66,66,66,66,66,66,66,66,66,66,66],"card_choices":[{"not_picked":["Crippling Poison","Cloak And Dagger"],"picked":"Quick Slash","floor":1.0},{"not_picked":["Endless Agony","Distraction"],"picked":"Dagger Throw","floor":2.0},{"not_picked":["Crippling Poison","Skewer"],"picked":"Dodge and Roll","floor":3.0},{"not_picked":["Crippling Poison","Bullet Time"],"picked":"Cloak And Dagger","floor":4.0},{"not_picked":["Distraction","Envenom"],"picked":"Flying Knee","floor":6},{"not_picked":["Catalyst","Dagger Throw"],"picked":"Leg Sweep","floor":7},{"not_picked":["PiercingWail","Outmaneuver"],"picked":"Bouncing Flask","floor":10},{"not_picked":["Well Laid Plans","Cloak And Dagger"],"picked":"Poisoned Stab","floor":11},{"not_picked":["Underhanded Strike","Sucker Punch"],"picked":"Burst","floor":13}],"player_experience":314199,"relics_obtained":[{"floor":6,"key":"MawBank"},{"floor":9,"key":"Centennial Puzzle"},{"floor":13,"key":"Anchor"}],"event_choices":[{"damage_healed":0,"gold_gain":0,"player_choice":"Ignored","damage_taken":0,"max_hp_gain":0,"max_hp_loss":0,"event_name":"Liars Game","floor":14,"gold_loss":0}],"is_beta":false,"boss_relics":[],"items_purged_floors":[],"is_endless":false,"potions_floor_spawned":[3,4,7,10],"killed_by":"Slime Boss","ascension_level":15}