{"gold_per_floor":[209,284,30,44,9,36,48,70,156,5,5,5,21,36,36,114,114,127,127,88,104,117,117,134,162,210,210],"floor_reached":27,"playtime":1219,"items_purged":["Strike_G"],"score":466,"play_id":"7dbe8135-a89c-4e62-a672-06d2597709e3","local_time":"20190111153415","is_ascension_mode":true,"campfire_choices":[{"data":"Skewer","floor":7,"key":"SMITH"},{"data":"Noxious Fumes","floor":12,"key":"SMITH"},{"floor":15,"key":"REST"},{"floor":23,"key":"REST"}],"neow_cost":"NONE","seed_source_timestamp":349254549963555,"circlet_count":0,"master_deck":["AscendersBane","Defend_G","Defend_G","Defend_G","Defend_G","Defend_G","Strike_G","Strike_G","Strike_G","Survivor","Neutralize","Skewer+1","Noxious Fumes+1","Flying Knee","Deadly Poison","Cloak And Dagger","Well Laid Plans","Quick Slash","Malaise","Choke","Footwork","Dash","Eviscerate"],"relics":["Ring of the Snake","Strawberry","MawBank","Bottled Tornado","GremlinMask","Snecko Eye","Ninja Scroll","Dream Catcher"],"potions_floor_usage":[14,16,25,25],"damage_taken":[{"damage":14,"enemies":"Jaw Worm","floor":1,"turns":8},{"damage":2,"enemies":"Small Slimes","floor":4,"turns":3},{"damage":34,"enemies":"Lagavulin","floor":6,"turns":10},{"damage":0,"enemies":"Cultist","floor":8,"turns":3},{"damage":3,"enemies":"Looter","floor":13,"turns":2},{"damage":7,"enemies":"Gremlin Gang","floor":14,"turns":4},{"damage":28,"enemies":"Slime Boss","floor":16,"turns":10},{"damage":8,"enemies":"Chosen","floor":18,"turns":5},{"damage":3,"enemies":"Spheric Guardian","floor":21,"turns":4},{"damage":19,"enemies":"Snake Plant","floor":22,"turns":6},{"damage":20,"enemies":"Cultist and Chosen","floor":24,"turns":8},{"damage":26,"enemies":"Book of Stabbing","floor":25,"turns":6},{"damage":18,"enemies":"Snecko","floor":27,"turns":2}],"seed_played":"7784149763462576542","potions_obtained":[{"floor":4,"key":"EssenceOfSteel"},{"floor":6,"key":"SpeedPotion"},{"floor":8,"key":"LiquidBronze"},{"floor":14,"key":"Explosive Potion"},{"floor":18,"key":"SpeedPotion"}],"is_trial":false,"path_per_floor":["M","?","$","M","?","E","R","M","T","$","?","R","M","M","R","B",null,"M","?","$","M","M","R","M","E","T","M"],"character_chosen":"THE_SILENT","items_purchased":["Strawberry","Noxious Fumes","Well Laid Plans","Footwork"],"campfire_rested":2,"item_purchase_floors":[3,3,10,20],"current_hp_per_floor":[45,34,41,39,57,23,23,23,23,23,23,23,20,13,34,6,56,48,48,48,45,26,47,27,1,1,0],"gold":210,"neow_bonus":"HUNDRED_GOLD","is_prod":false,"is_daily":false,"chose_seed":false,"campfire_upgraded":2,"win_rate":0,"timestamp":1547217255,"path_taken":["M","?","$","M","?","E","R","M","T","$","?","R","M","?","R","BOSS","M","?","$","M","M","R","?","E","T","M"],"build_version":"2019-01-10","purchased_purges":1,"victory":false,"max_hp_per_floor":[66,66,73,73,73,73,73,73,73,73,73,73,73,73,73,73,73,73,73,73,73,73,73,73,73,73,73],"card_choices":[{"not_picked":["Deflect","PiercingWail"],"picked":"Skewer","floor":1},{"not_picked":["Acrobatics","Backflip"],"picked":"Flying Knee","floor":4},{"not_picked":["Underhanded Strike","Eviscerate"],"picked":"Deadly Poison","floor":6},{"not_picked":["Acrobatics","Finisher"],"picked":"Cloak And Dagger","floor":8},{"not_picked":["Acrobatics","Sucker Punch","Blade Dance"],"picked":"SKIP","floor":13},{"not_picked":["Deflect","Choke"],"picked":"Quick Slash","floor":14},{"not_picked":["Burst","Die Die Die"],"picked":"Malaise","floor":16},{"not_picked":["Bane","Concentrate"],"picked":"Choke","floor":18},{"not_picked":["Prepared","PiercingWail"],"picked":"Dash","floor":21},{"not_picked":["Dagger Throw","Flying Knee"],"picked":"Eviscerate","floor":22},{"not_picked":["Flying Knee","Quick Slash","Dagger Throw"],"picked":"SKIP","floor":24},{"not_picked":["All Out Attack","Quick Slash","Dodge and Roll"],"picked":"SKIP","floor":25}],"player_experience":1875179,"relics_obtained":[{"floor":6,"key":"MawBank"},{"floor":9,"key":"Bottled Tornado"},{"floor":25,"key":"Ninja Scroll"},{"floor":26,"key":"Dream Catcher"}],"event_choices":[{"damage_healed":0,"gold_gain":75,"player_choice":"Gather Gold","damage_taken":11,"max_hp_gain":0,"max_hp_loss":0,"event_name":"World of Goop","floor":2,"gold_loss":0},{"damage_healed":18,"gold_gain":0,"player_choice":"Healed","damage_taken":0,"max_hp_gain":0,"max_hp_loss":0,"event_name":"The Cleric","floor":5,"gold_loss":35},{"damage_healed":0,"gold_gain":0,"player_choice":"Trade","damage_taken":0,"relics_obtained":["GremlinMask"],"max_hp_gain":0,"max_hp_loss":0,"event_name":"FaceTrader","floor":11,"gold_loss":0},{"cards_removed":["Strike_G"],"damage_healed":0,"gold_gain":0,"player_choice":"Purged","damage_taken":0,"max_hp_gain":0,"max_hp_loss":0,"event_name":"Purifier","floor":19,"gold_loss":0}],"is_beta":false,"boss_relics":[{"not_picked":["Runic Pyramid","Empty Cage"],"picked":"Snecko Eye"}],"items_purged_floors":[10],"is_endless":false,"potions_floor_spawned":[4,6,8,14,18],"killed_by":"Snecko","ascension_level":20}