{"gold_per_floor":[110,110,129,204,214,214,246,262,262,278,290,322,333,283,283,283],"floor_reached":16,"playtime":778,"items_purged":[],"score":114,"play_id":"d6585a8d-3488-4fab-af1a-54bee38acd52","local_time":"20190214010411","is_ascension_mode":false,"campfire_choices":[{"data":"Dagger Throw","floor":6.0,"key":"SMITH"},{"floor":15,"key":"REST"}],"neow_cost":"PERCENT_DAMAGE","seed_source_timestamp":101891116212100,"circlet_count":0,"master_deck":["Defend_G","Defend_G","Defend_G","Defend_G","Strike_G","Strike_G","Strike_G","Survivor","Neutralize","Dagger Throw+1","Deflect","Blur","Outmaneuver","Underhanded Strike","Grand Finale","Dagger Spray","Backflip","Footwork","Backflip"],"special_seed":0,"relics":["Ring of the Snake","Dream Catcher","Lantern","Gremlin Horn"],"potions_floor_usage":[12,16],"damage_taken":[{"damage":0.0,"enemies":"Jaw Worm","floor":1.0,"turns":5.0},{"damage":0.0,"enemies":"Small Slimes","floor":3.0,"turns":3.0},{"damage":0.0,"enemies":"Cultist","floor":5.0,"turns":4.0},{"damage":7.0,"enemies":"Gremlin Nob","floor":7.0,"turns":6.0},{"damage":1.0,"enemies":"Looter","floor":8.0,"turns":4.0},{"damage":0.0,"enemies":"2 Fungi Beasts","floor":10.0,"turns":4.0},{"damage":0.0,"enemies":"Blue Slaver","floor":11.0,"turns":5.0},{"damage":13,"enemies":"3 Sentries","floor":12,"turns":5},{"damage":0,"enemies":"3 Louse","floor":13,"turns":2},{"damage":38,"enemies":"Slime Boss","floor":16,"turns":19}],"seed_played":"5528845951807205605","potions_obtained":[{"floor":3.0,"key":"SpeedPotion"},{"floor":5.0,"key":"GhostInAJar"},{"floor":7.0,"key":"FearPotion"},{"floor":11.0,"key":"SteroidPotion"}],"is_trial":false,"path_per_floor":["?","?","?"],"character_chosen":"THE_SILENT","items_purchased":[],"campfire_rested":1,"item_purchase_floors":[],"current_hp_per_floor":[49,54,54,43,43,43,36,35,35,35,35,22,22,22,44,6],"gold":283,"neow_bonus":"REMOVE_TWO","is_prod":false,"is_daily":false,"chose_seed":false,"campfire_upgraded":1,"win_rate":0,"timestamp":1550073851,"path_taken":["M","?","M","?","M","R","E","M","T","M","M","E","M","?","R","BOSS"],"build_version":"2019-01-23","purchased_purges":0,"victory":false,"max_hp_per_floor":[70,75,75,75,75,75,75,75,75,75,75,75,75,75,75,75],"card_choices":[{"not_picked":["Sucker Punch","Bane"],"picked":"Dagger Throw","floor":1.0},{"not_picked":["Concentrate","Backflip"],"picked":"Deflect","floor":3.0},{"not_picked":["Masterful Stab","Quick Slash"],"picked":"Blur","floor":5.0},{"not_picked":["Quick Slash","Dagger Throw"],"picked":"Outmaneuver","floor":7.0},{"not_picked":["Flying Knee","Slice"],"picked":"Underhanded Strike","floor":8.0},{"not_picked":["Bane","Blur"],"picked":"Grand Finale","floor":10.0},{"not_picked":["Slice","Dodge and Roll"],"picked":"Dagger Spray","floor":11.0},{"not_picked":["Dash","Crippling Poison"],"picked":"Backflip","floor":12},{"not_picked":["Noxious Fumes","Masterful Stab"],"picked":"Footwork","floor":13},{"not_picked":["Infinite Blades","Underhanded Strike"],"picked":"Backflip","floor":15}],"player_experience":390883,"relics_obtained":[{"floor":7.0,"key":"Dream Catcher"},{"floor":9.0,"key":"Lantern"},{"floor":12,"key":"Gremlin Horn"}],"event_choices":[{"damage_healed":0.0,"max_hp_gain":5.0,"max_hp_loss":0.0,"gold_gain":0.0,"event_name":"Big Fish","player_choice":"Donut","floor":2.0,"gold_loss":0.0,"damage_taken":0.0},{"damage_healed":0.0,"max_hp_gain":0.0,"max_hp_loss":0.0,"gold_gain":75.0,"event_name":"World of Goop","player_choice":"Gather Gold","floor":4.0,"gold_loss":0.0,"damage_taken":11.0},{"cards_removed":["Strike_G"],"damage_healed":0,"gold_gain":0,"player_choice":"Card Removal","damage_taken":0,"max_hp_gain":0,"max_hp_loss":0,"event_name":"The Cleric","floor":14,"gold_loss":50}],"is_beta":false,"boss_relics":[],"items_purged_floors":[],"is_endless":false,"potions_floor_spawned":[3,5,7,11],"killed_by":"Slime Boss","ascension_level":0}