{"gold_per_floor":[115,134,134,152,171,210,210,231,276,297,297,297,310,331,331,461,461,476,476,350,368,66,107,131,131,131,152,176,176,201,237,237,358,358,372,372,396,44,44,88,88,121,173,204,228,228,249,249,249,249],"floor_reached":51,"playtime":2648,"items_purged":["Defend_R","Defend_R","Strike_R"],"score":1058,"play_id":"dfe42aba-2229-41d2-8f1a-ff12a2535465","local_time":"20190114230912","is_ascension_mode":true,"campfire_choices":[{"data":"Limit Break","floor":12.0,"key":"SMITH"},{"floor":15.0,"key":"REST"},{"data":"Heavy Blade","floor":25.0,"key":"SMITH"},{"floor":29.0,"key":"REST"},{"floor":32.0,"key":"REST"},{"data":"Shockwave","floor":41.0,"key":"SMITH"},{"floor":46.0,"key":"REST"},{"floor":49.0,"key":"REST"}],"neow_cost":"NONE","seed_source_timestamp":9075160919263,"circlet_count":0,"master_deck":["Strike_R","Strike_R","Strike_R","Defend_R","Defend_R","Bash","Clothesline","Limit Break+1","True Grit","Headbutt","Shrug It Off","Heavy Blade+1","Shrug It Off","Cleave","Feed","Pommel Strike+1","Clothesline","Armaments+1","Double Tap","Shrug It Off","Inflame+1","Warcry","Reaper","Dual Wield","Shockwave+1","Cleave"],"special_seed":0,"relics":["Burning Blood","Golden Idol","Potion Belt","GremlinMask","Orichalcum","Snecko Eye","Paper Frog","Brimstone","Lantern","Anchor","Sundial","Philosopher\u0027s Stone","Vajra","Pear","Prayer Wheel","Oddly Smooth Stone","Bag of Preparation"],"potions_floor_usage":[50,50,50,50],"damage_taken":[{"damage":1.0,"enemies":"2 Louse","floor":1.0,"turns":4.0},{"damage":0.0,"enemies":"Cultist","floor":2.0,"turns":3.0},{"damage":10.0,"enemies":"Small Slimes","floor":4.0,"turns":3.0},{"damage":15.0,"enemies":"Exordium Thugs","floor":5.0,"turns":6.0},{"damage":24.0,"enemies":"Gremlin Nob","floor":6.0,"turns":5.0},{"damage":0.0,"enemies":"3 Louse","floor":8.0,"turns":5.0},{"damage":14.0,"enemies":"2 Fungi Beasts","floor":10.0,"turns":5.0},{"damage":31.0,"enemies":"Gremlin Gang","floor":13.0,"turns":10.0},{"damage":8.0,"enemies":"Exordium Wildlife","floor":14.0,"turns":5.0},{"damage":16.0,"enemies":"The Guardian","floor":16.0,"turns":12.0},{"damage":20.0,"enemies":"Shell Parasite","floor":18.0,"turns":7.0},{"damage":3.0,"enemies":"Chosen","floor":21.0,"turns":5.0},{"damage":31.0,"enemies":"Gremlin Leader","floor":23.0,"turns":4.0},{"damage":0.0,"enemies":"Snecko","floor":24.0,"turns":3.0},{"damage":0.0,"enemies":"Centurion and Healer","floor":27.0,"turns":4.0},{"damage":28.0,"enemies":"Snake Plant","floor":28.0,"turns":4.0},{"damage":3.0,"enemies":"3 Cultists","floor":30.0,"turns":3.0},{"damage":38.0,"enemies":"Slavers","floor":31.0,"turns":6.0},{"damage":12.0,"enemies":"Champ","floor":33.0,"turns":4.0},{"damage":0.0,"enemies":"Orb Walker","floor":35.0,"turns":2.0},{"damage":10.0,"enemies":"3 Darklings","floor":37.0,"turns":3.0},{"damage":33.0,"enemies":"Nemesis","floor":40.0,"turns":5.0},{"damage":8.0,"enemies":"Giant Head","floor":42.0,"turns":5.0},{"damage":58.0,"enemies":"Reptomancer","floor":44.0,"turns":5.0},{"damage":0.0,"enemies":"4 Shapes","floor":45.0,"turns":3.0},{"damage":32.0,"enemies":"Sphere and 2 Shapes","floor":47.0,"turns":4.0},{"damage":30,"enemies":"Donu and Deca","floor":50,"turns":4}],"seed_played":"7458004801509687010","potions_obtained":[{"floor":4.0,"key":"Strength Potion"},{"floor":6.0,"key":"Ancient Potion"},{"floor":8.0,"key":"Energy Potion"},{"floor":14.0,"key":"Poison Potion"},{"floor":18.0,"key":"BloodPotion"},{"floor":24.0,"key":"SteroidPotion"},{"floor":33.0,"key":"Dexterity Potion"},{"floor":35.0,"key":"Ancient Potion"},{"floor":42.0,"key":"EssenceOfSteel"},{"floor":45.0,"key":"SkillPotion"}],"is_trial":false,"path_per_floor":["M","M","?","M","M","E","?","M","T","M","?","R","M","M","R","B",null,"M","?","$","M","$","E","M","R","T","M","M","R","M","E","R","B",null,"M","?","M","$","?","E","R","E","T","E","M","R","M","?","R","B",null],"character_chosen":"IRONCLAD","items_purchased":["Clothesline","Brimstone","Shockwave","Vajra"],"campfire_rested":5,"item_purchase_floors":[20,22,38,38],"current_hp_per_floor":[85,88,81,77,68,50,50,56,56,48,48,48,23,21,45,35,70,59,59,59,65,65,51,57,57,57,63,41,68,71,39,66,60,83,89,89,90,90,90,88,88,86,86,48,57,87,71,71,101,77],"gold":249,"neow_bonus":"TEN_PERCENT_HP_BONUS","is_prod":false,"is_daily":false,"chose_seed":false,"campfire_upgraded":3,"win_rate":0,"timestamp":1547525352,"path_taken":["M","M","?","M","M","E","?","M","T","?","?","R","M","M","R","BOSS","M","?","$","M","?","E","M","R","T","M","M","R","M","E","R","BOSS","M","?","M","$","?","E","R","E","T","E","M","R","?","?","R","BOSS"],"build_version":"2019-01-10","purchased_purges":3,"victory":true,"max_hp_per_floor":[88,88,81,81,81,81,81,81,81,81,81,81,81,81,81,81,81,84,84,84,87,87,90,90,90,90,90,90,90,90,90,90,90,90,90,90,90,90,90,100,100,100,100,100,103,103,103,103,103,103],"card_choices":[{"not_picked":["Feel No Pain","Wild Strike"],"picked":"Clothesline","floor":1.0},{"not_picked":["Twin Strike","Infernal Blade","Bloodletting"],"picked":"SKIP","floor":2.0},{"not_picked":["Iron Wave","Rampage"],"picked":"Limit Break","floor":4.0},{"not_picked":["Rupture","Body Slam"],"picked":"True Grit","floor":5.0},{"not_picked":["Body Slam","Armaments"],"picked":"Headbutt","floor":6.0},{"not_picked":["Searing Blow","Feel No Pain"],"picked":"Shrug It Off","floor":8.0},{"not_picked":["Headbutt","Searing Blow"],"picked":"Heavy Blade","floor":10.0},{"not_picked":["Havoc","Headbutt"],"picked":"Shrug It Off","floor":13.0},{"not_picked":["Headbutt","Second Wind"],"picked":"Cleave","floor":14.0},{"not_picked":["Juggernaut","Fiend Fire"],"picked":"Feed","floor":16.0},{"not_picked":["Sword Boomerang","Heavy Blade"],"picked":"Pommel Strike+1","floor":18.0},{"not_picked":["Metallicize","Sword Boomerang"],"picked":"Armaments+1","floor":21.0},{"not_picked":["Thunderclap","Carnage+1","Clash"],"picked":"SKIP","floor":23.0},{"not_picked":["Wild Strike","Havoc+1"],"picked":"Double Tap","floor":24.0},{"not_picked":["Perfected Strike","Rage","Clothesline+1"],"picked":"SKIP","floor":27.0},{"not_picked":["Disarm","Clothesline+1"],"picked":"Shrug It Off","floor":28.0},{"not_picked":["Wild Strike","Uppercut"],"picked":"Inflame+1","floor":30.0},{"not_picked":["Thunderclap","Immolate"],"picked":"Warcry","floor":31.0},{"not_picked":["Double Tap","Fiend Fire"],"picked":"Reaper","floor":33.0},{"not_picked":["Twin Strike+1","Pummel"],"picked":"Dual Wield","floor":35.0},{"not_picked":["Twin Strike","Perfected Strike+1","Thunderclap+1"],"picked":"SKIP","floor":37.0},{"not_picked":["Immolate","Inflame","Armaments"],"picked":"SKIP","floor":40.0},{"not_picked":["Body Slam+1","Pommel Strike","True Grit+1"],"picked":"SKIP","floor":42.0},{"not_picked":["Clothesline","Twin Strike+1","Sword Boomerang"],"picked":"SKIP","floor":44.0},{"not_picked":["Perfected Strike","Seeing Red+1","Anger+1"],"picked":"SKIP","floor":45.0},{"not_picked":["Seeing Red+1","Warcry+1","Disarm"],"picked":"SKIP","floor":45.0},{"not_picked":["Second Wind","Twin Strike"],"picked":"Entrench+1","floor":47.0},{"not_picked":["Combust+1","Anger+1","Pommel Strike"],"picked":"SKIP","floor":47.0}],"player_experience":368943,"relics_obtained":[{"floor":6.0,"key":"Potion Belt"},{"floor":9.0,"key":"Orichalcum"},{"floor":23.0,"key":"Lantern"},{"floor":26.0,"key":"Anchor"},{"floor":31.0,"key":"Sundial"},{"floor":40.0,"key":"Pear"},{"floor":42.0,"key":"Prayer Wheel"},{"floor":43.0,"key":"Oddly Smooth Stone"},{"floor":44.0,"key":"Bag of Preparation"}],"event_choices":[{"damage_healed":0.0,"max_hp_gain":0.0,"max_hp_loss":7.0,"gold_gain":0.0,"event_name":"Golden Idol","player_choice":"Lose Max HP","floor":3.0,"gold_loss":0.0,"damage_taken":0.0,"relics_obtained":["Golden Idol"]},{"damage_healed":0.0,"max_hp_gain":0.0,"max_hp_loss":0.0,"gold_gain":0.0,"event_name":"FaceTrader","player_choice":"Trade","floor":7.0,"gold_loss":0.0,"damage_taken":0.0,"relics_obtained":["GremlinMask"]},{"damage_healed":0.0,"max_hp_gain":0.0,"max_hp_loss":0.0,"gold_gain":0.0,"event_name":"Dead Adventurer","player_choice":"Searched \u00270\u0027 times","floor":11.0,"gold_loss":0.0,"damage_taken":0.0},{"damage_healed":0.0,"max_hp_gain":0.0,"max_hp_loss":0.0,"gold_gain":0.0,"event_name":"The Mausoleum","player_choice":"Opened","floor":19.0,"gold_loss":0.0,"damage_taken":0.0,"relics_obtained":["Paper Frog"]},{"damage_healed":0.0,"max_hp_gain":0.0,"max_hp_loss":0.0,"gold_gain":0.0,"event_name":"SensoryStone","player_choice":"Memory 1","floor":36.0,"gold_loss":0.0,"damage_taken":0.0},{"cards_removed":["Strike_R"],"damage_healed":0.0,"max_hp_gain":0.0,"max_hp_loss":0.0,"gold_gain":0.0,"event_name":"Purifier","player_choice":"Purged","floor":39.0,"gold_loss":0.0,"damage_taken":0.0},{"damage_healed":0.0,"max_hp_gain":0.0,"max_hp_loss":0.0,"gold_gain":0.0,"cards_transformed":["Entrench"],"event_name":"Transmorgrifier","player_choice":"Transformed","floor":48.0,"gold_loss":0.0,"damage_taken":0.0,"cards_obtained":["Cleave"]}],"is_beta":false,"boss_relics":[{"not_picked":["Mark of Pain","Tiny House"],"picked":"Snecko Eye"},{"not_picked":["Runic Dome","Orrery"],"picked":"Philosopher\u0027s Stone"}],"items_purged_floors":[20,22,38],"is_endless":false,"potions_floor_spawned":[4,6,8,14,18,24,33,35,42,45],"ascension_level":6}