{"gold_per_floor":[110,110,110,110,16,16,60,60,111,111,144,162,176,201,201,201],"floor_reached":16,"playtime":491,"items_purged":[],"score":216,"play_id":"8a4f07da-3034-46e4-b790-cf245fe472b7","local_time":"20190110132929","is_ascension_mode":true,"campfire_choices":[{"data":"Bash","floor":6,"key":"SMITH"},{"data":"Rampage","floor":8,"key":"SMITH"},{"data":"Shrug It Off","floor":10,"key":"SMITH"},{"data":"Disarm","floor":15,"key":"SMITH"}],"neow_cost":"NONE","seed_source_timestamp":256099243421148,"circlet_count":0,"master_deck":["AscendersBane","Strike_R","Strike_R","Strike_R","Strike_R","Strike_R","Defend_R","Defend_R","Defend_R","Defend_R","Bash+1","Shrug It Off+1","Rampage+1","Offering","Flame Barrier","Infernal Blade","Carnage","Disarm+1"],"relics":["Burning Blood","Oddly Smooth Stone","Golden Idol","Regal Pillow","Art of War","Omamori"],"potions_floor_usage":[7,16],"damage_taken":[{"damage":7,"enemies":"Small Slimes","floor":1,"turns":4},{"damage":41,"enemies":"Lagavulin","floor":7,"turns":7},{"damage":36,"enemies":"3 Sentries","floor":11,"turns":11},{"damage":0,"enemies":"Jaw Worm","floor":12,"turns":3},{"damage":1,"enemies":"2 Louse","floor":13,"turns":4},{"damage":5,"enemies":"Looter","floor":14,"turns":4},{"damage":21,"enemies":"Hexaghost","floor":16,"turns":9}],"seed_played":"3104414523738946157","potions_obtained":[{"floor":12,"key":"Weak Potion"},{"floor":13,"key":"Dexterity Potion"}],"is_trial":false,"path_per_floor":["M","?","?","?","$","R","E","R","T","R","E","M","M","M","R","B"],"character_chosen":"IRONCLAD","items_purchased":["Rampage","AttackPotion"],"campfire_rested":0,"item_purchase_floors":[5,5],"current_hp_per_floor":[74,69,74,74,74,74,39,39,39,39,9,15,20,21,21,0],"gold":201,"neow_bonus":"TEN_PERCENT_HP_BONUS","is_prod":false,"is_daily":false,"chose_seed":false,"campfire_upgraded":4,"win_rate":0,"timestamp":1547123369,"path_taken":["M","?","?","?","?","R","E","R","T","R","E","M","M","M","R","BOSS"],"build_version":"2019-01-03v4","purchased_purges":0,"victory":false,"max_hp_per_floor":[82,82,87,79,79,79,79,79,79,79,79,79,79,79,79,79],"card_choices":[{"not_picked":["Warcry","Iron Wave"],"picked":"Shrug It Off","floor":1},{"not_picked":["Fire Breathing","Twin Strike"],"picked":"Offering","floor":7},{"not_picked":["Barricade","Cleave"],"picked":"Flame Barrier","floor":11},{"not_picked":["Heavy Blade","Clash"],"picked":"Infernal Blade","floor":12},{"not_picked":["Second Wind","Havoc"],"picked":"Carnage","floor":13},{"not_picked":["Perfected Strike","Dark Embrace"],"picked":"Disarm","floor":14}],"player_experience":1854100,"relics_obtained":[{"floor":7,"key":"Regal Pillow"},{"floor":9,"key":"Art of War"},{"floor":11,"key":"Omamori"}],"event_choices":[{"damage_healed":0,"gold_gain":0,"player_choice":"Success","damage_taken":5,"relics_obtained":["Oddly Smooth Stone"],"max_hp_gain":0,"max_hp_loss":0,"event_name":"Scrap Ooze","floor":2,"gold_loss":0},{"damage_healed":0,"gold_gain":0,"player_choice":"Donut","damage_taken":0,"max_hp_gain":5,"max_hp_loss":0,"event_name":"Big Fish","floor":3,"gold_loss":0},{"damage_healed":0,"gold_gain":0,"player_choice":"Lose Max HP","damage_taken":0,"relics_obtained":["Golden Idol"],"max_hp_gain":0,"max_hp_loss":8,"event_name":"Golden Idol","floor":4,"gold_loss":0}],"is_beta":false,"boss_relics":[],"items_purged_floors":[],"is_endless":false,"potions_floor_spawned":[12,13],"killed_by":"Hexaghost","ascension_level":20}