{"path_per_floor":["M","M","?","?","M","E","M","R","T","R","M","M","R","$","R","B",null,"M","M","?","?","?"],"character_chosen":"IRONCLAD","items_purchased":[],"gold_per_floor":[10,24,24,24,42,69,81,81,81,81,91,111,111,36,36,135,135,154,166,166,166,166],"floor_reached":23,"campfire_rested":1,"playtime":730,"current_hp_per_floor":[80,80,80,80,80,53,49,49,49,73,71,61,61,61,61,47,80,59,45,45,45,45],"items_purged":["Defend_R"],"gold":166,"score":191,"play_id":"bd0bf9ca-8262-4695-a98e-d7146f3a9d0d","local_time":"20180304011348","is_prod":false,"is_daily":false,"is_ascension_mode":false,"campfire_upgraded":3,"timestamp":1520122428,"path_taken":["M","M","?","?","M","E","?","R","T","R","M","?","R","$","R","BOSS","M","M","?","?","?","E"],"build_version":"2018-03-01-PROD1","purchased_purges":1,"victory":false,"master_deck":["Strike_R","Strike_R","Strike_R","Strike_R","Strike_R","Defend_R","Defend_R+1","Bash+1","Dual Wield+1","Perfected Strike+1","Thunderclap","Flex","Searing Blow+2","Clash","Writhe"],"max_hp_per_floor":[80,80,80,80,80,80,80,80,80,80,80,80,80,80,80,80,80,80,80,80,80,80],"relics":["Burning Blood","Ginger","Red Skull","War Paint","Velvet Choker","Peace Pipe"],"card_choices":[{"not_picked":["Dark Embrace","Sword Boomerang"],"picked":"Dual Wield"},{"not_picked":["True Grit","Heavy Blade"],"picked":"Perfected Strike"},{"not_picked":["Impervious","Shrug It Off"],"picked":"Thunderclap"},{"not_picked":["Carnage","Iron Wave"],"picked":"Flex"},{"not_picked":["Fire Breathing","Limit Break"],"picked":"Searing Blow"},{"not_picked":["Warcry","Metallicize"],"picked":"Clash"}],"player_experience":190983,"potions_floor_usage":[6,16],"damage_taken":[{"damage":2,"enemies":"2 Louse","floor":1,"turns":3},{"damage":3,"enemies":"Small Slimes","floor":2,"turns":3},{"damage":1,"enemies":"Cultist","floor":5,"turns":3},{"damage":33,"enemies":"3 Sentries","floor":6,"turns":7},{"damage":10,"enemies":"Looter","floor":7,"turns":3},{"damage":8,"enemies":"Gremlin Gang","floor":11,"turns":4},{"damage":16,"enemies":"Lots of Slimes","floor":12,"turns":4},{"damage":20,"enemies":"Slime Boss","floor":16,"turns":6},{"damage":27,"enemies":"Shell Parasite","floor":18,"turns":4},{"damage":20,"enemies":"Chosen","floor":19,"turns":4},{"damage":48,"enemies":"Gremlin Leader","floor":23,"turns":3}],"event_choices":[{"event_name":"Golden Wing","player_choice":"Ignored","floor":3,"damage_taken":0},{"event_name":"Upgrade Shrine","player_choice":"Upgraded","floor":4,"damage_taken":0},{"event_name":"The Mausoleum","player_choice":"Yes","floor":20,"damage_taken":0},{"event_name":"Vampires","player_choice":"Ignored","floor":21,"damage_taken":0},{"event_name":"Back to Basics","player_choice":"Elegance","floor":22,"damage_taken":0}],"boss_relics":[{"not_picked":["Runic Pyramid","White Beast Statue"],"picked":"Velvet Choker"}],"potions_floor_spawned":[1,2,12,19],"seed_played":"2188975102626078275","killed_by":"Gremlin Leader","ascension_level":0,"is_trial":false}