{"path_per_floor":["M","?","$","M","M","E","?","R","T","$","R","M","?","M","R","B",null,"M","M","?","$","$","R","E","R","T","?","$","M","?","$","R","B",null,"M","M","?","$","?","R","?","M","T","?","?","M","R","M","R","B"],"character_chosen":"IRONCLAD","items_purchased":["Trip","Matryoshka","Flex","Singing Bowl"],"gold_per_floor":[109,184,11,23,35,65,65,65,65,65,65,79,79,92,92,197,227,240,257,257,16,16,16,43,43,114,114,114,125,125,78,78,180,180,196,212,212,57,57,57,0,12,12,12,12,31,31,51,51,51],"floor_reached":51,"campfire_rested":3,"playtime":1215,"current_hp_per_floor":[79,68,68,63,63,38,58,62,62,62,66,56,56,56,60,46,82,78,74,74,74,74,80,76,82,82,66,66,62,62,62,68,43,87,77,73,73,73,62,87,87,81,81,81,81,70,91,76,93,46],"items_purged":["Defend_R"],"gold":51,"score":686,"play_id":"7b93df29-4cc7-422a-86e2-863f8c5adb85","local_time":"20180314025600","is_prod":false,"is_daily":false,"is_ascension_mode":false,"campfire_upgraded":6,"timestamp":1520992560,"path_taken":["M","?","$","M","M","E","?","R","T","?","R","M","?","M","R","BOSS","M","M","?","?","$","R","E","R","T","?","?","?","?","?","R","BOSS","M","M","?","$","?","R","?","?","T","?","?","M","R","M","R","BOSS"],"build_version":"2018-03-09","purchased_purges":1,"victory":true,"master_deck":["Strike_R","Strike_R+1","Strike_R+1","Defend_R","Defend_R+1","Defend_R","Bash","Twin Strike+1","Trip+1","Whirlwind+1","Seeing Red+1","Offering+1","Flex+1","Seeing Red+1","Flex+1","Limit Break+1","Madness+1","Madness+1"],"max_hp_per_floor":[80,80,80,80,80,80,80,80,80,80,80,80,77,77,77,77,82,82,82,82,82,82,82,82,82,82,87,87,87,87,87,87,87,87,87,87,87,87,87,87,87,89,89,89,89,91,91,93,93,93],"relics":["Eternal Feather","Pen Nib","Lantern","Tiny House","Matryoshka","Unceasing Top","Whetstone","Toxic Egg 2","Lizard Tail","Singing Bowl","Red Mask","Darkstone Periapt","Dodecahedron"],"card_choices":[{"not_picked":["Dark Embrace","Sword Boomerang"],"picked":"Twin Strike"},{"not_picked":["Headbutt","Shrug It Off"],"picked":"Whirlwind"},{"not_picked":["Pommel Strike","True Grit"],"picked":"Seeing Red"},{"not_picked":["Fiend Fire","Limit Break"],"picked":"Offering"},{"not_picked":["Headbutt","Shockwave"],"picked":"Seeing Red"},{"not_picked":["Feed","Reaper"],"picked":"Limit Break"}],"player_experience":291119,"potions_floor_usage":[6,16,19,46,50,50,50],"damage_taken":[{"damage":1,"enemies":"Cultist","floor":1,"turns":3},{"damage":5,"enemies":"2 Louse","floor":4,"turns":2},{"damage":0,"enemies":"Small Slimes","floor":5,"turns":3},{"damage":25,"enemies":"Gremlin Nob","floor":6,"turns":4},{"damage":10,"enemies":"Looter","floor":12,"turns":2},{"damage":0,"enemies":"2 Fungi Beasts","floor":14,"turns":1},{"damage":14,"enemies":"Slime Boss","floor":16,"turns":8},{"damage":4,"enemies":"3 Byrds","floor":18,"turns":3},{"damage":4,"enemies":"Shell Parasite","floor":19,"turns":1},{"damage":4,"enemies":"Gremlin Leader","floor":24,"turns":5},{"damage":4,"enemies":"Snake Plant","floor":29,"turns":2},{"damage":25,"enemies":"Collector","floor":33,"turns":5},{"damage":10,"enemies":"Orb Walker","floor":35,"turns":3},{"damage":4,"enemies":"3 Darklings","floor":36,"turns":2},{"damage":8,"enemies":"Sphere and 2 Shapes","floor":42,"turns":1},{"damage":13,"enemies":"4 Shapes","floor":46,"turns":1},{"damage":17,"enemies":"Maw","floor":48,"turns":3},{"damage":101,"enemies":"Awakened One","floor":50,"turns":7}],"event_choices":[{"event_name":"World of Goop","player_choice":"Gather Gold","floor":2,"damage_taken":0},{"event_name":"Mushrooms","player_choice":"Healed and dodged fight","floor":7,"damage_taken":0},{"event_name":"Living Wall","player_choice":"Forget","floor":13,"damage_taken":0},{"event_name":"The Library","player_choice":"Read","floor":20,"damage_taken":0},{"event_name":"Forgotten Altar","player_choice":"Shed Blood","floor":27,"damage_taken":0},{"event_name":"Purifier","player_choice":"One Purge","floor":30,"damage_taken":0},{"event_name":"Winding Halls","player_choice":"Embrace Madness","floor":39,"damage_taken":0},{"event_name":"Tomb of Lord Red Mask","player_choice":"Paid","floor":41,"damage_taken":0},{"event_name":"Mysterious Sphere","player_choice":"Ignore","floor":44,"damage_taken":0},{"event_name":"The Lab","player_choice":"Got Potions","floor":45,"damage_taken":0}],"boss_relics":[{"not_picked":["Snecko Eye","Runic Pyramid"],"picked":"Tiny House"},{"not_picked":["Orrery","Calling Bell"],"picked":"Lizard Tail"}],"potions_floor_spawned":[1,6,12,14,16,19,29,36,46],"seed_played":"-695367469922981330","ascension_level":0,"is_trial":false}