{"gold_per_floor":[109,119,135,210,227,257,277,311,334,334,509,539,567,95,95,95],"floor_reached":16,"playtime":932,"items_purged":["Strike_R"],"score":126,"play_id":"2ec335e7-9eea-406c-a2b0-7dc2b1f1893e","local_time":"20190209223216","is_ascension_mode":true,"campfire_choices":[{"data":"Infernal Blade","floor":10,"key":"SMITH"},{"data":"Fire Breathing","floor":15,"key":"SMITH"}],"neow_cost":"NONE","seed_source_timestamp":171084909469406,"circlet_count":0,"master_deck":["Strike_R","Strike_R","Strike_R","Strike_R","Defend_R","Defend_R","Defend_R","Defend_R","Bash","Shrug It Off","Twin Strike","Ghostly Armor","Pommel Strike","Infernal Blade+1","Fire Breathing+1","Doubt","Clash","Uppercut","Clash"],"relics":["Burning Blood","Ginger","PreservedInsect","Blood Vial","Odd Mushroom","Omamori","Oddly Smooth Stone","TheAbacus"],"potions_floor_usage":[6,8,16],"damage_taken":[{"damage":5,"enemies":"Cultist","floor":1,"turns":4},{"damage":8,"enemies":"Jaw Worm","floor":2,"turns":5},{"damage":1,"enemies":"2 Louse","floor":3,"turns":2},{"damage":4,"enemies":"Blue Slaver","floor":5,"turns":5},{"damage":15,"enemies":"3 Sentries","floor":6,"turns":14},{"damage":0,"enemies":"Large Slime","floor":7,"turns":7},{"damage":28,"enemies":"Lagavulin","floor":8,"turns":8},{"damage":22,"enemies":"The Mushroom Lair","floor":12,"turns":5},{"damage":8,"enemies":"Gremlin Nob","floor":13,"turns":3},{"damage":47,"enemies":"Hexaghost","floor":16,"turns":11}],"seed_played":"-5245179652281776657","potions_obtained":[{"floor":3,"key":"Swift Potion"},{"floor":6,"key":"Poison Potion"},{"floor":13,"key":"FearPotion"}],"is_trial":false,"path_per_floor":["M","M","M","?","M","E","M","E","T","R","?","?","E","$","R","B"],"character_chosen":"IRONCLAD","items_purchased":["Oddly Smooth Stone","TheAbacus","Clash"],"campfire_rested":0,"item_purchase_floors":[14,14,14],"current_hp_per_floor":[88,86,88,77,79,70,76,54,54,54,54,40,40,40,40,0],"gold":95,"neow_bonus":"TEN_PERCENT_HP_BONUS","is_prod":false,"is_daily":false,"chose_seed":false,"campfire_upgraded":2,"win_rate":0,"timestamp":1549747936,"path_taken":["M","?","M","?","M","E","M","E","T","R","?","?","E","?","R","BOSS"],"build_version":"2019-01-23","purchased_purges":1,"victory":false,"max_hp_per_floor":[88,88,88,88,88,88,88,88,88,88,88,88,88,88,88,88],"card_choices":[{"not_picked":["Pommel Strike","Sever Soul"],"picked":"Shrug It Off","floor":1},{"not_picked":["Sword Boomerang","Warcry"],"picked":"Twin Strike","floor":2},{"not_picked":["True Grit","Warcry"],"picked":"Ghostly Armor","floor":3},{"not_picked":["Rupture","Twin Strike"],"picked":"Pommel Strike","floor":5},{"not_picked":["Brutality","Twin Strike","Sentinel"],"picked":"SKIP","floor":6},{"not_picked":["Battle Trance","Havoc"],"picked":"Infernal Blade","floor":7},{"not_picked":["Wild Strike","Rage"],"picked":"Fire Breathing","floor":8},{"not_picked":["Thunderclap","Burning Pact"],"picked":"Clash","floor":12},{"not_picked":["Seeing Red","Flex"],"picked":"Uppercut","floor":13}],"player_experience":116125,"relics_obtained":[{"floor":6,"key":"Ginger"},{"floor":8,"key":"PreservedInsect"},{"floor":9,"key":"Blood Vial"},{"floor":12,"key":"Odd Mushroom"},{"floor":13,"key":"Omamori"}],"event_choices":[{"damage_healed":0,"gold_gain":75,"player_choice":"Gather Gold","damage_taken":11,"max_hp_gain":0,"max_hp_loss":0,"event_name":"World of Goop","floor":4,"gold_loss":0},{"damage_healed":0,"gold_gain":175,"player_choice":"AGREE","damage_taken":0,"max_hp_gain":0,"max_hp_loss":0,"event_name":"Liars Game","floor":11,"gold_loss":0,"cards_obtained":["Doubt"]},{"damage_healed":0,"gold_gain":0,"player_choice":"Fought Mushrooms","damage_taken":0,"max_hp_gain":0,"max_hp_loss":0,"event_name":"Mushrooms","floor":12,"gold_loss":0}],"is_beta":false,"boss_relics":[],"items_purged_floors":[14],"is_endless":false,"potions_floor_spawned":[3,6,13],"killed_by":"Hexaghost","ascension_level":1}