{"gold_per_floor":[219,229,229,239,257,257,292,292,292,262,293,293,183,215,215,318,318,338,67,67,100,120,120,145,145,145,176,186,206,233,233,233,338,338,348,112,128,145,160,193,193,207,207,232,232,242,256,130,130,130,130,130,10,38,38],"floor_reached":56,"playtime":6287,"items_purged":["Strike_G","Strike_G","Deadly Poison","Neutralize"],"score":1439,"play_id":"ccc5dc36-dfce-478f-b753-9e1432e1f7c8","local_time":"20190214131030","is_ascension_mode":true,"campfire_choices":[{"data":"Crippling Poison","floor":6,"key":"SMITH"},{"data":"Caltrops","floor":8,"key":"SMITH"},{"floor":12,"key":"REST"},{"data":"Survivor","floor":15,"key":"SMITH"},{"data":"Backstab","floor":23,"key":"SMITH"},{"floor":25,"key":"REST"},{"data":"Burst","floor":32,"key":"SMITH"},{"data":"Backstab","floor":41,"key":"SMITH"},{"floor":45,"key":"REST"},{"floor":49,"key":"RECALL"},{"data":"Infinite Blades","floor":52,"key":"SMITH"}],"neow_cost":"NONE","seed_source_timestamp":933056792800,"circlet_count":0,"master_deck":["Defend_G","Defend_G","Defend_G","Defend_G","Strike_G+1","Survivor+1","Dagger Spray","Neutralize+1","Crippling Poison+1","Leg Sweep","Caltrops+1","Corpse Explosion","Bouncing Flask","Adrenaline","PiercingWail","Infinite Blades+1","Acrobatics","Noxious Fumes+1","Well Laid Plans","Backstab+1","Burst+1","Acrobatics+1","Deflect+1","Bane","Malaise","Endless Agony+1","Finisher+1","Backstab+1","Bane+1","Backstab+1","Footwork+1","Quick Slash+1","Bouncing Flask+1","Acrobatics","Backflip+1","Backstab","Cloak And Dagger+1","Footwork+1"],"relics":["Ring of the Snake","Bag of Marbles","Ornamental Fan","Shuriken","The Courier","Philosopher\u0027s Stone","Red Mask","Lantern","Incense Burner","Regal Pillow","Frozen Egg 2","Astrolabe","Paper Crane","Whetstone","Ice Cream","Unceasing Top"],"potions_floor_usage":[7,14,16,24,24,33,37,40,44,50],"damage_taken":[{"damage":0,"enemies":"2 Louse","floor":1,"turns":4},{"damage":1,"enemies":"Cultist","floor":2,"turns":5},{"damage":4,"enemies":"Jaw Worm","floor":4,"turns":4},{"damage":15,"enemies":"Exordium Thugs","floor":5,"turns":6},{"damage":10,"enemies":"Lagavulin","floor":7,"turns":7},{"damage":8,"enemies":"3 Sentries","floor":11,"turns":4},{"damage":15,"enemies":"Gremlin Nob","floor":14,"turns":6},{"damage":21,"enemies":"Slime Boss","floor":16,"turns":9},{"damage":0,"enemies":"Spheric Guardian","floor":18,"turns":2},{"damage":24,"enemies":"Masked Bandits","floor":21,"turns":4},{"damage":5,"enemies":"Shell Parasite","floor":22,"turns":3},{"damage":6,"enemies":"Gremlin Leader","floor":24,"turns":6},{"damage":10,"enemies":"Slavers","floor":27,"turns":4},{"damage":6,"enemies":"Snake Plant","floor":28,"turns":4},{"damage":2,"enemies":"Chosen and Byrds","floor":29,"turns":5},{"damage":2,"enemies":"Book of Stabbing","floor":30,"turns":6},{"damage":13,"enemies":"Automaton","floor":33,"turns":8},{"damage":1,"enemies":"3 Shapes","floor":35,"turns":3},{"damage":9,"enemies":"3 Darklings","floor":37,"turns":4},{"damage":4,"enemies":"4 Shapes","floor":38,"turns":3},{"damage":0,"enemies":"Maw","floor":39,"turns":6},{"damage":0,"enemies":"Nemesis","floor":40,"turns":5},{"damage":40,"enemies":"Spire Growth","floor":42,"turns":4},{"damage":4,"enemies":"Reptomancer","floor":44,"turns":5},{"damage":0,"enemies":"Jaw Worm Horde","floor":46,"turns":2},{"damage":0,"enemies":"4 Shapes","floor":47,"turns":1},{"damage":12,"enemies":"Awakened One","floor":50,"turns":11},{"damage":0,"enemies":"Shield and Spear","floor":54,"turns":4},{"damage":65,"enemies":"The Heart","floor":55,"turns":11}],"seed_played":"2868051397547072394","potions_obtained":[{"floor":4,"key":"PowerPotion"},{"floor":5,"key":"EssenceOfSteel"},{"floor":10,"key":"Dexterity Potion"},{"floor":10,"key":"GhostInAJar"},{"floor":14,"key":"EssenceOfSteel"},{"floor":22,"key":"SpeedPotion"},{"floor":27,"key":"Weak Potion"},{"floor":29,"key":"SteroidPotion"},{"floor":30,"key":"Block Potion"},{"floor":35,"key":"Poison Potion"},{"floor":37,"key":"SneckoOil"},{"floor":42,"key":"AttackPotion"},{"floor":47,"key":"LiquidBronze"}],"is_trial":false,"path_per_floor":["M","M","?","M","M","R","E","R","T","?","E","R","$","E","R","B",null,"M","$","?","?","M","R","E","R","T","E","M","M","E","?","R","B",null,"M","$","M","M","M","E","R","M","T","E","R","M","M","$","R","B",null,"R","$","E","B",null],"character_chosen":"THE_SILENT","items_purchased":["Bouncing Flask","Infinite Blades","Acrobatics","Noxious Fumes","Well Laid Plans","Paper Crane","Backstab","Footwork+1"],"campfire_rested":3,"item_purchase_floors":[13,19,19,19,19,36,36,48],"current_hp_per_floor":[70,69,69,65,50,50,40,40,40,40,32,53,53,38,38,17,70,70,70,70,46,41,41,35,56,56,46,40,38,36,36,36,23,70,69,69,60,56,56,56,56,16,16,12,48,48,48,48,48,36,70,70,70,70,5],"gold":38,"neow_bonus":"HUNDRED_GOLD","is_prod":false,"is_daily":false,"chose_seed":false,"campfire_upgraded":7,"win_rate":0,"timestamp":1550146230,"path_taken":["M","M","?","?","M","R","E","R","T","?","E","R","?","E","R","BOSS","M","$","?","?","?","R","E","R","T","E","M","M","E","?","R","BOSS","M","$","M","M","M","E","R","M","T","E","R","M","M","$","R","BOSS","R","$","E","BOSS"],"build_version":"2019-01-23","purchased_purges":4,"victory":true,"max_hp_per_floor":[70,70,70,70,70,70,70,70,70,70,70,70,70,70,70,70,70,70,70,70,70,70,70,70,70,70,70,70,70,70,70,70,70,70,70,70,70,70,70,70,70,70,70,70,70,70,70,70,70,70,70,70,70,70,70],"card_choices":[{"not_picked":["Bane","Poisoned Stab"],"picked":"Dagger Spray","floor":1},{"not_picked":["Eviscerate","Outmaneuver"],"picked":"Deadly Poison","floor":2},{"not_picked":["Expertise","Quick Slash"],"picked":"Crippling Poison","floor":4},{"not_picked":["All Out Attack","Flying Knee"],"picked":"Leg Sweep","floor":5},{"not_picked":["Deflect","Bullet Time"],"picked":"Caltrops","floor":7},{"not_picked":["Flying Knee","Crippling Poison"],"picked":"Corpse Explosion","floor":11},{"not_picked":["Blade Dance","Caltrops","Reflex"],"picked":"SKIP","floor":14},{"not_picked":["Corpse Explosion","Burst"],"picked":"Adrenaline","floor":16},{"not_picked":["Cloak And Dagger","Setup"],"picked":"PiercingWail","floor":18},{"not_picked":["Deadly Poison","Eviscerate+1"],"picked":"Burst","floor":22},{"not_picked":["Corpse Explosion","Escape Plan"],"picked":"Acrobatics+1","floor":24},{"not_picked":["Eviscerate","Masterful Stab","Dagger Throw"],"picked":"SKIP","floor":27},{"not_picked":["Deadly Poison","Acrobatics","Dagger Throw"],"picked":"SKIP","floor":28},{"not_picked":["Phantasmal Killer","Masterful Stab"],"picked":"Deflect+1","floor":29},{"not_picked":["Caltrops","Underhanded Strike"],"picked":"Bane","floor":30},{"not_picked":["A Thousand Cuts+1","Doppelganger"],"picked":"Malaise","floor":33},{"not_picked":["Blur+1","Outmaneuver+1"],"picked":"Bane+1","floor":35},{"not_picked":["Dagger Spray+1","Deflect+1"],"picked":"Footwork+1","floor":37},{"not_picked":["Skewer","Sucker Punch"],"picked":"Quick Slash+1","floor":38},{"not_picked":["Underhanded Strike+1","Backflip"],"picked":"Bouncing Flask+1","floor":39},{"not_picked":["Dagger Spray+1","Tactician+1"],"picked":"Acrobatics","floor":40},{"not_picked":["Dagger Throw","Infinite Blades+1"],"picked":"Backflip+1","floor":42},{"not_picked":["Phantasmal Killer","Distraction+1"],"picked":"Backstab","floor":44},{"not_picked":["Terror","Accuracy+1","Well Laid Plans+1"],"picked":"SKIP","floor":46},{"not_picked":["Poisoned Stab+1","Blade Dance"],"picked":"Cloak And Dagger+1","floor":47},{"not_picked":["Dagger Throw","Outmaneuver","Choke"],"picked":"SKIP","floor":54}],"player_experience":172473,"relics_obtained":[{"floor":7,"key":"Bag of Marbles"},{"floor":9,"key":"Ornamental Fan"},{"floor":11,"key":"Shuriken"},{"floor":14,"key":"The Courier"},{"floor":21,"key":"Red Mask"},{"floor":24,"key":"Lantern"},{"floor":26,"key":"Incense Burner"},{"floor":27,"key":"Regal Pillow"},{"floor":30,"key":"Frozen Egg 2"},{"floor":40,"key":"Whetstone"},{"floor":44,"key":"Ice Cream"},{"floor":54,"key":"Unceasing Top"}],"event_choices":[{"damage_healed":0,"gold_gain":0,"player_choice":"1 cards matched","damage_taken":0,"max_hp_gain":0,"max_hp_loss":0,"event_name":"Match and Keep!","floor":3,"gold_loss":0,"cards_obtained":["Neutralize"]},{"damage_healed":0,"gold_gain":0,"player_choice":"Bought 2 Potions","damage_taken":0,"max_hp_gain":0,"max_hp_loss":0,"event_name":"The Woman in Blue","floor":10,"gold_loss":0},{"damage_healed":0,"gold_gain":0,"player_choice":"Read","damage_taken":0,"max_hp_gain":0,"max_hp_loss":0,"event_name":"The Library","floor":20,"gold_loss":0,"cards_obtained":["Backstab"]},{"damage_healed":0,"gold_gain":0,"player_choice":"Fought Bandits","damage_taken":0,"max_hp_gain":0,"max_hp_loss":0,"event_name":"Masked Bandits","floor":21,"gold_loss":0},{"damage_healed":0,"gold_gain":0,"player_choice":"Upgraded","damage_taken":0,"max_hp_gain":0,"max_hp_loss":0,"event_name":"Upgrade Shrine","floor":31,"gold_loss":0,"cards_upgraded":["Noxious Fumes"]}],"is_beta":false,"boss_relics":[{"not_picked":["Empty Cage","HoveringKite"],"picked":"Philosopher\u0027s Stone"},{"not_picked":["Velvet Choker","Calling Bell"],"picked":"Astrolabe"}],"items_purged_floors":[13,19,48,53],"is_endless":false,"potions_floor_spawned":[4,5,14,22,27,29,30,35,37,42,47],"ascension_level":2}