{"path_per_floor":["M","M","?","$","?","E","M","R","T","$","?","$","M","?","R","B",null,"M","T","M","$","M","R","?","R","T","?","M","?","M","E","R"],"character_chosen":"IRONCLAD","items_purchased":["Feel No Pain","Havoc"],"gold_per_floor":[117,128,128,56,56,83,98,98,98,98,98,46,64,64,64,163,163,173,227,245,245,259,259,182,182,182,182,195,195,208,243,243,243],"floor_reached":33,"campfire_rested":1,"playtime":3067,"item_purchase_floors":[],"current_hp_per_floor":[80,80,80,80,64,60,66,66,66,66,48,48,44,80,80,63,80,76,76,64,64,52,52,52,52,52,52,42,68,49,18,42,0],"items_purged":[],"gold":243,"score":263,"play_id":"0bbc4156-630a-47e1-b54c-0f3eb8dc0b18","local_time":"20180523000321","is_prod":false,"is_daily":false,"chose_seed":false,"is_ascension_mode":false,"campfire_upgraded":4,"timestamp":1527026601,"campfire_choices":[{"data":"Feel No Pain","floor":8.0,"key":"SMITH"},{"data":"Havoc","floor":15.0,"key":"SMITH"},{"data":"Demon Form","floor":23,"key":"SMITH"},{"data":"J.A.X.","floor":25,"key":"SMITH"},{"floor":32,"key":"REST"}],"path_taken":["M","M","?","$","?","E","M","R","T","?","?","$","M","?","R","BOSS","M","?","M","$","M","R","?","R","T","?","M","?","?","E","R","BOSS"],"build_version":"2018-05-21v2","seed_source_timestamp":0,"purchased_purges":0,"victory":false,"master_deck":["Strike_R","Strike_R","Strike_R+1","Strike_R","Strike_R","Defend_R","Defend_R+1","Defend_R","Defend_R","Bash","Rampage","Feel No Pain+1","Dual Wield","Battle Trance","Havoc+1","Seeing Red","Demon Form+1","Cleave","True Grit+1","Shrug It Off+1","J.A.X.+1","Havoc","Rupture+1","Heavy Blade"],"max_hp_per_floor":[80,80,80,80,80,80,80,80,80,80,80,80,80,80,80,80,80,80,80,80,80,80,80,80,80,80,80,80,80,80,80,80,80],"relics":["Burning Blood","Dream Catcher","Du-Vu Doll","Bird Faced Urn","Ancient Tea Set","Sozu","Bag of Marbles","Orichalcum","Mummified Hand"],"card_choices":[{"not_picked":["Dropkick","Sword Boomerang"],"picked":"Rampage","floor":1.0},{"not_picked":["Carnage","Heavy Blade"],"picked":"Seeing Red","floor":2.0},{"not_picked":["Clothesline","Perfected Strike"],"picked":"Dual Wield","floor":6.0},{"not_picked":["Body Slam","Searing Blow","Battle Trance"],"picked":"SKIP","floor":7.0},{"not_picked":["Body Slam","Searing Blow"],"picked":"Battle Trance","floor":7.0},{"not_picked":["Fire Breathing","Clothesline"],"picked":"Seeing Red","floor":13.0},{"not_picked":["Offering","Berserk"],"picked":"Demon Form","floor":16.0},{"not_picked":["Pommel Strike+1","Body Slam"],"picked":"Cleave","floor":18},{"not_picked":["Havoc","Uppercut"],"picked":"True Grit+1","floor":20},{"not_picked":["Anger+1","Clothesline"],"picked":"Shrug It Off+1","floor":22},{"not_picked":["Sword Boomerang","Anger"],"picked":"Havoc","floor":28},{"not_picked":["Wild Strike+1","True Grit","Rage"],"picked":"SKIP","floor":30},{"not_picked":["Juggernaut","Wild Strike"],"picked":"Rupture+1","floor":31},{"not_picked":["Reckless Charge","Wild Strike"],"picked":"Heavy Blade","floor":32}],"player_experience":759467,"potions_floor_usage":[22],"damage_taken":[{"damage":6.0,"enemies":"Jaw Worm","floor":1.0,"turns":4.0},{"damage":0.0,"enemies":"Small Slimes","floor":2.0,"turns":3.0},{"damage":10.0,"enemies":"3 Sentries","floor":6.0,"turns":11.0},{"damage":0.0,"enemies":"2 Louse","floor":7.0,"turns":2.0},{"damage":12.0,"enemies":"Exordium Wildlife","floor":13.0,"turns":5.0},{"damage":23.0,"enemies":"Slime Boss","floor":16.0,"turns":14.0},{"damage":12,"enemies":"3 Byrds","floor":18,"turns":6},{"damage":22,"enemies":"Spheric Guardian","floor":20,"turns":4},{"damage":22,"enemies":"Slaver and Parasite","floor":22,"turns":6},{"damage":20,"enemies":"Centurion and Healer","floor":28,"turns":5},{"damage":29,"enemies":"3 Cultists","floor":30,"turns":6},{"damage":41,"enemies":"Slavers","floor":31,"turns":4},{"damage":61,"enemies":"Automaton","floor":33,"turns":6}],"relics_obtained":[{"floor":6.0,"key":"Du-Vu Doll"},{"floor":9.0,"key":"Bird Faced Urn"},{"floor":19,"key":"Bag of Marbles"},{"floor":26,"key":"Orichalcum"},{"floor":31,"key":"Mummified Hand"}],"event_choices":[{"event_name":"The Cleric","player_choice":"Leave","floor":3.0,"damage_taken":0.0},{"event_name":"Shining Light","player_choice":"Entered Light","floor":5.0,"damage_taken":0.0},{"event_name":"Scrap Ooze","player_choice":"success","floor":11.0,"damage_taken":18.0},{"event_name":"Bonfire Elementals","player_choice":"UNCOMMON","floor":14.0,"damage_taken":0.0},{"event_name":"Drug Dealer","player_choice":"Got JAXXED","floor":24,"damage_taken":0},{"event_name":"Beggar","player_choice":"Ignored","floor":27,"damage_taken":0},{"event_name":"The Library","player_choice":"Heal","floor":29,"damage_taken":0}],"boss_relics":[{"not_picked":["Velvet Choker","Orrery"],"picked":"Sozu"}],"items_purged_floors":[],"potions_floor_spawned":[1,7,13,16,20,31],"seed_played":"5425526958409344022","killed_by":"Automaton","ascension_level":0,"potions_obtained":[{"floor":1.0,"key":"Ancient Potion"},{"floor":7.0,"key":"Poison Potion"},{"floor":13.0,"key":"Fire Potion"},{"floor":16.0,"key":"Poison Potion"}],"is_trial":false}