{"path_per_floor":["M","M","?","?","$","E","R","E","T","M","M","M","?","?","R"],"character_chosen":"IRONCLAD","items_purchased":["Singing Bowl"],"gold_per_floor":[109,122,122,297,72,105,105,136,136,148,167,181,256,312,312],"floor_reached":16,"campfire_rested":1,"playtime":535,"current_hp_per_floor":[78,80,68,68,68,76,76,72,72,80,63,47,36,36,62],"items_purged":["Doubt"],"gold":312,"score":176,"play_id":"648e603b-de16-43c2-91d1-1e45509cd10f","local_time":"20180315220726","is_prod":false,"is_daily":false,"is_ascension_mode":true,"campfire_upgraded":1,"timestamp":1521148046,"path_taken":["M","M","?","?","$","E","R","E","T","M","M","M","?","?","R","BOSS"],"build_version":"2018-03-09","purchased_purges":1,"victory":false,"master_deck":["Strike_R","Strike_R","Strike_R","Strike_R","Strike_R","Defend_R","Defend_R","Defend_R","Defend_R","Bash","Heavy Blade","Twin Strike+1","Thunderclap","Perfected Strike"],"max_hp_per_floor":[80,80,80,80,80,82,82,84,84,86,86,86,86,88,88],"relics":["Burning Blood","NeowsBlessing","Gambling Chip","Singing Bowl","Ancient Tea Set","Art of War","Thread and Needle","Omamori"],"card_choices":[{"not_picked":["Brutality","Disarm"],"picked":"Heavy Blade"},{"not_picked":["Flame Barrier","Rupture"],"picked":"Twin Strike"},{"not_picked":["Disarm","Impervious"],"picked":"Thunderclap"},{"not_picked":["Shockwave","Corruption"],"picked":"Perfected Strike"}],"player_experience":304672,"potions_floor_usage":[8,11,16,16,16],"damage_taken":[{"damage":0,"enemies":"Small Slimes","floor":1,"turns":1},{"damage":0,"enemies":"Jaw Worm","floor":2,"turns":1},{"damage":0,"enemies":"Lagavulin","floor":6,"turns":1},{"damage":12,"enemies":"Gremlin Nob","floor":8,"turns":3},{"damage":0,"enemies":"2 Louse","floor":10,"turns":2},{"damage":23,"enemies":"Exordium Thugs","floor":11,"turns":5},{"damage":22,"enemies":"Large Slime","floor":12,"turns":6},{"damage":8,"enemies":"3 Sentries","floor":14,"turns":8},{"damage":62,"enemies":"Hexaghost","floor":16,"turns":9}],"event_choices":[{"event_name":"Scrap Ooze","player_choice":"success","floor":3,"damage_taken":12},{"event_name":"Liars Game","player_choice":"agreed","floor":4,"damage_taken":0},{"event_name":"World of Goop","player_choice":"Gather Gold","floor":13,"damage_taken":0},{"event_name":"Dead Adventurer","player_choice":"Searched \u00272\u0027 times","floor":14,"damage_taken":0}],"boss_relics":[],"potions_floor_spawned":[1,6,8,14,14],"seed_played":"610864756358115481","killed_by":"Hexaghost","ascension_level":6,"is_trial":false}