{"gold_per_floor":[17,33,46,60,14,14,47,62,62,62,73,102,122,57,57,57],"floor_reached":16,"playtime":586,"items_purged":[],"score":200,"play_id":"290329f6-e527-4077-bbf1-09fc717b80fb","local_time":"20180623165947","is_ascension_mode":true,"campfire_choices":[{"data":"Barricade","floor":6,"key":"SMITH"},{"data":"Feel No Pain","floor":10,"key":"SMITH"},{"data":"True Grit","floor":15,"key":"SMITH"}],"neow_cost":"NO_GOLD","seed_source_timestamp":3946545135345169,"circlet_count":0,"master_deck":["Strike_R","Strike_R","Strike_R","Strike_R","Strike_R","Defend_R","Defend_R","Defend_R","Defend_R","Bash","AscendersBane","Wild Strike","Perfected Strike","Feel No Pain+1","Barricade+1","True Grit+1","Uppercut","Twin Strike","Body Slam"],"relics":["Burning Blood","Peace Pipe","Letter Opener","Meat on the Bone","Happy Flower"],"potions_floor_usage":[7,8,11,12,16],"damage_taken":[{"damage":6,"enemies":"Cultist","floor":1,"turns":4},{"damage":7,"enemies":"2 Louse","floor":2,"turns":4},{"damage":2,"enemies":"Jaw Worm","floor":3,"turns":3},{"damage":0,"enemies":"Large Slime","floor":4,"turns":5},{"damage":32,"enemies":"Gremlin Nob","floor":7,"turns":5},{"damage":9,"enemies":"Blue Slaver","floor":8,"turns":5},{"damage":29,"enemies":"Gremlin Gang","floor":11,"turns":6},{"damage":38,"enemies":"Lagavulin","floor":12,"turns":10},{"damage":1,"enemies":"3 Louse","floor":13,"turns":5},{"damage":43,"enemies":"Hexaghost","floor":16,"turns":7}],"seed_played":"865737804559714863","potions_obtained":[{"floor":2,"key":"BloodPotion"},{"floor":3,"key":"Poison Potion"},{"floor":7,"key":"Swift Potion"},{"floor":8,"key":"SkillPotion"},{"floor":12,"key":"Poison Potion"}],"is_trial":false,"path_per_floor":["M","M","M","M","$","R","E","M","T","R","M","E","M","?","R"],"character_chosen":"IRONCLAD","items_purchased":["True Grit"],"campfire_rested":0,"item_purchase_floors":[5],"current_hp_per_floor":[68,67,71,75,75,75,49,46,46,46,35,22,39,39,39,0],"gold":57,"neow_bonus":"ONE_RARE_RELIC","is_prod":false,"is_daily":false,"chose_seed":false,"campfire_upgraded":3,"win_rate":0,"timestamp":1529765987,"path_taken":["M","M","?","M","?","R","E","M","T","R","?","E","M","?","R","BOSS"],"build_version":"2018-06-21v2","purchased_purges":0,"victory":false,"max_hp_per_floor":[75,75,75,75,75,75,75,75,75,75,75,75,75,75,75,75],"card_choices":[{"not_picked":["Sword Boomerang","Rage"],"picked":"Wild Strike","floor":1},{"not_picked":["Clothesline","Infernal Blade"],"picked":"Perfected Strike","floor":2},{"not_picked":["Hemokinesis","Rage"],"picked":"Feel No Pain","floor":3},{"not_picked":["Burning Pact","Armaments"],"picked":"Barricade","floor":4},{"not_picked":["Brutality","Iron Wave","Fire Breathing"],"picked":"SKIP","floor":7},{"not_picked":["Inflame","Carnage"],"picked":"Uppercut","floor":8},{"not_picked":["Bloodletting","Hemokinesis"],"picked":"Twin Strike","floor":11},{"not_picked":["Uppercut","Headbutt","Warcry"],"picked":"SKIP","floor":12},{"not_picked":["Heavy Blade","Whirlwind"],"picked":"Body Slam","floor":13}],"player_experience":904513,"relics_obtained":[{"floor":7,"key":"Letter Opener"},{"floor":9,"key":"Meat on the Bone"},{"floor":12,"key":"Happy Flower"}],"event_choices":[{"event_name":"World of Goop","player_choice":"Left","floor":14,"damage_taken":0}],"boss_relics":[],"items_purged_floors":[],"is_endless":false,"potions_floor_spawned":[2,3,7,8,12],"killed_by":"Hexaghost","ascension_level":15}