{"gold_per_floor":[110,127,127,147,167,167,198,198,198,225,225,244,299,318,318,414,414,429,178,193,193,209,240,251,278,278,203,215,130,230,260,260,358,358,369,385,405,245,259,289,34,64,64,64,81,95,195,214,214,214],"floor_reached":51,"playtime":7006,"items_purged":["Strike_R","Strike_R"],"score":881,"play_id":"18f0c4ce-eaec-4963-8232-a8a9ea54aaff","local_time":"20190208021123","is_ascension_mode":false,"campfire_choices":[{"data":"Armaments","floor":6.0,"key":"SMITH"},{"floor":8.0,"key":"REST"},{"floor":11.0,"key":"REST"},{"data":"Heavy Blade","floor":15.0,"key":"SMITH"},{"floor":32,"key":"REST"},{"data":"Brutality","floor":44,"key":"SMITH"},{"floor":49,"key":"REST"}],"neow_cost":"NONE","seed_source_timestamp":0,"circlet_count":0,"master_deck":["Strike_R","Strike_R","Strike_R","Defend_R+1","Defend_R+1","Bash","Battle Trance","Heavy Blade+1","Rage","Armaments+1","Spot Weakness","Spot Weakness","Rage","Brutality+1","Impervious","Whirlwind","Dual Wield","Violence","Headbutt","Heavy Blade","Flame Barrier+1","Cleave","Anger+1","Thunderclap","Headbutt","Cleave+1","Fiend Fire","Infernal Blade+1","Iron Wave","Dropkick","Bloodletting","Ghostly Armor","Parasite","Heavy Blade+1","Demon Form","Iron Wave+1","Shrug It Off","Second Wind"],"special_seed":0,"relics":["Black Star","PreservedInsect","Pocketwatch","Pear","Blood Vial","Bottled Lightning","Philosopher\u0027s Stone","War Paint","Smiling Mask","Boot","Mango","Bag of Marbles","Lantern","Bag of Preparation","Ginger","Runic Cube","Vajra","Dodecahedron","Toolbox","Letter Opener","Centennial Puzzle","Shuriken"],"potions_floor_usage":[31,33,33,50,50],"damage_taken":[{"damage":3.0,"enemies":"2 Louse","floor":1.0,"turns":3.0},{"damage":11.0,"enemies":"Jaw Worm","floor":2.0,"turns":4.0},{"damage":7.0,"enemies":"Cultist","floor":4.0,"turns":5.0},{"damage":10.0,"enemies":"Red Slaver","floor":5.0,"turns":3.0},{"damage":36.0,"enemies":"Gremlin Nob","floor":7.0,"turns":5.0},{"damage":12.0,"enemies":"3 Sentries","floor":10.0,"turns":5.0},{"damage":7.0,"enemies":"Looter","floor":12.0,"turns":3.0},{"damage":15.0,"enemies":"Gremlin Gang","floor":14.0,"turns":4.0},{"damage":34.0,"enemies":"Slime Boss","floor":16.0,"turns":8.0},{"damage":18.0,"enemies":"2 Thieves","floor":18.0,"turns":4.0},{"damage":8.0,"enemies":"3 Byrds","floor":20.0,"turns":4.0},{"damage":22.0,"enemies":"Sentry and Sphere","floor":22.0,"turns":4.0},{"damage":0.0,"enemies":"Gremlin Leader","floor":23.0,"turns":4.0},{"damage":1.0,"enemies":"3 Cultists","floor":24.0,"turns":4.0},{"damage":9,"enemies":"Book of Stabbing","floor":25,"turns":3},{"damage":2,"enemies":"Snecko","floor":28,"turns":3},{"damage":15,"enemies":"Gremlin Leader","floor":31,"turns":4},{"damage":50,"enemies":"Collector","floor":33,"turns":6},{"damage":5,"enemies":"3 Shapes","floor":35,"turns":3},{"damage":6,"enemies":"Orb Walker","floor":36,"turns":3},{"damage":4,"enemies":"Transient","floor":37,"turns":5},{"damage":16,"enemies":"Writhing Mass","floor":39,"turns":3},{"damage":9,"enemies":"Giant Head","floor":40,"turns":6},{"damage":0,"enemies":"Reptomancer","floor":42,"turns":2},{"damage":29,"enemies":"Spire Growth","floor":45,"turns":3},{"damage":0,"enemies":"3 Darklings","floor":46,"turns":2},{"damage":11,"enemies":"Sphere and 2 Shapes","floor":48,"turns":3},{"damage":47,"enemies":"Time Eater","floor":50,"turns":9}],"seed_played":"-3537771690896718173","potions_obtained":[{"floor":2.0,"key":"Block Potion"},{"floor":7.0,"key":"Block Potion"},{"floor":10.0,"key":"FearPotion"},{"floor":12.0,"key":"SpeedPotion"},{"floor":14.0,"key":"SteroidPotion"},{"floor":16.0,"key":"Weak Potion"},{"floor":18.0,"key":"LiquidBronze"},{"floor":23.0,"key":"PowerPotion"},{"floor":24,"key":"Energy Potion"},{"floor":31,"key":"Poison Potion"},{"floor":35,"key":"AttackPotion"},{"floor":37,"key":"Dexterity Potion"},{"floor":40,"key":"EssenceOfSteel"},{"floor":48,"key":"EssenceOfSteel"}],"is_trial":false,"path_per_floor":["M","M","?","M","M","R","E","R","T","E","R","M","?","M","R","B",null,"M","$","M","?","M","E","M","E","T","?","M","?","?","E","R","B",null,"M","M","M","$","M","E","$","E","T","R","M","M","?","M","R","B",null],"character_chosen":"IRONCLAD","items_purchased":["Dual Wield","Violence","Headbutt","Bloodletting","Ghostly Armor","Toolbox"],"campfire_rested":4,"item_purchase_floors":[19,19,19,38,38,41],"current_hp_per_floor":[77,66,71,64,54,54,18,43,53,41,69,64,64,51,51,19,95,77,77,71,71,51,53,54,61,61,61,61,61,61,48,80,32,109,104,100,98,98,84,77,77,79,79,79,52,54,54,45,77,32],"gold":214,"neow_bonus":"BOSS_RELIC","is_prod":false,"is_daily":false,"chose_seed":false,"campfire_upgraded":3,"win_rate":0,"timestamp":1549588283,"path_taken":["M","M","?","M","M","R","E","R","T","E","R","M","?","M","R","BOSS","M","$","M","?","M","E","M","E","T","?","M","?","?","E","R","BOSS","M","M","M","?","?","E","$","E","T","R","M","M","?","M","R","BOSS"],"build_version":"2019-01-23","purchased_purges":2,"victory":true,"max_hp_per_floor":[80,80,85,85,85,85,85,85,95,95,95,95,95,95,95,95,95,95,95,95,95,95,95,95,109,109,109,109,109,109,109,109,109,109,109,109,109,109,109,109,109,109,109,109,109,109,109,109,109,109],"card_choices":[{"not_picked":["Anger","Sever Soul"],"picked":"Battle Trance","floor":1.0},{"not_picked":["Rupture","Corruption"],"picked":"Heavy Blade","floor":2.0},{"not_picked":["Anger","Havoc"],"picked":"Rage","floor":4.0},{"not_picked":["Perfected Strike","Corruption"],"picked":"Armaments","floor":5.0},{"not_picked":["Carnage","Twin Strike"],"picked":"Spot Weakness","floor":7.0},{"not_picked":["Thunderclap","Anger"],"picked":"Spot Weakness","floor":10.0},{"not_picked":["Clothesline","Warcry"],"picked":"Rage","floor":12.0},{"not_picked":["Armaments","Sword Boomerang"],"picked":"Brutality","floor":14.0},{"not_picked":["Immolate","Brutality"],"picked":"Impervious","floor":16.0},{"not_picked":["Combust","Sword Boomerang"],"picked":"Whirlwind","floor":18.0},{"not_picked":["Headbutt","Twin Strike"],"picked":"Heavy Blade","floor":20.0},{"not_picked":["Anger","Burning Pact"],"picked":"Flame Barrier+1","floor":22.0},{"not_picked":["Barricade","Exhume"],"picked":"Cleave","floor":23.0},{"not_picked":["True Grit","Sentinel"],"picked":"Anger+1","floor":24},{"not_picked":["Brutality","Wild Strike+1"],"picked":"Thunderclap","floor":25},{"not_picked":["Flex+1","Armaments"],"picked":"Headbutt","floor":28},{"not_picked":["Thunderclap","Twin Strike"],"picked":"Cleave+1","floor":31},{"not_picked":["Impervious","Berserk"],"picked":"Fiend Fire","floor":33},{"not_picked":["Shrug It Off","Rampage"],"picked":"Infernal Blade+1","floor":35},{"not_picked":["Hemokinesis","Sword Boomerang+1"],"picked":"Iron Wave","floor":36},{"not_picked":["Sword Boomerang","Anger+1"],"picked":"Dropkick","floor":37},{"not_picked":["Clash","True Grit"],"picked":"Heavy Blade+1","floor":39},{"not_picked":["Carnage","Clothesline"],"picked":"Demon Form","floor":40},{"not_picked":["Metallicize","Entrench+1","Rage"],"picked":"SKIP","floor":42},{"not_picked":["Wild Strike","Ghostly Armor+1"],"picked":"Iron Wave+1","floor":45},{"not_picked":["Wild Strike+1","Anger"],"picked":"Shrug It Off","floor":46},{"not_picked":["True Grit","Entrench"],"picked":"Second Wind","floor":48}],"player_experience":63315,"relics_obtained":[{"floor":7.0,"key":"PreservedInsect"},{"floor":7.0,"key":"Pocketwatch"},{"floor":9.0,"key":"Pear"},{"floor":10.0,"key":"Blood Vial"},{"floor":10.0,"key":"Bottled Lightning"},{"floor":23.0,"key":"War Paint"},{"floor":23.0,"key":"Smiling Mask"},{"floor":25,"key":"Boot"},{"floor":25,"key":"Mango"},{"floor":26,"key":"Bag of Marbles"},{"floor":31,"key":"Bag of Preparation"},{"floor":31,"key":"Ginger"},{"floor":40,"key":"Vajra"},{"floor":40,"key":"Dodecahedron"},{"floor":42,"key":"Letter Opener"},{"floor":42,"key":"Centennial Puzzle"},{"floor":43,"key":"Shuriken"}],"event_choices":[{"damage_healed":0.0,"max_hp_gain":5.0,"max_hp_loss":0.0,"gold_gain":0.0,"event_name":"Big Fish","player_choice":"Donut","floor":3.0,"gold_loss":0.0,"damage_taken":0.0},{"damage_healed":0.0,"max_hp_gain":0.0,"max_hp_loss":0.0,"gold_gain":55.0,"event_name":"Golden Wing","player_choice":"Gained Gold","floor":13.0,"gold_loss":0.0,"damage_taken":0.0},{"cards_removed":["Defend_R"],"damage_healed":0.0,"max_hp_gain":0.0,"max_hp_loss":0.0,"gold_gain":0.0,"event_name":"Back to Basics","player_choice":"Elegance","floor":21.0,"gold_loss":0.0,"damage_taken":0.0},{"cards_removed":["Defend_R"],"damage_healed":0,"gold_gain":0,"player_choice":"Gave Gold","damage_taken":0,"max_hp_gain":0,"max_hp_loss":0,"event_name":"Beggar","floor":27,"gold_loss":75},{"damage_healed":0,"gold_gain":0,"player_choice":"Obtained Relic","damage_taken":0,"relics_obtained":["Lantern"],"max_hp_gain":0,"max_hp_loss":0,"event_name":"Addict","floor":29,"gold_loss":85},{"damage_healed":0,"gold_gain":100,"player_choice":"Pray","damage_taken":0,"max_hp_gain":0,"max_hp_loss":0,"event_name":"Golden Shrine","floor":30,"gold_loss":0},{"damage_healed":0,"gold_gain":100,"player_choice":"Pray","damage_taken":0,"max_hp_gain":0,"max_hp_loss":0,"event_name":"Golden Shrine","floor":47,"gold_loss":0}],"is_beta":false,"boss_relics":[{"not_picked":["Busted Crown","Coffee Dripper"],"picked":"Philosopher\u0027s Stone"},{"not_picked":["Eternal Feather","Runic Dome"],"picked":"Runic Cube"}],"items_purged_floors":[38,41],"is_endless":false,"potions_floor_spawned":[2,7,10,12,14,16,18,23,24,31,35,37,40,46,48],"ascension_level":0}