{"gold_per_floor":[116,116,116,19,94,94,108,141,168,185,185,211,228,251,251,356,356,371,390,410,14,14,46,46,77,100,110,138,172,172,172,172,172],"floor_reached":33,"playtime":2241,"items_purged":[],"score":367,"play_id":"f5463870-7e97-458f-9c48-a1c9544482ee","local_time":"20190203185149","is_ascension_mode":true,"campfire_choices":[{"data":"Madness","floor":6,"key":"SMITH"},{"data":"Bash","floor":11,"key":"SMITH"},{"data":"Rage","floor":15,"key":"SMITH"},{"floor":24,"key":"REST"},{"data":"Berserk","floor":30,"key":"SMITH"},{"data":"Burning Pact","floor":32,"key":"SMITH"}],"neow_cost":"NONE","seed_source_timestamp":15123325778124,"circlet_count":0,"master_deck":["Strike_R","Strike_R","Strike_R","Strike_R","Strike_R","Defend_R+1","Defend_R+1","Defend_R","Defend_R","Bash+1","Intimidate","Madness+1","Cleave","Thunderclap","Reckless Charge","Disarm","Rage+1","Berserk+1","Anger","Headbutt","Flex","Warcry","Rampage","Burning Pact+1","Carnage+1","Sever Soul+1","Ghostly","Ghostly","Ghostly","Ghostly","Ghostly"],"relics":["Burning Blood","Lantern","Omamori","Boot","Mummified Hand","Bag of Preparation","Cursed Key","Blood Vial","Mercury Hourglass","Mango","Anchor","Strawberry","Oddly Smooth Stone","Potion Belt","Red Mask"],"potions_floor_usage":[8,12,23,25],"damage_taken":[{"damage":5,"enemies":"Small Slimes","floor":1,"turns":4},{"damage":1,"enemies":"2 Louse","floor":7,"turns":3},{"damage":14,"enemies":"3 Sentries","floor":8,"turns":7},{"damage":0,"enemies":"Jaw Worm","floor":10,"turns":3},{"damage":24,"enemies":"Gremlin Nob","floor":12,"turns":4},{"damage":11,"enemies":"Blue Slaver","floor":13,"turns":4},{"damage":26,"enemies":"Hexaghost","floor":16,"turns":13},{"damage":28,"enemies":"2 Thieves","floor":18,"turns":4},{"damage":23,"enemies":"Spheric Guardian","floor":19,"turns":4},{"damage":12,"enemies":"Centurion and Healer","floor":20,"turns":6},{"damage":52,"enemies":"Gremlin Leader","floor":23,"turns":7},{"damage":20,"enemies":"Book of Stabbing","floor":25,"turns":7},{"damage":12,"enemies":"Cultist and Chosen","floor":27,"turns":6},{"damage":21,"enemies":"Slavers","floor":28,"turns":6},{"damage":5,"enemies":"Masked Bandits","floor":29,"turns":3},{"damage":33,"enemies":"Collector","floor":33,"turns":7}],"seed_played":"-2202925444779625561","potions_obtained":[{"floor":7,"key":"Block Potion"},{"floor":10,"key":"GamblersBrew"},{"floor":16,"key":"EssenceOfSteel"},{"floor":23,"key":"Weak Potion"},{"floor":28,"key":"Energy Potion"}],"is_trial":false,"path_per_floor":["M","?","?","$","?","R","M","E","T","M","R","E","M","T","R","B",null,"M","M","M","$","?","E","R","E","T","M","E","?","R","?","R","B"],"character_chosen":"IRONCLAD","items_purchased":["Madness","Blood Vial","Mercury Hourglass"],"campfire_rested":1,"item_purchase_floors":[4,21,21],"current_hp_per_floor":[88,85,67,67,56,56,61,53,53,59,59,41,36,36,36,16,88,66,49,43,43,57,13,43,38,38,34,21,24,24,24,24,0],"gold":172,"neow_bonus":"TEN_PERCENT_HP_BONUS","is_prod":false,"is_daily":false,"chose_seed":false,"campfire_upgraded":5,"win_rate":0,"timestamp":1549216309,"path_taken":["M","?","?","$","?","R","M","E","T","M","R","E","M","?","R","BOSS","M","M","M","$","?","E","R","E","T","M","E","?","R","?","R","BOSS"],"build_version":"2019-01-23","purchased_purges":0,"victory":false,"max_hp_per_floor":[88,88,88,88,88,88,88,88,88,88,88,88,88,88,88,88,88,88,88,88,88,102,102,102,109,109,109,109,109,109,54,54,54],"card_choices":[{"not_picked":["Flex","Sword Boomerang"],"picked":"Intimidate","floor":1},{"not_picked":["Disarm","Twin Strike"],"picked":"Cleave","floor":7},{"not_picked":["Sword Boomerang","Heavy Blade"],"picked":"Thunderclap","floor":8},{"not_picked":["Iron Wave","Entrench"],"picked":"Reckless Charge","floor":10},{"not_picked":["Headbutt","Heavy Blade"],"picked":"Disarm","floor":12},{"not_picked":["Clothesline","Power Through"],"picked":"Rage","floor":13},{"not_picked":["Brutality","Offering"],"picked":"Berserk","floor":16},{"not_picked":["Warcry","Body Slam+1"],"picked":"Anger","floor":18},{"not_picked":["Seeing Red","Body Slam"],"picked":"Headbutt","floor":19},{"not_picked":["Cleave","Bloodletting"],"picked":"Flex","floor":20},{"not_picked":["Perfected Strike","Rampage+1"],"picked":"Warcry","floor":23},{"not_picked":["Heavy Blade","Twin Strike"],"picked":"Rampage","floor":25},{"not_picked":["Thunderclap+1","Warcry"],"picked":"Burning Pact","floor":27},{"not_picked":["Wild Strike","Dropkick"],"picked":"Carnage+1","floor":28},{"not_picked":["Heavy Blade","True Grit"],"picked":"Sever Soul+1","floor":29}],"player_experience":41328,"relics_obtained":[{"floor":8,"key":"Omamori"},{"floor":9,"key":"Boot"},{"floor":12,"key":"Mummified Hand"},{"floor":14,"key":"Bag of Preparation"},{"floor":23,"key":"Anchor"},{"floor":25,"key":"Strawberry"},{"floor":26,"key":"Oddly Smooth Stone"},{"floor":28,"key":"Potion Belt"},{"floor":29,"key":"Red Mask"}],"event_choices":[{"damage_healed":0,"gold_gain":0,"player_choice":"Success","damage_taken":3,"relics_obtained":["Lantern"],"max_hp_gain":0,"max_hp_loss":0,"event_name":"Scrap Ooze","floor":2,"gold_loss":0},{"damage_healed":0,"gold_gain":0,"player_choice":"Entered Light","damage_taken":18,"max_hp_gain":0,"max_hp_loss":0,"event_name":"Shining Light","floor":3,"gold_loss":0,"cards_upgraded":["Defend_R","Defend_R"]},{"damage_healed":0,"gold_gain":75,"player_choice":"Gather Gold","damage_taken":11,"max_hp_gain":0,"max_hp_loss":0,"event_name":"World of Goop","floor":5,"gold_loss":0},{"damage_healed":0,"gold_gain":0,"player_choice":"Opened","damage_taken":0,"relics_obtained":["Mango"],"max_hp_gain":0,"max_hp_loss":0,"event_name":"The Mausoleum","floor":22,"gold_loss":0,"cards_obtained":["Writhe"]},{"damage_healed":0,"gold_gain":0,"player_choice":"Fought Bandits","damage_taken":0,"max_hp_gain":0,"max_hp_loss":0,"event_name":"Masked Bandits","floor":29,"gold_loss":0},{"damage_healed":0,"gold_gain":0,"player_choice":"Became a Ghost","damage_taken":0,"max_hp_gain":0,"max_hp_loss":55,"event_name":"Ghosts","floor":31,"gold_loss":0,"cards_obtained":["Ghostly","Ghostly","Ghostly","Ghostly","Ghostly"]}],"is_beta":false,"boss_relics":[{"not_picked":["Astrolabe","Runic Cube"],"picked":"Cursed Key"}],"items_purged_floors":[],"is_endless":false,"potions_floor_spawned":[7,10,16,23,28],"killed_by":"Collector","ascension_level":2}