{"gold_per_floor":[118,118,137,152,164,191,208,240,240,141,141,501,501,519,519,619,619,630,248,261,56,56,7,7,18,71,71,91,91,107,206,206,311,311,322,339,61,61,71,71],"floor_reached":40,"playtime":4393,"items_purged":["Strike_G","Strike_G","Pain"],"score":582,"play_id":"b4301c14-bde4-4c2e-8df3-6dee048e22f1","local_time":"20190206233025","is_ascension_mode":true,"campfire_choices":[{"floor":11,"key":"REST"},{"floor":13,"key":"REST"},{"floor":15,"key":"REST"},{"data":"Neutralize","floor":24,"key":"SMITH"},{"data":"Malaise","floor":27,"key":"SMITH"},{"floor":32,"key":"REST"}],"neow_cost":"NONE","seed_source_timestamp":9697340314712,"circlet_count":0,"master_deck":["Defend_G+1","Defend_G+1","Defend_G+1","Defend_G+1","Defend_G+1","Strike_G+1","Strike_G+1","Survivor","Neutralize+1","Footwork","Bouncing Flask","Dagger Spray","Cloak And Dagger","Sucker Punch","Backflip","Blur","Cloak And Dagger","Backflip","Malaise+1","Dodge and Roll","Blur","Mind Blast","Footwork","Dodge and Roll","Blur","Ghostly Armor","Glass Knife","Go for the Eyes+1","Evolve","Caltrops","Dark Shackles+1"],"relics":["Ring of the Snake","Bronze Scales","Art of War","Matryoshka","Old Coin","Velvet Choker","PrismaticShard","DollysMirror","Omamori","Strawberry","Calling Bell","Regal Pillow","Pantograph","Thread and Needle"],"potions_floor_usage":[18,33,36,39],"damage_taken":[{"damage":1,"enemies":"Small Slimes","floor":1,"turns":8},{"damage":0,"enemies":"Jaw Worm","floor":3,"turns":4},{"damage":0,"enemies":"2 Louse","floor":4,"turns":5},{"damage":0,"enemies":"Red Slaver","floor":5,"turns":8},{"damage":29,"enemies":"Gremlin Nob","floor":6,"turns":5},{"damage":7,"enemies":"Exordium Wildlife","floor":7,"turns":5},{"damage":7,"enemies":"Lagavulin","floor":8,"turns":8},{"damage":31,"enemies":"Gremlin Nob","floor":12,"turns":5},{"damage":0,"enemies":"Blue Slaver","floor":14,"turns":4},{"damage":25,"enemies":"Hexaghost","floor":16,"turns":10},{"damage":0,"enemies":"3 Byrds","floor":18,"turns":3},{"damage":4,"enemies":"Chosen","floor":20,"turns":9},{"damage":0,"enemies":"Snake Plant","floor":25,"turns":5},{"damage":14,"enemies":"3 Cultists","floor":28,"turns":9},{"damage":0,"enemies":"Snecko","floor":30,"turns":8},{"damage":9,"enemies":"Champ","floor":33,"turns":21},{"damage":3,"enemies":"Orb Walker","floor":35,"turns":7},{"damage":5,"enemies":"3 Shapes","floor":36,"turns":9},{"damage":8,"enemies":"Sphere and 2 Shapes","floor":39,"turns":6},{"damage":85,"enemies":"Giant Head","floor":40,"turns":14}],"seed_played":"5169229044725493565","potions_obtained":[{"floor":3,"key":"LiquidBronze"},{"floor":4,"key":"FearPotion"},{"floor":7,"key":"Energy Potion"},{"floor":8,"key":"Explosive Potion"},{"floor":20,"key":"Poison Potion"},{"floor":33,"key":"SteroidPotion"}],"is_trial":false,"path_per_floor":["M","?","M","M","M","E","M","E","T","$","R","?","R","M","R","B",null,"M","$","M","$","?","$","R","M","T","R","M","?","M","?","R","B",null,"M","M","$","?","M","E"],"character_chosen":"THE_SILENT","items_purchased":["Cloak And Dagger","Blur","PrismaticShard","DollysMirror","Dodge and Roll","GhostInAJar","Caltrops"],"campfire_rested":4,"item_purchase_floors":[10,19,19,21,23,37,37],"current_hp_per_floor":[69,69,69,69,69,40,33,26,26,26,49,18,41,41,64,39,68,68,68,64,64,64,64,64,64,71,71,57,41,41,41,67,58,81,78,73,73,73,65,0],"gold":71,"neow_bonus":"TEN_PERCENT_HP_BONUS","is_prod":false,"is_daily":false,"chose_seed":false,"campfire_upgraded":2,"win_rate":0,"timestamp":1549513825,"path_taken":["M","?","M","M","M","E","M","E","T","$","R","?","R","M","R","BOSS","M","$","M","$","?","$","R","M","T","R","M","?","M","?","R","BOSS","M","M","$","?","?","E"],"build_version":"2019-01-23","purchased_purges":3,"victory":false,"max_hp_per_floor":[77,77,77,77,77,77,77,77,77,77,77,77,77,77,77,77,77,77,77,77,77,77,77,77,77,84,84,84,89,89,89,89,89,89,89,89,89,89,89,89],"card_choices":[{"not_picked":["Backflip","Poisoned Stab"],"picked":"Footwork","floor":1},{"not_picked":["Calculated Gamble","Slice","Outmaneuver"],"picked":"SKIP","floor":3},{"not_picked":["Backflip","Deflect"],"picked":"Dagger Spray","floor":4},{"not_picked":["Underhanded Strike","Acrobatics"],"picked":"Cloak And Dagger","floor":5},{"not_picked":["Choke","Outmaneuver"],"picked":"Sucker Punch","floor":6},{"not_picked":["Poisoned Stab","Escape Plan"],"picked":"Backflip","floor":7},{"not_picked":["Expertise","Riddle With Holes"],"picked":"Blur","floor":8},{"not_picked":["Masterful Stab","Terror"],"picked":"Backflip","floor":12},{"not_picked":["Calculated Gamble","Sucker Punch","Choke"],"picked":"SKIP","floor":14},{"not_picked":["Phantasmal Killer","Unload"],"picked":"Malaise","floor":16},{"not_picked":["Deadly Poison","Crippling Poison"],"picked":"Dodge and Roll","floor":18},{"not_picked":["Wild Strike+1","Dagger Spray+1"],"picked":"Mind Blast","floor":20},{"not_picked":["Gash+1","Feel No Pain"],"picked":"Blur","floor":25},{"not_picked":["Acrobatics","Dodge and Roll"],"picked":"Ghostly Armor","floor":28},{"not_picked":["Steam Power","Poisoned Stab","Pummel"],"picked":"SKIP","floor":30},{"not_picked":["Transmutation","Magnetism"],"picked":"Glass Knife","floor":33},{"not_picked":["Sentinel","Rampage"],"picked":"Go for the Eyes+1","floor":35},{"not_picked":["Ball Lightning+1","Uppercut+1"],"picked":"Evolve","floor":36},{"not_picked":["Rage+1","Flex+1"],"picked":"Dark Shackles+1","floor":39}],"player_experience":400792,"relics_obtained":[{"floor":6,"key":"Bronze Scales"},{"floor":8,"key":"Art of War"},{"floor":9,"key":"Matryoshka"},{"floor":12,"key":"Old Coin"},{"floor":26,"key":"Omamori"},{"floor":26,"key":"Strawberry"},{"floor":34,"key":"Regal Pillow"},{"floor":34,"key":"Pantograph"},{"floor":34,"key":"Thread and Needle"}],"event_choices":[{"damage_healed":0,"gold_gain":0,"cards_transformed":["Strike_G"],"player_choice":"Change","damage_taken":0,"max_hp_gain":0,"max_hp_loss":0,"event_name":"Living Wall","floor":2,"gold_loss":0,"cards_obtained":["Bouncing Flask"]},{"damage_healed":0,"gold_gain":0,"player_choice":"Searched \u00271\u0027 times","damage_taken":0,"max_hp_gain":0,"max_hp_loss":0,"event_name":"Dead Adventurer","floor":12,"gold_loss":0},{"damage_healed":0,"gold_gain":0,"player_choice":"Simplicity","damage_taken":0,"max_hp_gain":0,"max_hp_loss":0,"event_name":"Back to Basics","floor":22,"gold_loss":0,"cards_upgraded":["Defend_G","Defend_G","Defend_G","Defend_G","Defend_G","Strike_G","Strike_G"]},{"damage_healed":0,"gold_gain":0,"player_choice":"Shed Blood","damage_taken":21,"max_hp_gain":5,"max_hp_loss":0,"event_name":"Forgotten Altar","floor":29,"gold_loss":0},{"damage_healed":0,"gold_gain":99,"player_choice":"Stole From Cult","damage_taken":0,"max_hp_gain":0,"max_hp_loss":0,"event_name":"Nest","floor":31,"gold_loss":0},{"damage_healed":0,"gold_gain":0,"player_choice":"Bought 0 Potions","damage_taken":0,"max_hp_gain":0,"max_hp_loss":0,"event_name":"The Woman in Blue","floor":38,"gold_loss":0}],"is_beta":false,"boss_relics":[{"not_picked":["Busted Crown","Fusion Hammer"],"picked":"Velvet Choker"},{"not_picked":["Eternal Feather","Coffee Dripper"],"picked":"Calling Bell"}],"items_purged_floors":[10,19,37],"is_endless":false,"potions_floor_spawned":[3,4,7,8,14,16,20,30,33,35],"killed_by":"Giant Head","ascension_level":8}