{"gold_per_floor":[119,135,146,166,166,191,207,12,61,61,35,35,62,79,79,183,183,199,199,188,208,24,24,24],"floor_reached":24,"playtime":2636,"items_purged":[],"score":218,"play_id":"4dd6ec26-1930-4809-bdfa-93dcc32d3355","local_time":"20190208123633","is_ascension_mode":true,"campfire_choices":[{"data":"True Grit","floor":10,"key":"SMITH"},{"data":"Thinking Ahead","floor":12,"key":"SMITH"},{"data":"Anger","floor":15,"key":"SMITH"},{"data":"Armaments","floor":23,"key":"SMITH"}],"neow_cost":"NONE","seed_source_timestamp":913263375577700,"circlet_count":0,"master_deck":["Strike_R","Strike_R","Strike_R","Defend_R","Defend_R","Bash","Anger+1","Iron Wave","Battle Trance","Warcry","True Grit+1","Burning Pact","Sentinel","Thinking Ahead+1","Shrug It Off","Shrug It Off","Heavy Blade","Offering","Evolve+1","Twin Strike+1","Metallicize","Reaper","Armaments+1"],"relics":["Burning Blood","Meat on the Bone","Lantern","Gremlin Horn","Empty Cage"],"potions_floor_usage":[14,16,16,16,24],"damage_taken":[{"damage":1,"enemies":"Cultist","floor":1,"turns":3},{"damage":2,"enemies":"Small Slimes","floor":2,"turns":3},{"damage":0,"enemies":"2 Louse","floor":3,"turns":3},{"damage":0,"enemies":"Large Slime","floor":4,"turns":5},{"damage":36,"enemies":"Lagavulin","floor":6,"turns":7},{"damage":11,"enemies":"2 Fungi Beasts","floor":7,"turns":3},{"damage":13,"enemies":"3 Sentries","floor":13,"turns":9},{"damage":15,"enemies":"Gremlin Gang","floor":14,"turns":5},{"damage":49,"enemies":"Hexaghost","floor":16,"turns":11},{"damage":18,"enemies":"Spheric Guardian","floor":18,"turns":5},{"damage":13,"enemies":"2 Thieves","floor":20,"turns":4},{"damage":39,"enemies":"Snecko","floor":21,"turns":6},{"damage":40,"enemies":"Book of Stabbing","floor":24,"turns":7}],"seed_played":"-8492805196300388040","potions_obtained":[{"floor":4,"key":"LiquidBronze"},{"floor":7,"key":"EntropicBrew"},{"floor":13,"key":"GamblersBrew"},{"floor":16,"key":"SpeedPotion"}],"is_trial":false,"path_per_floor":["M","M","M","M","?","E","M","$","T","R","$","R","E","M","R","B",null,"M","?","M","M","$","R","E"],"character_chosen":"IRONCLAD","items_purchased":["Thinking Ahead","Shrug It Off","Reaper","Armaments"],"campfire_rested":0,"item_purchase_floors":[8,11,22,22],"current_hp_per_floor":[80,80,80,80,80,50,57,57,57,57,57,57,50,53,53,22,80,68,68,61,40,40,40,0],"gold":24,"neow_bonus":"THREE_CARDS","is_prod":false,"is_daily":false,"chose_seed":false,"campfire_upgraded":4,"win_rate":0,"timestamp":1549625793,"path_taken":["M","M","M","M","?","E","M","?","T","R","$","R","E","M","R","BOSS","M","?","M","M","$","R","E"],"build_version":"2019-01-23","purchased_purges":0,"victory":false,"max_hp_per_floor":[80,80,80,80,80,80,80,80,80,80,80,80,80,80,80,80,80,80,80,80,80,80,80,80],"card_choices":[{"not_picked":["Evolve","Searing Blow"],"picked":"Anger","floor":0},{"not_picked":["Clash","Anger"],"picked":"Iron Wave","floor":1},{"not_picked":["Bloodletting","Intimidate"],"picked":"Battle Trance","floor":2},{"not_picked":["Cleave","Perfected Strike"],"picked":"Warcry","floor":3},{"not_picked":["Hemokinesis","Juggernaut"],"picked":"True Grit","floor":4},{"not_picked":["Entrench","Armaments"],"picked":"Burning Pact","floor":6},{"not_picked":["Thunderclap","Sword Boomerang"],"picked":"Sentinel","floor":7},{"not_picked":["Clash","Iron Wave"],"picked":"Shrug It Off","floor":13},{"not_picked":["Clash","Perfected Strike"],"picked":"Heavy Blade","floor":14},{"not_picked":["Fiend Fire","Exhume"],"picked":"Offering","floor":16},{"not_picked":["Anger","Cleave"],"picked":"Evolve+1","floor":18},{"not_picked":["Disarm","Body Slam"],"picked":"Twin Strike+1","floor":20},{"not_picked":["Reckless Charge","Perfected Strike+1"],"picked":"Metallicize","floor":21}],"player_experience":83159,"relics_obtained":[{"floor":6,"key":"Meat on the Bone"},{"floor":9,"key":"Lantern"},{"floor":13,"key":"Gremlin Horn"}],"event_choices":[{"cards_removed":["Strike_R"],"damage_healed":0,"gold_gain":0,"player_choice":"Offered Basic","damage_taken":0,"max_hp_gain":0,"max_hp_loss":0,"event_name":"Bonfire Elementals","floor":5,"gold_loss":0},{"cards_removed":["Strike_R"],"damage_healed":0,"gold_gain":0,"player_choice":"Purged","damage_taken":0,"max_hp_gain":0,"max_hp_loss":0,"event_name":"Purifier","floor":19,"gold_loss":0}],"is_beta":false,"boss_relics":[{"not_picked":["Orrery","Eternal Feather"],"picked":"Empty Cage"}],"items_purged_floors":[],"is_endless":false,"potions_floor_spawned":[4,7,13,16],"killed_by":"Book of Stabbing","ascension_level":1}