{"path_per_floor":["M","?","?","?","M","E","R","M","T","R","M","M","M","$","R","B",null,"M","?","M","?","M","R","M","E","T","M","M","R","E","M","R"],"character_chosen":"IRONCLAD","items_purchased":["Matryoshka"],"gold_per_floor":[119,119,119,119,139,177,177,196,196,196,221,245,265,23,23,143,143,164,164,177,177,196,196,210,241,267,292,308,308,351,376,376],"floor_reached":33,"campfire_rested":1,"playtime":1554,"current_hp_per_floor":[80,80,64,44,50,38,38,44,44,44,57,71,83,83,83,72,101,101,101,101,101,93,93,83,62,62,57,60,60,59,50,84],"items_purged":[],"gold":376,"score":341,"play_id":"af41e927-ed67-4314-8ea6-80da48b187d2","local_time":"20180308190801","is_prod":false,"is_daily":false,"is_ascension_mode":false,"campfire_upgraded":5,"timestamp":1520532481,"path_taken":["M","?","?","?","M","E","R","?","T","R","?","M","M","$","R","BOSS","M","?","M","?","M","R","M","E","T","M","M","R","E","M","R","BOSS"],"build_version":"2018-03-01-PROD1","purchased_purges":0,"victory":false,"master_deck":["Strike_R+1","Strike_R+1","Strike_R+1","Strike_R+1","Strike_R+1","Defend_R+1","Defend_R+1","Defend_R+1","Defend_R+1","Bash","Searing Blow+5","Pummel","Feed","Armaments+1","Offering+1","Headbutt"],"max_hp_per_floor":[80,80,80,80,80,87,87,87,87,87,90,94,98,98,98,101,101,101,101,104,104,107,107,107,111,111,111,111,111,115,115,115],"relics":["Burning Blood","Vajra","Golden Idol","Strawberry","Magic Flower","Matryoshka","Runic Cube","Torii","Pantograph","War Paint","Unceasing Top"],"card_choices":[{"not_picked":["Pommel Strike","Fire Breathing"],"picked":"Searing Blow"},{"not_picked":["Sword Boomerang","Combust"],"picked":"Pummel"},{"not_picked":["Perfected Strike","Bloodletting"],"picked":"Feed"},{"not_picked":["Anger","True Grit"],"picked":"Armaments"},{"not_picked":["Immolate","Exhume"],"picked":"Offering"},{"not_picked":["Combust","Sword Boomerang"],"picked":"Headbutt"}],"player_experience":245856,"potions_floor_usage":[8,20,22,30,31],"damage_taken":[{"damage":2,"enemies":"2 Louse","floor":1,"turns":2},{"damage":0,"enemies":"Cultist","floor":5,"turns":2},{"damage":25,"enemies":"3 Sentries","floor":6,"turns":7},{"damage":0,"enemies":"Jaw Worm","floor":8,"turns":1},{"damage":1,"enemies":"2 Fungi Beasts","floor":11,"turns":3},{"damage":1,"enemies":"3 Louse","floor":12,"turns":2},{"damage":3,"enemies":"Large Slime","floor":13,"turns":5},{"damage":25,"enemies":"Slime Boss","floor":16,"turns":11},{"damage":4,"enemies":"Chosen","floor":18,"turns":3},{"damage":14,"enemies":"2 Thieves","floor":20,"turns":3},{"damage":22,"enemies":"Centurion and Healer","floor":22,"turns":5},{"damage":19,"enemies":"Snecko","floor":24,"turns":3},{"damage":36,"enemies":"Slavers","floor":25,"turns":5},{"damage":14,"enemies":"Sentry and Sphere","floor":27,"turns":3},{"damage":6,"enemies":"Chosen and Byrds","floor":28,"turns":5},{"damage":16,"enemies":"Gremlin Leader","floor":30,"turns":5},{"damage":18,"enemies":"Cultist and Chosen","floor":31,"turns":4},{"damage":171,"enemies":"Automaton","floor":33,"turns":12}],"event_choices":[{"event_name":"Accursed Blacksmith","player_choice":"Forge","floor":2,"damage_taken":0},{"event_name":"Shining Light","player_choice":"Entered Light","floor":3,"damage_taken":0},{"event_name":"Golden Idol","player_choice":"Take Damage","floor":4,"damage_taken":0},{"event_name":"Back to Basics","player_choice":"Simplicity","floor":19,"damage_taken":0},{"event_name":"Vampires","player_choice":"Ignored","floor":21,"damage_taken":0}],"boss_relics":[{"not_picked":["Orrery","Pandora\u0027s Box"],"picked":"Runic Cube"}],"potions_floor_spawned":[6,8,13,16,20,25,27,28],"seed_played":"3204826199509683136","killed_by":"Automaton","ascension_level":0,"is_trial":false}