{"gold_per_floor":[14,0,18,34,45,45,71,85,110,34,34,66,79,79,79,177,227,227],"floor_reached":18,"playtime":1237,"items_purged":[],"score":224,"play_id":"2add04cc-e817-4c57-946b-91fb91436b15","local_time":"20190201002438","is_ascension_mode":true,"campfire_choices":[{"data":"Poisoned Stab","floor":6,"key":"SMITH"},{"floor":11,"key":"REST"},{"floor":15,"key":"REST"}],"neow_cost":"NO_GOLD","seed_source_timestamp":95177121479200,"circlet_count":0,"master_deck":["Defend_G","Defend_G","Defend_G","Defend_G","Strike_G","Strike_G","Strike_G","Strike_G","Survivor","Neutralize","Flying Knee","Prepared+1","Dagger Spray","PiercingWail","Poisoned Stab+1","Dodge and Roll","Dagger Throw","Backflip","Footwork","Caltrops+1","Grand Finale","Bullet Time","Choke"],"relics":["Ring of the Snake","Dead Branch","Snake Skull","Vajra","Tiny House"],"potions_floor_usage":[7,7],"damage_taken":[{"damage":4,"enemies":"2 Louse","floor":1,"turns":3},{"damage":0,"enemies":"Jaw Worm","floor":3,"turns":4},{"damage":0,"enemies":"Cultist","floor":4,"turns":3},{"damage":0,"enemies":"Looter","floor":5,"turns":4},{"damage":18,"enemies":"Gremlin Nob","floor":7,"turns":4},{"damage":15,"enemies":"Exordium Wildlife","floor":8,"turns":5},{"damage":26,"enemies":"Lagavulin","floor":12,"turns":8},{"damage":0,"enemies":"Red Slaver","floor":13,"turns":4},{"damage":24,"enemies":"Hexaghost","floor":16,"turns":9},{"damage":3,"enemies":"Chosen","floor":18,"turns":3}],"seed_played":"8968284954777711541","potions_obtained":[{"floor":1,"key":"SkillPotion"},{"floor":3,"key":"PowerPotion"},{"floor":13,"key":"FearPotion"},{"floor":16,"key":"Energy Potion"},{"floor":17,"key":"SkillPotion"}],"is_trial":false,"path_per_floor":["?","?"],"character_chosen":"THE_SILENT","items_purchased":["Footwork"],"campfire_rested":2,"item_purchase_floors":[10],"current_hp_per_floor":[59,59,59,59,59,59,41,26,26,26,47,21,21,21,42,18,62,59],"gold":227,"neow_bonus":"TRANSFORM_TWO_CARDS","is_prod":false,"is_daily":false,"chose_seed":false,"campfire_upgraded":1,"win_rate":0,"timestamp":1548948278,"path_taken":["M","?","M","M","M","R","E","M","T","$","R","E","M","?","R","BOSS","M"],"build_version":"2019-01-23","purchased_purges":0,"victory":false,"max_hp_per_floor":[70,70,70,70,70,70,70,70,70,70,70,70,70,70,70,70,75,75],"card_choices":[{"not_picked":["Distraction","Acrobatics"],"picked":"Dagger Spray","floor":1},{"not_picked":["Dagger Spray","Slice"],"picked":"PiercingWail","floor":3},{"not_picked":["Dagger Spray","PiercingWail"],"picked":"Poisoned Stab","floor":4},{"not_picked":["Slice","Prepared"],"picked":"Dodge and Roll","floor":5},{"not_picked":["Caltrops","Flying Knee"],"picked":"Dagger Throw","floor":7},{"not_picked":["Acrobatics","Deflect"],"picked":"Backflip","floor":8},{"not_picked":["PiercingWail","Setup"],"picked":"Caltrops","floor":12},{"not_picked":["Bane","Dodge and Roll"],"picked":"Grand Finale","floor":13},{"not_picked":["Adrenaline","Storm of Steel"],"picked":"Bullet Time","floor":16},{"not_picked":["Dodge and Roll","Escape Plan"],"picked":"Choke","floor":17}],"player_experience":170496,"relics_obtained":[{"floor":7,"key":"Dead Branch"},{"floor":9,"key":"Snake Skull"},{"floor":12,"key":"Vajra"}],"event_choices":[{"damage_healed":0,"gold_gain":0,"player_choice":"Left Gold","damage_taken":0,"max_hp_gain":0,"max_hp_loss":0,"event_name":"World of Goop","floor":2,"gold_loss":14},{"damage_healed":0,"gold_gain":0,"player_choice":"Upgraded","damage_taken":0,"max_hp_gain":0,"max_hp_loss":0,"event_name":"Upgrade Shrine","floor":14,"gold_loss":0,"cards_upgraded":["Caltrops"]}],"is_beta":false,"boss_relics":[{"not_picked":["Calling Bell","Busted Crown"],"picked":"Tiny House"}],"items_purged_floors":[],"is_endless":false,"potions_floor_spawned":[1,3,13,16],"killed_by":"Chosen","ascension_level":6}