{"gold_per_floor":[114,130,6,22,22,56,76,136,159,159,173,98,110,135,135,209,209,180,39,58,58,58,84,84,100,100,150,161,211,243,243,255,345,357,385,412,448,460,482,520,544,556,620,642,654,692,723,761,773,785,797],"floor_reached":51,"playtime":6508,"items_purged":[],"score":1619,"play_id":"83f860f6-698f-4d61-8c84-fa62b6d4be25","local_time":"20190122123817","is_ascension_mode":true,"campfire_choices":[{"floor":15.0,"key":"REST"},{"data":"Wraith Form v2","floor":24.0,"key":"SMITH"},{"data":"Well Laid Plans","floor":32.0,"key":"SMITH"},{"data":"Wraith Form v2","floor":42.0,"key":"SMITH"},{"floor":49,"key":"RECALL"}],"neow_cost":"NONE","seed_source_timestamp":0,"circlet_count":0,"master_deck":["AscendersBane","Survivor","Neutralize","Dagger Spray","Backstab","Footwork","Quick Slash","Dodge and Roll+1","Predator","PiercingWail","Bouncing Flask","Envenom","Burst","Leg Sweep","PiercingWail","Night Terror","Leg Sweep+1","Doppelganger","Wraith Form v2+1","Endless Agony","Backflip","Well Laid Plans+1","Flechettes","Corpse Explosion","PiercingWail","Well Laid Plans","Wraith Form v2+1","Crippling Poison+1","Deadly Poison+1","Bouncing Flask+1","Calculated Gamble+1"],"special_seed":0,"relics":["Ring of the Snake","PreservedInsect","WarpedTongs","Potion Belt","Tiny Chest","Juzu Bracelet","Ancient Tea Set","Pandora\u0027s Box","War Paint","Matryoshka","Omamori","Blood Vial","Calipers","MawBank","Cursed Key","Mercury Hourglass","Oddly Smooth Stone","Strawberry","Bag of Preparation"],"potions_floor_usage":[50,50,51,51],"damage_taken":[{"damage":1.0,"enemies":"2 Louse","floor":1.0,"turns":5.0},{"damage":1.0,"enemies":"Cultist","floor":2.0,"turns":5.0},{"damage":0.0,"enemies":"Small Slimes","floor":4.0,"turns":3.0},{"damage":19.0,"enemies":"Lagavulin","floor":6.0,"turns":9.0},{"damage":0.0,"enemies":"2 Fungi Beasts","floor":7.0,"turns":2.0},{"damage":7.0,"enemies":"3 Sentries","floor":8.0,"turns":6.0},{"damage":1.0,"enemies":"Blue Slaver","floor":11.0,"turns":3.0},{"damage":0.0,"enemies":"Lots of Slimes","floor":13.0,"turns":3.0},{"damage":6.0,"enemies":"Lagavulin","floor":14.0,"turns":8.0},{"damage":19.0,"enemies":"The Guardian","floor":16.0,"turns":13.0},{"damage":3.0,"enemies":"2 Thieves","floor":18.0,"turns":4.0},{"damage":0.0,"enemies":"3 Byrds","floor":20.0,"turns":8.0},{"damage":23.0,"enemies":"Book of Stabbing","floor":23.0,"turns":6.0},{"damage":1.0,"enemies":"Snecko","floor":25.0,"turns":5.0},{"damage":4.0,"enemies":"Centurion and Healer","floor":28.0,"turns":6.0},{"damage":11.0,"enemies":"Gremlin Leader","floor":30.0,"turns":10.0},{"damage":27.0,"enemies":"Champ","floor":33.0,"turns":18.0},{"damage":2.0,"enemies":"Orb Walker","floor":35.0,"turns":6.0},{"damage":1.0,"enemies":"3 Shapes","floor":36.0,"turns":4.0},{"damage":0.0,"enemies":"3 Darklings","floor":39.0,"turns":3.0},{"damage":0.0,"enemies":"Reptomancer","floor":40.0,"turns":7.0},{"damage":2.0,"enemies":"4 Shapes","floor":41.0,"turns":4.0},{"damage":1.0,"enemies":"Writhing Mass","floor":44.0,"turns":6.0},{"damage":23.0,"enemies":"Nemesis","floor":46.0,"turns":7.0},{"damage":4.0,"enemies":"3 Darklings","floor":47.0,"turns":3.0},{"damage":29,"enemies":"Giant Head","floor":48,"turns":10},{"damage":5,"enemies":"Donu and Deca","floor":50,"turns":15},{"damage":25,"enemies":"Awakened One","floor":51,"turns":6}],"seed_played":"-588922647518590241","potions_obtained":[{"floor":6.0,"key":"GamblersBrew"},{"floor":7.0,"key":"SneckoOil"},{"floor":8.0,"key":"SkillPotion"},{"floor":13.0,"key":"Fire Potion"},{"floor":16.0,"key":"Ancient Potion"},{"floor":18.0,"key":"Regen Potion"},{"floor":20.0,"key":"SpeedPotion"},{"floor":25.0,"key":"Regen Potion"},{"floor":33.0,"key":"SteroidPotion"},{"floor":41.0,"key":"Fruit Juice"},{"floor":44.0,"key":"Block Potion"},{"floor":46.0,"key":"EssenceOfSteel"},{"floor":48,"key":"Dexterity Potion"}],"is_trial":false,"path_per_floor":["M","M","$","M","?","E","M","E","T","?","M","?","M","E","R","B",null,"M","$","M","?","?","E","R","M","T","?","M","T","E","?","R","B",null,"M","M","T","$","M","E","M","R","T","M","$","E","M","E","R","B","B"],"character_chosen":"THE_SILENT","items_purchased":["Footwork","GhostInAJar","Well Laid Plans","PowerPotion"],"campfire_rested":1,"item_purchase_floors":[3,3,19,19],"current_hp_per_floor":[58,57,57,57,57,38,38,31,31,31,30,30,30,24,43,24,56,53,53,53,53,53,30,30,29,29,29,40,40,31,31,31,6,51,51,52,52,52,54,56,61,61,68,69,69,48,46,19,19,16,0],"gold":797,"neow_bonus":"RANDOM_COMMON_RELIC","is_prod":false,"is_daily":false,"chose_seed":false,"campfire_upgraded":3,"win_rate":0,"timestamp":1548157097,"path_taken":["M","M","$","M","?","E","?","E","T","?","M","?","M","E","R","BOSS","M","$","M","?","?","E","R","M","T","?","M","?","E","?","R","BOSS","M","M","?","$","M","E","M","R","T","M","$","E","M","E","R","BOSS","BOSS"],"build_version":"2019-01-17v2","purchased_purges":0,"victory":false,"max_hp_per_floor":[66,66,66,66,66,66,66,66,66,66,66,66,66,66,66,66,66,66,66,66,66,66,66,66,66,66,66,66,66,66,66,66,66,66,66,66,66,66,66,66,71,71,78,78,78,78,78,78,78,78,78],"card_choices":[{"not_picked":["Cloak And Dagger","Deflect"],"picked":"Dagger Spray","floor":1.0},{"not_picked":["Escape Plan","Calculated Gamble"],"picked":"Backstab","floor":2.0},{"not_picked":["Calculated Gamble","Reflex"],"picked":"Quick Slash","floor":4.0},{"not_picked":["Underhanded Strike","Masterful Stab","Outmaneuver"],"picked":"SKIP","floor":6.0},{"not_picked":["Distraction","Heel Hook"],"picked":"Dodge and Roll","floor":7.0},{"not_picked":["Distraction","Burst"],"picked":"Predator","floor":8.0},{"not_picked":["Concentrate","Flying Knee"],"picked":"PiercingWail","floor":11.0},{"not_picked":["Flying Knee","Concentrate","Distraction"],"picked":"SKIP","floor":13.0},{"not_picked":["Dagger Spray","Cloak And Dagger"],"picked":"Bouncing Flask","floor":14.0},{"not_picked":["Phantasmal Killer","Doppelganger"],"picked":"Envenom","floor":16.0},{"not_picked":["Prepared","Distraction"],"picked":"Backflip","floor":18.0},{"not_picked":["Leg Sweep","Blade Dance"],"picked":"Flechettes","floor":20.0},{"not_picked":["Backflip+1","PiercingWail"],"picked":"Corpse Explosion","floor":23.0},{"not_picked":["Slice","Dagger Throw"],"picked":"PiercingWail","floor":25.0},{"not_picked":["Deflect","Riddle With Holes"],"picked":"Well Laid Plans","floor":28.0},{"not_picked":["Flechettes+1","Tactician+1","Underhanded Strike"],"picked":"SKIP","floor":30.0},{"not_picked":["Corpse Explosion","Malaise"],"picked":"Wraith Form v2","floor":33.0},{"not_picked":["Deflect","Flying Knee","Quick Slash"],"picked":"SKIP","floor":35.0},{"not_picked":["Distraction+1","Flechettes","Dagger Spray"],"picked":"SKIP","floor":36.0},{"not_picked":["Blade Dance","Well Laid Plans+1"],"picked":"Crippling Poison+1","floor":39.0},{"not_picked":["PiercingWail","Deflect"],"picked":"Deadly Poison+1","floor":40.0},{"not_picked":["Riddle With Holes","Flying Knee+1"],"picked":"Bouncing Flask+1","floor":41.0},{"not_picked":["Underhanded Strike","Acrobatics","Choke"],"picked":"SKIP","floor":44.0},{"not_picked":["Backstab","Flechettes","Footwork"],"picked":"SKIP","floor":46.0},{"not_picked":["Slice","Storm of Steel","Deadly Poison+1"],"picked":"SKIP","floor":47.0},{"not_picked":["Backflip","Poisoned Stab"],"picked":"Calculated Gamble+1","floor":48}],"player_experience":1911525,"relics_obtained":[{"floor":6.0,"key":"Potion Belt"},{"floor":8.0,"key":"Tiny Chest"},{"floor":9.0,"key":"Juzu Bracelet"},{"floor":14.0,"key":"Ancient Tea Set"},{"floor":23.0,"key":"War Paint"},{"floor":26.0,"key":"Matryoshka"},{"floor":29.0,"key":"Omamori"},{"floor":29.0,"key":"Blood Vial"},{"floor":30.0,"key":"Calipers"},{"floor":37.0,"key":"Mercury Hourglass"},{"floor":40.0,"key":"Oddly Smooth Stone"},{"floor":43.0,"key":"Strawberry"},{"floor":46.0,"key":"Bag of Preparation"}],"event_choices":[{"damage_healed":0.0,"max_hp_gain":0.0,"max_hp_loss":0.0,"gold_gain":0.0,"event_name":"Accursed Blacksmith","player_choice":"Rummage","floor":5.0,"gold_loss":0.0,"damage_taken":0.0,"relics_obtained":["WarpedTongs"],"cards_obtained":["Pain"]},{"damage_healed":0.0,"max_hp_gain":0.0,"max_hp_loss":0.0,"gold_gain":0.0,"event_name":"Shining Light","player_choice":"Ignored","floor":10.0,"gold_loss":0.0,"damage_taken":0.0},{"cards_removed":["Pain"],"damage_healed":0.0,"max_hp_gain":0.0,"max_hp_loss":0.0,"gold_gain":0.0,"event_name":"The Cleric","player_choice":"Card Removal","floor":12.0,"gold_loss":75.0,"damage_taken":0.0},{"cards_removed":["Concentrate"],"damage_healed":0.0,"max_hp_gain":0.0,"max_hp_loss":0.0,"gold_gain":0.0,"event_name":"Back to Basics","player_choice":"Elegance","floor":21.0,"gold_loss":0.0,"damage_taken":0.0},{"damage_healed":0.0,"max_hp_gain":0.0,"max_hp_loss":0.0,"gold_gain":0.0,"event_name":"Purifier","player_choice":"Ignored","floor":22.0,"gold_loss":0.0,"damage_taken":0.0},{"damage_healed":0.0,"max_hp_gain":0.0,"max_hp_loss":0.0,"gold_gain":50.0,"event_name":"Nest","player_choice":"Stole From Cult","floor":27.0,"gold_loss":0.0,"damage_taken":0.0},{"cards_removed":["Blur"],"damage_healed":0.0,"max_hp_gain":0.0,"max_hp_loss":0.0,"gold_gain":0.0,"event_name":"WeMeetAgain","player_choice":"Gave Card","floor":31.0,"gold_loss":0.0,"damage_taken":0.0,"relics_obtained":["MawBank"]}],"is_beta":false,"boss_relics":[{"not_picked":["Lizard Tail","HoveringKite"],"picked":"Pandora\u0027s Box"},{"not_picked":["Black Star","WristBlade"],"picked":"Cursed Key"}],"items_purged_floors":[],"is_endless":false,"potions_floor_spawned":[6,7,8,13,16,18,20,25,33,41,44,46,48],"killed_by":"Awakened One","ascension_level":20}