{"gold_per_floor":[111,124,124,68,87,87,120,134,187,187,213,213,97,111,111,183,183,196,176,188,24,24],"floor_reached":22,"playtime":814,"items_purged":[],"score":388,"play_id":"0e4949e1-baa1-442b-b044-fc3d47900f2d","local_time":"20190111144111","is_ascension_mode":true,"campfire_choices":[{"data":"Perfected Strike","floor":6,"key":"SMITH"},{"data":"Demon Form","floor":10,"key":"SMITH"},{"data":"Bash","floor":12,"key":"SMITH"},{"data":"Sword Boomerang","floor":15,"key":"SMITH"}],"neow_cost":"TEN_PERCENT_HP_LOSS","seed_source_timestamp":346476490895227,"circlet_count":0,"master_deck":["AscendersBane","Strike_R","Strike_R","Strike_R","Strike_R","Strike_R","Defend_R","Defend_R","Defend_R","Defend_R","Bash+1","Cleave","Pommel Strike","True Grit","Perfected Strike+1","Demon Form+1","Corruption","Shrug It Off","Infernal Blade","Sword Boomerang+1","Reaper","True Grit","Headbutt+1","Limit Break"],"relics":["Burning Blood","Mango","Pantograph","PreservedInsect","Smiling Mask","Fusion Hammer"],"potions_floor_usage":[7,16,20,20],"damage_taken":[{"damage":18,"enemies":"Small Slimes","floor":1,"turns":4},{"damage":7,"enemies":"Cultist","floor":2,"turns":4},{"damage":1,"enemies":"2 Louse","floor":5,"turns":4},{"damage":18,"enemies":"3 Sentries","floor":7,"turns":7},{"damage":5,"enemies":"Looter","floor":8,"turns":3},{"damage":8,"enemies":"Gremlin Nob","floor":11,"turns":3},{"damage":8,"enemies":"3 Louse","floor":14,"turns":4},{"damage":31,"enemies":"Slime Boss","floor":16,"turns":8},{"damage":46,"enemies":"Shell Parasite","floor":18,"turns":8},{"damage":41,"enemies":"3 Byrds","floor":20,"turns":6},{"damage":47,"enemies":"Shelled Parasite and Fungi","floor":22,"turns":4}],"seed_played":"8658659177921978399","potions_obtained":[{"floor":7,"key":"GamblersBrew"},{"floor":8,"key":"Explosive Potion"},{"floor":14,"key":"SteroidPotion"},{"floor":19,"key":"BloodPotion"},{"floor":20,"key":"SteroidPotion"}],"is_trial":false,"path_per_floor":["M","M","?","$","M","R","E","M","T","R","E","R","$","M","R","B",null,"M","?","M","$","M"],"character_chosen":"IRONCLAD","items_purchased":["Fire Potion","Shrug It Off","Infernal Blade","Limit Break"],"campfire_rested":0,"item_purchase_floors":[4,13,13,21],"current_hp_per_floor":[70,69,69,69,74,74,62,63,63,63,61,61,61,59,59,57,76,61,61,46,46,0],"gold":24,"neow_bonus":"ONE_RARE_RELIC","is_prod":false,"is_daily":false,"chose_seed":false,"campfire_upgraded":4,"win_rate":0,"timestamp":1547214071,"path_taken":["M","M","?","?","M","R","E","M","T","R","E","R","$","M","R","BOSS","M","?","M","$","M"],"build_version":"2019-01-10","purchased_purges":0,"victory":false,"max_hp_per_floor":[82,82,82,82,82,82,82,82,82,82,82,82,82,82,82,82,82,82,82,82,82,82],"card_choices":[{"not_picked":["Heavy Blade","Armaments"],"picked":"Cleave","floor":1},{"not_picked":["Disarm","Cleave"],"picked":"Pommel Strike","floor":2},{"not_picked":["Body Slam","Searing Blow"],"picked":"Perfected Strike","floor":5},{"not_picked":["Body Slam","Ghostly Armor","Warcry"],"picked":"SKIP","floor":7},{"not_picked":["Disarm","Perfected Strike"],"picked":"Demon Form","floor":8},{"not_picked":["True Grit","Perfected Strike"],"picked":"Corruption","floor":11},{"not_picked":["Twin Strike","Bloodletting"],"picked":"Sword Boomerang","floor":14},{"not_picked":["Feed","Offering"],"picked":"Reaper","floor":16},{"not_picked":["Sword Boomerang","Armaments"],"picked":"True Grit","floor":18},{"not_picked":["Anger","Pommel Strike"],"picked":"Headbutt+1","floor":20}],"player_experience":1872675,"relics_obtained":[{"floor":7,"key":"Pantograph"},{"floor":9,"key":"PreservedInsect"},{"floor":11,"key":"Smiling Mask"}],"event_choices":[{"damage_healed":0,"gold_gain":0,"player_choice":"1 cards matched","damage_taken":0,"max_hp_gain":0,"max_hp_loss":0,"event_name":"Match and Keep!","floor":3,"gold_loss":0,"cards_obtained":["True Grit"]},{"damage_healed":0,"gold_gain":0,"player_choice":"Bought 1 Potion","damage_taken":0,"max_hp_gain":0,"max_hp_loss":0,"event_name":"The Woman in Blue","floor":19,"gold_loss":0}],"is_beta":false,"boss_relics":[{"not_picked":["Eternal Feather","Runic Cube"],"picked":"Fusion Hammer"}],"items_purged_floors":[],"is_endless":false,"potions_floor_spawned":[7,8,11,14,20],"killed_by":"Shelled Parasite and Fungi","ascension_level":20}