{"gold_per_floor":[109,109,123,134,144,144,155,155,178,211,233,256,282,307,319,430,442,472,484,510,522,553,584,596,619,631,643,196,210,210,222,222,321,321,331,343,343,50,70,70,88,40,40,40,40,40,40,50,50,50],"floor_reached":51,"playtime":4241,"items_purged":["Strike_R","Strike_R"],"score":752,"play_id":"6542352a-a99d-407a-a9de-000924cdbd1b","local_time":"20190214005047","is_ascension_mode":true,"campfire_choices":[{"data":"Armaments","floor":6,"key":"SMITH"},{"data":"Limit Break","floor":8,"key":"SMITH"},{"floor":15,"key":"REST"},{"data":"True Grit","floor":24,"key":"SMITH"},{"floor":27,"key":"REST"},{"floor":30,"key":"REST"},{"floor":32,"key":"REST"},{"floor":40,"key":"REST"},{"floor":45,"key":"REST"},{"floor":49,"key":"REST"}],"neow_cost":"NONE","seed_source_timestamp":206307715710400,"circlet_count":0,"master_deck":["Strike_R","Strike_R","Defend_R","Defend_R","Defend_R","Defend_R","Bash","Heavy Blade","Iron Wave","Warcry","Inflame","Armaments+1","Spot Weakness","Limit Break+1","Heavy Blade","Cleave","Rampage","Whirlwind","Ghostly Armor","Double Tap","Infernal Blade","RitualDagger","Ghostly Armor","Armaments+1","Headbutt","True Grit+1","Pummel","Feel No Pain","Armaments","Shrug It Off+1","Demon Form","Shrug It Off+1","Disarm","Sever Soul","Shockwave+1","Body Slam","Doubt"],"relics":["Burning Blood","Happy Flower","MawBank","Velvet Choker","Tiny Chest","Runic Cube","Red Skull","Regal Pillow","Boot"],"potions_floor_usage":[7,10,10,16,16,20,22,29,29,29,31,33,33,39,50],"damage_taken":[{"damage":12,"enemies":"2 Louse","floor":1,"turns":3},{"damage":1,"enemies":"Cultist","floor":3,"turns":3},{"damage":7,"enemies":"Jaw Worm","floor":4,"turns":4},{"damage":20,"enemies":"Exordium Thugs","floor":5,"turns":6},{"damage":10,"enemies":"Large Slime","floor":7,"turns":6},{"damage":23,"enemies":"3 Sentries","floor":10,"turns":6},{"damage":8,"enemies":"Red Slaver","floor":11,"turns":3},{"damage":6,"enemies":"Looter","floor":12,"turns":3},{"damage":10,"enemies":"2 Fungi Beasts","floor":13,"turns":3},{"damage":5,"enemies":"Red Slaver","floor":14,"turns":3},{"damage":18,"enemies":"The Guardian","floor":16,"turns":7},{"damage":0,"enemies":"Spheric Guardian","floor":18,"turns":3},{"damage":15,"enemies":"2 Thieves","floor":20,"turns":4},{"damage":9,"enemies":"3 Cultists","floor":22,"turns":5},{"damage":19,"enemies":"Sentry and Sphere","floor":23,"turns":4},{"damage":34,"enemies":"Shelled Parasite and Fungi","floor":25,"turns":6},{"damage":26,"enemies":"Snake Plant","floor":29,"turns":4},{"damage":6,"enemies":"Chosen and Byrds","floor":31,"turns":6},{"damage":64,"enemies":"Automaton","floor":33,"turns":11},{"damage":30,"enemies":"Orb Walker","floor":35,"turns":3},{"damage":41,"enemies":"3 Shapes","floor":36,"turns":4},{"damage":10,"enemies":"Transient","floor":39,"turns":5},{"damage":36,"enemies":"4 Shapes","floor":41,"turns":12},{"damage":44,"enemies":"Spire Growth","floor":48,"turns":6},{"damage":34,"enemies":"Awakened One","floor":50,"turns":10}],"seed_played":"7981947089682992746","potions_obtained":[{"floor":4,"key":"LiquidBronze"},{"floor":5,"key":"PowerPotion"},{"floor":7,"key":"Fire Potion"},{"floor":13,"key":"Fire Potion"},{"floor":14,"key":"Weak Potion"},{"floor":18,"key":"Explosive Potion"},{"floor":20,"key":"Block Potion"},{"floor":29,"key":"SkillPotion"},{"floor":31,"key":"Ancient Potion"},{"floor":36,"key":"PowerPotion"},{"floor":48,"key":"Swift Potion"}],"is_trial":false,"path_per_floor":["M","?","M","M","M","R","M","R","T","E","M","M","M","M","R","B",null,"M","?","M","?","M","M","R","M","T","R","$","M","R","M","R","B",null,"M","M","?","$","M","R","M","$","T","$","R","?","?","M","R","B",null],"character_chosen":"IRONCLAD","items_purchased":["Tiny Chest","PowerPotion","EntropicBrew","Dexterity Potion","Feel No Pain","Regal Pillow","Sever Soul","Block Potion"],"campfire_rested":7,"item_purchase_floors":[28,28,28,28,28,38,38,42],"current_hp_per_floor":[74,74,79,78,64,64,60,60,60,43,41,41,37,38,62,50,80,80,74,65,65,62,49,49,21,21,45,45,25,49,49,73,15,80,56,21,21,21,17,56,26,26,26,26,65,80,80,42,80,52],"gold":50,"neow_bonus":"THREE_CARDS","is_prod":false,"is_daily":false,"chose_seed":false,"campfire_upgraded":3,"win_rate":0,"timestamp":1550123447,"path_taken":["M","?","M","M","M","R","M","R","T","E","M","M","?","M","R","BOSS","M","?","M","?","M","M","R","M","T","R","$","?","R","M","R","BOSS","M","M","?","$","M","R","?","?","T","$","R","?","?","?","R","BOSS"],"build_version":"2019-01-23","purchased_purges":2,"victory":true,"max_hp_per_floor":[80,80,80,80,80,80,80,80,80,80,80,80,80,80,80,80,80,80,80,80,80,80,80,80,80,80,80,80,80,80,80,80,80,80,80,80,80,80,80,80,80,80,80,80,80,80,80,80,80,80],"card_choices":[{"not_picked":["Anger","Evolve"],"picked":"Heavy Blade","floor":0},{"not_picked":["Heavy Blade","Perfected Strike"],"picked":"Iron Wave","floor":1},{"not_picked":["Second Wind","Twin Strike"],"picked":"Inflame","floor":3},{"not_picked":["Cleave","Heavy Blade"],"picked":"Armaments","floor":4},{"not_picked":["Havoc","Battle Trance"],"picked":"Spot Weakness","floor":5},{"not_picked":["Inflame","Heavy Blade"],"picked":"Limit Break","floor":7},{"not_picked":["Twin Strike","Wild Strike"],"picked":"Heavy Blade","floor":10},{"not_picked":["Perfected Strike","Blood for Blood"],"picked":"Cleave","floor":11},{"not_picked":["Flex","Rage"],"picked":"Rampage","floor":12},{"not_picked":["Intimidate","Burning Pact"],"picked":"Whirlwind","floor":13},{"not_picked":["Evolve","Havoc"],"picked":"Ghostly Armor","floor":14},{"not_picked":["Bludgeon","Brutality"],"picked":"Double Tap","floor":16},{"not_picked":["Anger","Clash"],"picked":"Infernal Blade","floor":18},{"not_picked":["Perfected Strike","Clothesline"],"picked":"Ghostly Armor","floor":20},{"not_picked":["Flex","Wild Strike+1"],"picked":"Headbutt","floor":22},{"not_picked":["Perfected Strike","Evolve"],"picked":"True Grit","floor":23},{"not_picked":["Feel No Pain","Double Tap"],"picked":"Pummel","floor":25},{"not_picked":["Combust","Clash"],"picked":"Armaments","floor":29},{"not_picked":["Cleave","Body Slam"],"picked":"Shrug It Off+1","floor":31},{"not_picked":["Immolate","Double Tap"],"picked":"Demon Form","floor":33},{"not_picked":["Armaments+1","Evolve+1"],"picked":"Shrug It Off","floor":35},{"not_picked":["Flex","Armaments+1"],"picked":"Disarm","floor":36},{"not_picked":["Havoc+1","Impervious"],"picked":"Shockwave+1","floor":39},{"not_picked":["Sentinel","Hemokinesis"],"picked":"Body Slam","floor":41},{"not_picked":["Anger+1","Warcry+1","Reckless Charge"],"picked":"SKIP","floor":48}],"player_experience":105801,"relics_obtained":[{"floor":9,"key":"Happy Flower"},{"floor":10,"key":"MawBank"},{"floor":43,"key":"Boot"}],"event_choices":[{"damage_healed":0,"gold_gain":0,"cards_transformed":["Strike_R"],"player_choice":"Transformed","damage_taken":0,"max_hp_gain":0,"max_hp_loss":0,"event_name":"Transmorgrifier","floor":2,"gold_loss":0,"cards_obtained":["Warcry"]},{"damage_healed":0,"gold_gain":0,"player_choice":"Joined the Cult","damage_taken":6,"max_hp_gain":0,"max_hp_loss":0,"event_name":"Nest","floor":19,"gold_loss":0,"cards_obtained":["RitualDagger"]},{"damage_healed":0,"gold_gain":0,"player_choice":"Copied","damage_taken":0,"max_hp_gain":0,"max_hp_loss":0,"event_name":"Duplicator","floor":21,"gold_loss":0,"cards_obtained":["Armaments"]},{"damage_healed":0,"gold_gain":0,"player_choice":"Gave Potion","damage_taken":0,"relics_obtained":["Red Skull"],"max_hp_gain":0,"max_hp_loss":0,"event_name":"WeMeetAgain","floor":37,"gold_loss":0},{"damage_healed":15,"gold_gain":0,"player_choice":"Heal","damage_taken":0,"max_hp_gain":0,"max_hp_loss":0,"event_name":"MindBloom","floor":46,"gold_loss":0,"cards_obtained":["Doubt"]},{"damage_healed":0,"gold_gain":0,"player_choice":"Upgraded","damage_taken":0,"max_hp_gain":0,"max_hp_loss":0,"event_name":"Upgrade Shrine","floor":47,"gold_loss":0,"cards_upgraded":["Shrug It Off"]}],"is_beta":false,"boss_relics":[{"not_picked":["Sozu","Orrery"],"picked":"Velvet Choker"},{"not_picked":["Calling Bell","Busted Crown"],"picked":"Runic Cube"}],"items_purged_floors":[28,38],"is_endless":false,"potions_floor_spawned":[4,5,7,13,14,18,20,29,31,36,48],"ascension_level":3}