{"gold_per_floor":[109,122,134,97,97,429,429,429,429,429,462,612,393,405,405,479,479,489,167,180,196,212,212,243,243,243,243,65,65,65,91,91,165,165,183,202,222,141,154,189,189,199,275,275,287,287,287],"floor_reached":47,"playtime":2883,"items_purged":["Doubt","Strike_R","Strike_R"],"score":1037,"play_id":"a3fbcb10-6437-4145-b156-376753f42e31","local_time":"20180719161446","is_ascension_mode":true,"campfire_choices":[{"data":"Uppercut","floor":7.0,"key":"SMITH"},{"data":"Inflame","floor":10.0,"key":"SMITH"},{"data":"Body Slam","floor":15.0,"key":"SMITH"},{"data":"Inflame","floor":23.0,"key":"SMITH"},{"data":"Whirlwind","floor":25.0,"key":"SMITH"},{"data":"Metallicize","floor":29.0,"key":"SMITH"},{"data":"Immolate","floor":32.0,"key":"SMITH"},{"data":"True Grit","floor":41,"key":"SMITH"},{"floor":44,"key":"REST"}],"neow_cost":"NONE","seed_source_timestamp":0,"circlet_count":0,"master_deck":["Strike_R","Strike_R","Defend_R","Defend_R","Defend_R","Defend_R","AscendersBane","Uppercut+1","Body Slam+1","Feel No Pain","Inflame+1","Seeing Red","Pummel","Shockwave","Iron Wave","Immolate+1","Metallicize+1","Whirlwind+1","Inflame+1","Double Tap","Shrug It Off","Shrug It Off","Barricade","Flame Barrier","Entrench","Headbutt","Entrench","True Grit+1","Second Wind"],"special_seed":0,"relics":["Burning Blood","Ancient Tea Set","Old Coin","Thread and Needle","Bottled Flame","Blood Vial","Sozu","Orichalcum","Kunai","Bottled Tornado","Champion Belt","Mark of Pain","Red Skull","Smiling Mask"],"potions_floor_usage":[],"damage_taken":[{"damage":5.0,"enemies":"Small Slimes","floor":1.0,"turns":4.0},{"damage":6.0,"enemies":"Cultist","floor":2.0,"turns":3.0},{"damage":13.0,"enemies":"Jaw Worm","floor":3.0,"turns":6.0},{"damage":47.0,"enemies":"Lagavulin","floor":6.0,"turns":9.0},{"damage":4.0,"enemies":"3 Sentries","floor":11.0,"turns":7.0},{"damage":0.0,"enemies":"Looter","floor":14.0,"turns":4.0},{"damage":10.0,"enemies":"The Guardian","floor":16.0,"turns":10.0},{"damage":3.0,"enemies":"Chosen","floor":18.0,"turns":4.0},{"damage":0.0,"enemies":"3 Byrds","floor":20.0,"turns":4.0},{"damage":13.0,"enemies":"Snake Plant","floor":21.0,"turns":5.0},{"damage":0.0,"enemies":"Centurion and Healer","floor":22.0,"turns":5.0},{"damage":3.0,"enemies":"Book of Stabbing","floor":24.0,"turns":5.0},{"damage":0.0,"enemies":"Slavers","floor":31.0,"turns":5.0},{"damage":27.0,"enemies":"Automaton","floor":33.0,"turns":12.0},{"damage":5.0,"enemies":"3 Shapes","floor":35.0,"turns":3.0},{"damage":3.0,"enemies":"Flame Bruiser 1 Orb","floor":36.0,"turns":4.0},{"damage":0.0,"enemies":"Maw","floor":37.0,"turns":7.0},{"damage":47,"enemies":"Flame Bruiser 2 Orb","floor":39,"turns":5},{"damage":0,"enemies":"Giant Head","floor":40,"turns":12},{"damage":33,"enemies":"Transient","floor":42,"turns":5},{"damage":17,"enemies":"Spire Growth","floor":45,"turns":6},{"damage":41,"enemies":"Sphere and 2 Shapes","floor":47,"turns":3}],"seed_played":"6245841830785587296","potions_obtained":[{"floor":1.0,"key":"PowerPotion"},{"floor":14.0,"key":"AttackPotion"}],"is_trial":false,"path_per_floor":["M","M","M","$","?","E","R","?","T","R","E","?","$","M","R","B",null,"M","$","M","M","M","R","E","R","T","?","$","R","?","E","R","B",null,"M","M","M","$","M","E","R","M","T","R","M","?"],"character_chosen":"IRONCLAD","items_purchased":["Inflame","Blood Vial","Orichalcum","Whirlwind","Shrug It Off","Entrench"],"campfire_rested":1,"item_purchase_floors":[4,13,19,19,28,38],"current_hp_per_floor":[69,69,62,62,62,21,21,21,21,21,23,23,23,31,31,29,64,69,69,75,68,75,75,75,75,75,75,75,75,68,75,75,54,70,73,75,75,75,34,42,42,17,17,39,30,30,0],"gold":287,"neow_bonus":"RANDOM_COMMON_RELIC","is_prod":false,"is_daily":false,"chose_seed":false,"campfire_upgraded":8,"win_rate":0,"timestamp":1532009686,"path_taken":["M","M","M","$","?","E","R","?","T","R","E","?","$","M","R","BOSS","M","$","M","M","M","R","E","R","T","?","$","R","?","E","R","BOSS","M","M","M","$","M","E","R","M","T","R","M","?","M"],"build_version":"2018-07-12","purchased_purges":3,"victory":false,"max_hp_per_floor":[75,75,75,75,75,75,75,75,75,75,75,75,75,75,75,75,75,75,75,75,75,75,75,75,75,75,75,75,75,75,75,75,75,75,75,75,75,75,75,75,75,75,75,75,75,75,75],"card_choices":[{"not_picked":["Flex","Clothesline"],"picked":"Uppercut","floor":1.0},{"not_picked":["Bloodletting","Iron Wave"],"picked":"Body Slam","floor":2.0},{"not_picked":["Sword Boomerang","Flex"],"picked":"Feel No Pain","floor":3.0},{"not_picked":["Sentinel","Flex"],"picked":"Pummel","floor":6.0},{"not_picked":["Pummel","Entrench"],"picked":"Shockwave","floor":11.0},{"not_picked":["Havoc","Cleave"],"picked":"Iron Wave","floor":14.0},{"not_picked":["Impervious","Reaper"],"picked":"Immolate","floor":16.0},{"not_picked":["Flex","Clothesline"],"picked":"Metallicize","floor":18.0},{"not_picked":["Perfected Strike","Sever Soul","Heavy Blade"],"picked":"SKIP","floor":20.0},{"not_picked":["Clothesline","Clash"],"picked":"Inflame","floor":21.0},{"not_picked":["Heavy Blade","Perfected Strike","Thunderclap"],"picked":"SKIP","floor":22.0},{"not_picked":["Searing Blow","Bloodletting"],"picked":"Double Tap","floor":24.0},{"not_picked":["Intimidate","Perfected Strike"],"picked":"Shrug It Off","floor":31.0},{"not_picked":["Fiend Fire","Immolate"],"picked":"Barricade","floor":33.0},{"not_picked":["Wild Strike","Armaments"],"picked":"Flame Barrier","floor":35.0},{"not_picked":["Evolve","Carnage"],"picked":"Entrench","floor":36.0},{"not_picked":["Twin Strike","Armaments"],"picked":"Headbutt","floor":37.0},{"not_picked":["Carnage","Infernal Blade","Twin Strike+1"],"picked":"SKIP","floor":39},{"not_picked":["Immolate","Combust+1"],"picked":"True Grit","floor":40},{"not_picked":["Anger","Sentinel+1","Bloodletting"],"picked":"SKIP","floor":42},{"not_picked":["Rupture","True Grit"],"picked":"Second Wind","floor":45}],"player_experience":1100667,"relics_obtained":[{"floor":6.0,"key":"Old Coin"},{"floor":9.0,"key":"Thread and Needle"},{"floor":11.0,"key":"Bottled Flame"},{"floor":24.0,"key":"Kunai"},{"floor":26.0,"key":"Bottled Tornado"},{"floor":31.0,"key":"Champion Belt"},{"floor":40,"key":"Red Skull"},{"floor":43,"key":"Smiling Mask"}],"event_choices":[{"event_name":"Transmorgrifier","player_choice":"Transform","floor":5.0,"damage_taken":0.0},{"event_name":"Shining Light","player_choice":"Ignored","floor":8.0,"damage_taken":0.0},{"event_name":"Liars Game","player_choice":"agreed","floor":12.0,"damage_taken":0.0},{"event_name":"Ghosts","player_choice":"Ignored","floor":27.0,"damage_taken":0.0},{"event_name":"Knowing Skull","player_choice":"","floor":30.0,"damage_taken":0.0},{"event_name":"Falling","player_choice":"Removed Attack","floor":46,"damage_taken":0}],"boss_relics":[{"not_picked":["Runic Dome","Pandora\u0027s Box"],"picked":"Sozu"},{"not_picked":["White Beast Statue","Lizard Tail"],"picked":"Mark of Pain"}],"items_purged_floors":[13,19,28],"is_endless":false,"potions_floor_spawned":[1,14,18,31,33,36,39,40],"killed_by":"Sphere and 2 Shapes","ascension_level":15}