{"gold_per_floor":[113,113,15,27,27,59,75,75,123,152,152,165,178,194,194,194],"floor_reached":16,"playtime":2472,"items_purged":[],"score":224,"play_id":"73d74831-a413-4631-be4c-689aaea95b8f","local_time":"20181113171226","is_ascension_mode":true,"campfire_choices":[{"data":"Body Slam","floor":8,"key":"SMITH"},{"floor":11,"key":"REST"},{"floor":15,"key":"REST"}],"neow_cost":"NONE","seed_source_timestamp":4349009417594074,"circlet_count":0,"master_deck":["AscendersBane","Strike_R","Strike_R","Strike_R","Strike_R","Strike_R","Defend_R","Defend_R","Defend_R","Defend_R","Bash+1","Exhume","Headbutt","Shrug It Off","Reckless Charge","Anger","Body Slam+1","Whirlwind","Shrug It Off","Entrench","Iron Wave","Intimidate"],"relics":["Burning Blood","Centennial Puzzle","Dream Catcher","Boot"],"potions_floor_usage":[16,16],"damage_taken":[{"damage":3,"enemies":"2 Louse","floor":1,"turns":4},{"damage":9,"enemies":"Jaw Worm","floor":4,"turns":4},{"damage":44,"enemies":"3 Sentries","floor":6,"turns":10},{"damage":1,"enemies":"Cultist","floor":7,"turns":3},{"damage":32,"enemies":"Gremlin Nob","floor":10,"turns":4},{"damage":12,"enemies":"Large Slime","floor":12,"turns":6},{"damage":8,"enemies":"Exordium Wildlife","floor":13,"turns":4},{"damage":12,"enemies":"Gremlin Gang","floor":14,"turns":6},{"damage":39,"enemies":"Hexaghost","floor":16,"turns":8}],"seed_played":"2520083979584009258","potions_obtained":[{"floor":6,"key":"LiquidBronze"},{"floor":10,"key":"AttackPotion"},{"floor":13,"key":"LiquidBronze"}],"is_trial":false,"path_per_floor":["M","?","$","M","?","E","M","R","T","E","R","M","M","M","R","B"],"character_chosen":"IRONCLAD","items_purchased":["Shrug It Off","Reckless Charge"],"campfire_rested":2,"item_purchase_floors":[3,3],"current_hp_per_floor":[71,71,71,68,68,30,35,35,35,9,31,25,23,17,39,0],"gold":194,"neow_bonus":"ONE_RANDOM_RARE_CARD","is_prod":false,"is_daily":false,"chose_seed":false,"campfire_upgraded":1,"win_rate":0,"timestamp":1542125546,"path_taken":["M","?","$","M","?","E","M","R","T","E","R","?","M","M","R","BOSS"],"build_version":"2018-11-08","purchased_purges":0,"victory":false,"max_hp_per_floor":[75,75,75,75,75,75,75,75,75,75,75,75,75,75,75,75],"card_choices":[{"not_picked":["Thunderclap","Warcry"],"picked":"Headbutt","floor":1},{"not_picked":["Fire Breathing","Headbutt"],"picked":"Anger","floor":4},{"not_picked":["Rampage","Bludgeon"],"picked":"Body Slam","floor":6},{"not_picked":["Combust","Thunderclap"],"picked":"Whirlwind","floor":7},{"not_picked":["Dual Wield","Iron Wave"],"picked":"Shrug It Off","floor":10},{"not_picked":["Thunderclap","Pummel"],"picked":"Entrench","floor":11},{"not_picked":["Anger","Flex","Cleave"],"picked":"SKIP","floor":12},{"not_picked":["Flex","Dual Wield","Sever Soul"],"picked":"SKIP","floor":13},{"not_picked":["Barricade","Pummel"],"picked":"Iron Wave","floor":14},{"not_picked":["Reckless Charge","Hemokinesis"],"picked":"Intimidate","floor":15}],"player_experience":1699779,"relics_obtained":[{"floor":6,"key":"Centennial Puzzle"},{"floor":9,"key":"Dream Catcher"},{"floor":10,"key":"Boot"}],"event_choices":[{"damage_healed":0,"gold_gain":0,"player_choice":"Leave","damage_taken":0,"max_hp_gain":0,"max_hp_loss":0,"event_name":"The Cleric","floor":2,"gold_loss":0},{"damage_healed":0,"gold_gain":0,"player_choice":"Forge","damage_taken":0,"max_hp_gain":0,"max_hp_loss":0,"event_name":"Accursed Blacksmith","floor":5,"gold_loss":0,"cards_upgraded":["Bash"]}],"is_beta":false,"boss_relics":[],"items_purged_floors":[],"is_endless":false,"potions_floor_spawned":[6,10,13],"killed_by":"Hexaghost","ascension_level":20}