{"path_per_floor":["M","?","M","?","M","R","M","E","T","M","$","R","E","M","R","B",null,"M","$","M","M","?","R","?","R","T","E","$","R","?","?","R","B",null,"M","?","M","M","$","R","E","?","T","M","?","R","M","M","R","B"],"character_chosen":"IRONCLAD","items_purchased":["Magic Flower","Flex","Bottled Flame"],"gold_per_floor":[12,87,98,98,115,115,125,154,179,189,189,189,223,240,240,337,337,351,39,55,70,70,70,70,70,95,125,80,80,80,80,80,183,183,202,249,262,274,15,15,41,41,66,81,81,81,91,110,110,110],"floor_reached":51,"campfire_rested":2,"playtime":2404,"current_hp_per_floor":[80,69,66,50,50,50,56,46,46,46,46,46,40,48,48,20,84,70,70,79,51,51,51,35,60,60,43,43,43,43,71,71,51,86,81,78,66,77,77,77,55,55,55,40,67,99,102,112,112,35],"items_purged":[],"gold":110,"score":605,"play_id":"6ad41438-f2ac-4949-8680-ce5774270f87","local_time":"20180307002607","is_prod":false,"is_daily":false,"is_ascension_mode":false,"campfire_upgraded":8,"timestamp":1520378767,"path_taken":["M","?","M","?","?","R","M","E","T","M","$","R","E","M","R","BOSS","M","$","M","M","?","R","?","R","T","E","?","R","?","?","R","BOSS","M","?","M","M","$","R","E","?","T","M","?","R","M","M","R","BOSS"],"build_version":"2018-03-01-PROD1","purchased_purges":0,"victory":true,"master_deck":["Strike_R","Strike_R+1","Strike_R+1","Strike_R","Strike_R","Defend_R","Bash+1","Disarm","Pommel Strike+1","Flame Barrier","Infernal Blade+1","Searing Blow+5","Whirlwind+1","Double Tap+1","Flex+1","Rampage+1","Offering","Flex","Offering","Injury","Writhe"],"max_hp_per_floor":[80,80,80,80,80,80,80,80,80,80,80,80,82,84,84,84,84,84,84,84,86,86,86,86,86,86,86,86,86,86,86,86,86,86,88,90,92,94,94,94,106,106,106,108,108,108,110,112,112,112],"relics":["Burning Blood","Juzu Bracelet","Happy Flower","Singing Bowl","Mark of Pain","Magic Flower","Nilry\u0027s Codex","Whetstone","Gremlin Horn","Cursed Key","Calipers","Bottled Flame","Pear","Art of War"],"card_choices":[{"not_picked":["Sever Soul","Rage"],"picked":"Flame Barrier"},{"not_picked":["Warcry","Spot Weakness"],"picked":"Infernal Blade"},{"not_picked":["Flex","Twin Strike"],"picked":"Searing Blow"},{"not_picked":["Havoc","Wild Strike"],"picked":"Whirlwind"},{"not_picked":["Reaper","Impervious"],"picked":"Double Tap"},{"not_picked":["Feel No Pain","Rampage"],"picked":"Flex"},{"not_picked":["Shockwave","Second Wind"],"picked":"Rampage"},{"not_picked":["Thunderclap","Twin Strike"],"picked":"Offering"},{"not_picked":["Fiend Fire","Limit Break"],"picked":"Offering"}],"player_experience":234036,"potions_floor_usage":[10,10,16,33,36,50,50,50],"damage_taken":[{"damage":0,"enemies":"Small Slimes","floor":1,"turns":3},{"damage":9,"enemies":"2 Louse","floor":3,"turns":2},{"damage":6,"enemies":"Jaw Worm","floor":5,"turns":2},{"damage":0,"enemies":"Large Slime","floor":7,"turns":4},{"damage":16,"enemies":"Gremlin Nob","floor":8,"turns":3},{"damage":6,"enemies":"Gremlin Gang","floor":10,"turns":4},{"damage":14,"enemies":"3 Sentries","floor":13,"turns":5},{"damage":0,"enemies":"Exordium Wildlife","floor":14,"turns":2},{"damage":34,"enemies":"The Guardian","floor":16,"turns":12},{"damage":20,"enemies":"2 Thieves","floor":18,"turns":3},{"damage":0,"enemies":"Chosen","floor":20,"turns":4},{"damage":39,"enemies":"Snake Plant","floor":21,"turns":4},{"damage":26,"enemies":"Book of Stabbing","floor":27,"turns":4},{"damage":29,"enemies":"Collector","floor":33,"turns":4},{"damage":16,"enemies":"3 Darklings","floor":35,"turns":2},{"damage":14,"enemies":"Mysterious Sphere","floor":36,"turns":2},{"damage":23,"enemies":"3 Shapes","floor":37,"turns":2},{"damage":0,"enemies":"3 Darklings","floor":38,"turns":2},{"damage":43,"enemies":"Giant Head","floor":41,"turns":6},{"damage":26,"enemies":"Sphere and 2 Shapes","floor":44,"turns":1},{"damage":8,"enemies":"4 Shapes","floor":47,"turns":2},{"damage":0,"enemies":"3 Darklings","floor":48,"turns":1},{"damage":86,"enemies":"Awakened One","floor":50,"turns":7}],"event_choices":[{"event_name":"World of Goop","player_choice":"Gather Gold","floor":2,"damage_taken":0},{"event_name":"Shining Light","player_choice":"Entered Light","floor":4,"damage_taken":0},{"event_name":"Beggar","player_choice":"Ignored","floor":22,"damage_taken":0},{"event_name":"Cursed Tome","player_choice":"Obtained Book","floor":24,"damage_taken":0},{"event_name":"Vampires","player_choice":"Ignored","floor":30,"damage_taken":0},{"event_name":"The Library","player_choice":"Heal","floor":31,"damage_taken":0},{"event_name":"Mysterious Sphere","player_choice":"Fight","floor":36,"damage_taken":0},{"event_name":"Wheel of Change","player_choice":"Card Removal","floor":42,"damage_taken":0},{"event_name":"Winding Halls","player_choice":"Writhe","floor":45,"damage_taken":0}],"boss_relics":[{"not_picked":["Orrery","Astrolabe"],"picked":"Mark of Pain"},{"not_picked":["Black Star","Pandora\u0027s Box"],"picked":"Cursed Key"}],"potions_floor_spawned":[1,3,7,21,27,35,37,41,47],"seed_played":"6880381092296794874","ascension_level":0,"is_trial":false}