{"gold_per_floor":[369,369,383,383,394,394,425,88,88,88,107,107,32,32,32,131,131,146,156,156,156,172,172,198,198,249,249,2,13,13,48,48,149,149,162,182,107,107,155,155],"floor_reached":40,"playtime":1926,"items_purged":["Doubt"],"score":566,"play_id":"233fa588-15e7-44e9-97ab-4054981f2d45","local_time":"20190205025249","is_ascension_mode":true,"campfire_choices":[{"data":"Shrug It Off","floor":6,"key":"SMITH"},{"data":"Demon Form","floor":12,"key":"SMITH"},{"data":"Heavy Blade","floor":15,"key":"SMITH"},{"data":"Pommel Strike","floor":23,"key":"SMITH"},{"data":"Iron Wave","floor":25,"key":"SMITH"},{"floor":32,"key":"REST"}],"neow_cost":"TEN_PERCENT_HP_LOSS","seed_source_timestamp":130700500572074,"circlet_count":0,"master_deck":["Strike_R+1","Strike_R+1","Strike_R+1","Strike_R+1","Defend_R+1","Defend_R+1","Bash+1","Heavy Blade+1","Shrug It Off+1","Pommel Strike+1","Demon Form+1","Mayhem+1","Trip+1","Iron Wave+1","Flex+1","Flame Barrier+1","Double Tap+1","Heavy Blade+1","Flex+1","Ghostly Armor+1","Double Tap+1","Battle Trance+1","Flex+1","Writhe","Regret","Sadistic Nature","Finesse+1","Dramatic Entrance","Power Through+1"],"relics":["Burning Blood","Toxic Egg 2","War Paint","Busted Crown","Paper Frog","Red Skull","Whetstone","Singing Bowl","StoneCalendar","Calling Bell","Vajra","Kunai","Calipers","Bird Faced Urn"],"potions_floor_usage":[24,31,35,40],"damage_taken":[{"damage":5,"enemies":"Small Slimes","floor":1,"turns":3},{"damage":6,"enemies":"Cultist","floor":3,"turns":3},{"damage":3,"enemies":"2 Louse","floor":5,"turns":3},{"damage":30,"enemies":"3 Sentries","floor":7,"turns":10},{"damage":11,"enemies":"Looter","floor":11,"turns":3},{"damage":19,"enemies":"Slime Boss","floor":16,"turns":7},{"damage":33,"enemies":"2 Thieves","floor":18,"turns":3},{"damage":13,"enemies":"Shell Parasite","floor":19,"turns":3},{"damage":19,"enemies":"Centurion and Healer","floor":22,"turns":3},{"damage":14,"enemies":"Gremlin Leader","floor":24,"turns":4},{"damage":0,"enemies":"Cultist and Chosen","floor":29,"turns":3},{"damage":0,"enemies":"Book of Stabbing","floor":31,"turns":3},{"damage":4,"enemies":"Automaton","floor":33,"turns":5},{"damage":10,"enemies":"3 Shapes","floor":35,"turns":3},{"damage":9,"enemies":"3 Darklings","floor":36,"turns":5},{"damage":55,"enemies":"2 Orb Walkers","floor":39,"turns":5},{"damage":26,"enemies":"Nemesis","floor":40,"turns":5}],"seed_played":"5413995150407862368","potions_obtained":[{"floor":7,"key":"Swift Potion"},{"floor":18,"key":"Explosive Potion"},{"floor":22,"key":"Weak Potion"},{"floor":29,"key":"SkillPotion"},{"floor":35,"key":"Ancient Potion"}],"is_trial":false,"path_per_floor":["M","?","M","?","M","R","E","$","T","?","M","R","$","?","R","B",null,"M","M","?","?","M","R","E","R","T","?","$","M","?","E","R","B",null,"M","M","$","?","?","E"],"character_chosen":"IRONCLAD","items_purchased":["Mayhem","Trip+1","Iron Wave","Flame Barrier+1","Singing Bowl"],"campfire_rested":1,"item_purchase_floors":[8,8,8,13,28],"current_hp_per_floor":[72,72,72,77,77,77,53,53,53,53,48,48,48,33,33,20,77,50,43,43,43,30,30,22,22,22,22,22,30,30,36,59,63,81,79,78,78,68,19,0],"gold":155,"neow_bonus":"TWO_FIFTY_GOLD","is_prod":false,"is_daily":false,"chose_seed":false,"campfire_upgraded":5,"win_rate":0,"timestamp":1549331569,"path_taken":["M","?","?","?","M","R","E","$","T","?","?","R","$","?","R","BOSS","M","M","?","?","?","R","E","R","T","?","?","M","?","E","R","BOSS","M","M","?","?","?","E"],"build_version":"2019-01-23","purchased_purges":1,"victory":false,"max_hp_per_floor":[72,72,72,77,77,77,77,77,77,77,77,77,77,77,77,77,77,77,77,77,77,77,77,77,77,77,77,77,79,79,79,79,81,81,83,85,85,85,85,85],"card_choices":[{"not_picked":["Warcry","Twin Strike"],"picked":"Heavy Blade","floor":1},{"not_picked":["Heavy Blade","Wild Strike"],"picked":"Shrug It Off","floor":3},{"not_picked":["Perfected Strike","Headbutt"],"picked":"Pommel Strike","floor":5},{"not_picked":["True Grit","Headbutt"],"picked":"Demon Form","floor":7},{"not_picked":["Uppercut","Sever Soul"],"picked":"Flex+1","floor":11},{"not_picked":["Fiend Fire","Feed"],"picked":"Double Tap+1","floor":16},{"not_picked":[],"picked":"Heavy Blade+1","floor":18},{"not_picked":[],"picked":"Flex+1","floor":19},{"not_picked":["Searing Blow+1"],"picked":"SKIP","floor":22},{"not_picked":[],"picked":"Ghostly Armor+1","floor":24},{"not_picked":["Warcry+1"],"picked":"Singing Bowl","floor":29},{"not_picked":[],"picked":"Flex+1","floor":31},{"not_picked":["Juggernaut"],"picked":"Singing Bowl","floor":33},{"not_picked":["Combust+1"],"picked":"Singing Bowl","floor":35},{"not_picked":["Wild Strike"],"picked":"Singing Bowl","floor":36},{"not_picked":[],"picked":"Sadistic Nature","floor":38},{"not_picked":[],"picked":"Finesse+1","floor":38},{"not_picked":[],"picked":"Dramatic Entrance","floor":38},{"not_picked":[],"picked":"Power Through+1","floor":39}],"player_experience":73319,"relics_obtained":[{"floor":7,"key":"Toxic Egg 2"},{"floor":9,"key":"War Paint"},{"floor":24,"key":"Red Skull"},{"floor":26,"key":"Whetstone"},{"floor":31,"key":"StoneCalendar"},{"floor":34,"key":"Vajra"},{"floor":34,"key":"Kunai"},{"floor":34,"key":"Calipers"},{"floor":39,"key":"Bird Faced Urn"}],"event_choices":[{"damage_healed":0,"gold_gain":0,"player_choice":"Upgraded","damage_taken":0,"max_hp_gain":0,"max_hp_loss":0,"event_name":"Upgrade Shrine","floor":2,"gold_loss":0,"cards_upgraded":["Bash"]},{"damage_healed":0,"gold_gain":0,"player_choice":"Donut","damage_taken":0,"max_hp_gain":5,"max_hp_loss":0,"event_name":"Big Fish","floor":4,"gold_loss":0},{"damage_healed":0,"gold_gain":0,"player_choice":"Forge","damage_taken":0,"max_hp_gain":0,"max_hp_loss":0,"event_name":"Accursed Blacksmith","floor":10,"gold_loss":0,"cards_upgraded":["Mayhem"]},{"damage_healed":0,"gold_gain":0,"player_choice":"Entered Light","damage_taken":15,"max_hp_gain":0,"max_hp_loss":0,"event_name":"Shining Light","floor":14,"gold_loss":0,"cards_upgraded":["Strike_R","Strike_R"]},{"cards_removed":["Strike_R"],"damage_healed":0,"gold_gain":0,"player_choice":"Elegance","damage_taken":0,"max_hp_gain":0,"max_hp_loss":0,"event_name":"Back to Basics","floor":20,"gold_loss":0},{"damage_healed":0,"gold_gain":0,"player_choice":"Gave Potion","damage_taken":0,"relics_obtained":["Paper Frog"],"max_hp_gain":0,"max_hp_loss":0,"event_name":"WeMeetAgain","floor":21,"gold_loss":0},{"damage_healed":0,"gold_gain":0,"cards_transformed":["Defend_R","Defend_R"],"player_choice":"Became Test Subject","damage_taken":0,"max_hp_gain":0,"max_hp_loss":0,"event_name":"Drug Dealer","floor":27,"gold_loss":0,"cards_obtained":["Double Tap","Battle Trance"]},{"damage_healed":0,"gold_gain":0,"player_choice":"Ignored","damage_taken":0,"max_hp_gain":0,"max_hp_loss":0,"event_name":"Upgrade Shrine","floor":30,"gold_loss":0},{"damage_healed":0,"gold_gain":0,"player_choice":"Memory 3","damage_taken":10,"max_hp_gain":0,"max_hp_loss":0,"event_name":"SensoryStone","floor":38,"gold_loss":0},{"damage_healed":0,"gold_gain":0,"player_choice":"Fight","damage_taken":0,"max_hp_gain":0,"max_hp_loss":0,"event_name":"Mysterious Sphere","floor":39,"gold_loss":0}],"is_beta":false,"boss_relics":[{"not_picked":["Orrery","Runic Dome"],"picked":"Busted Crown"},{"not_picked":["Astrolabe","Eternal Feather"],"picked":"Calling Bell"}],"items_purged_floors":[37],"is_endless":false,"potions_floor_spawned":[7,18,22,29,35],"killed_by":"Nemesis","ascension_level":3}