{"gold_per_floor":[137,137,175,213,251,251,289,364,364,364,14,89,127,202,202,452,452,490,405,455,467,479,566,616,703,715,765,852,864,46,84,84,84],"floor_reached":33,"playtime":2645,"items_purged":[],"score":402,"play_id":"c9615def-d99f-4a88-9fe6-0287008df835","local_time":"20181009012555","daily_mods":["Heirloom","Blue Cards","MonsterHunter"],"is_ascension_mode":false,"campfire_choices":[{"data":"Whirlwind","floor":6,"key":"SMITH"},{"data":"Perfected Strike","floor":10,"key":"SMITH"},{"data":"Perfected Strike","floor":15,"key":"SMITH"},{"floor":32,"key":"REST"}],"neow_cost":"","seed_source_timestamp":0,"circlet_count":0,"master_deck":["Strike_R","Strike_R","Strike_R","Strike_R","Strike_R+1","Defend_R","Defend_R","Defend_R+1","Bash","Pommel Strike","Perfected Strike+1","Whirlwind+1","Perfected Strike+1","Leap","Melter","Perfected Strike+1","Sunder","Shrug It Off","Heatsinks","Hyperbeam","Doom and Gloom+1","Flame Barrier","Glacier","Doom and Gloom+1","Doom and Gloom","Shrug It Off","Inflame","Storm","Heavy Blade"],"special_seed":17813,"relics":["Burning Blood","Thread and Needle","Smiling Mask","Orichalcum","Vajra","DollysMirror","Ornamental Fan","Mummified Hand","Cursed Key","MawBank","StoneCalendar","Bottled Flame","Pear","Nilry\u0027s Codex","Mango","Meat on the Bone","Toolbox"],"potions_floor_usage":[12,23,28,31],"damage_taken":[{"damage":1,"enemies":"Small Slimes","floor":1,"turns":6},{"damage":10,"enemies":"Jaw Worm","floor":3,"turns":4},{"damage":0,"enemies":"2 Louse","floor":4,"turns":3},{"damage":10,"enemies":"Lots of Slimes","floor":5,"turns":3},{"damage":6,"enemies":"Red Slaver","floor":7,"turns":5},{"damage":14,"enemies":"3 Sentries","floor":8,"turns":7},{"damage":8,"enemies":"Lagavulin","floor":12,"turns":5},{"damage":0,"enemies":"3 Louse","floor":13,"turns":1},{"damage":0,"enemies":"3 Sentries","floor":14,"turns":4},{"damage":6,"enemies":"Slime Boss","floor":16,"turns":8},{"damage":0,"enemies":"Chosen","floor":18,"turns":4},{"damage":0,"enemies":"3 Byrds","floor":20,"turns":4},{"damage":30,"enemies":"Slavers","floor":23,"turns":7},{"damage":0,"enemies":"Snecko","floor":24,"turns":4},{"damage":36,"enemies":"Gremlin Leader","floor":25,"turns":5},{"damage":0,"enemies":"Cultist and Chosen","floor":27,"turns":5},{"damage":45,"enemies":"Book of Stabbing","floor":28,"turns":7},{"damage":2,"enemies":"3 Cultists","floor":31,"turns":4},{"damage":75,"enemies":"Automaton","floor":33,"turns":8}],"seed_played":"974947357107287634","potions_obtained":[{"floor":1,"key":"Ancient Potion"},{"floor":3,"key":"BloodPotion"},{"floor":13,"key":"SkillPotion"},{"floor":16,"key":"Ancient Potion"},{"floor":18,"key":"GamblersBrew"},{"floor":20,"key":"FairyPotion"},{"floor":27,"key":"Swift Potion"}],"is_trial":false,"path_per_floor":["M","?","M","M","M","R","M","E","T","R","$","E","M","E","R","B",null,"M","?","M","?","$","E","M","E","T","M","E","?","$","M","R"],"character_chosen":"IRONCLAD","items_purchased":["Vajra","DollysMirror","Mango","Meat on the Bone","Toolbox","Storm"],"campfire_rested":1,"item_purchase_floors":[11,11,30,30,30,30],"current_hp_per_floor":[80,64,60,66,62,62,62,54,54,54,54,52,58,64,64,64,80,80,80,80,80,80,56,62,32,32,38,18,2,16,42,73,0],"gold":84,"neow_bonus":"","is_prod":false,"is_daily":true,"chose_seed":false,"campfire_upgraded":3,"win_rate":0,"timestamp":1539069955,"path_taken":["M","?","M","M","M","R","M","E","T","R","$","E","M","E","R","BOSS","M","?","M","?","$","E","M","E","T","M","E","?","$","M","R","BOSS"],"build_version":"2018-10-04v2","purchased_purges":0,"victory":false,"max_hp_per_floor":[80,80,80,80,80,80,80,80,80,80,80,80,80,80,80,80,80,80,80,80,80,80,80,80,80,80,80,90,90,104,104,104,104],"card_choices":[{"not_picked":["Rip and Tear","Metallicize"],"picked":"Pommel Strike","floor":1},{"not_picked":["True Grit","Sweeping Beam"],"picked":"Perfected Strike","floor":3},{"not_picked":["Coolheaded","Force Field"],"picked":"Whirlwind","floor":4},{"not_picked":["Sword Boomerang","Shrug It Off"],"picked":"Perfected Strike","floor":5},{"not_picked":["Loop","Anger"],"picked":"Leap","floor":7},{"not_picked":["Iron Wave","Static Discharge"],"picked":"Melter","floor":8},{"not_picked":["Havoc","Impervious"],"picked":"Sunder","floor":12},{"not_picked":["Stack","Armaments"],"picked":"Shrug It Off","floor":13},{"not_picked":["Hologram","Sever Soul"],"picked":"Heatsinks","floor":14},{"not_picked":["Limit Break","Immolate"],"picked":"Hyperbeam","floor":16},{"not_picked":["Rebound+1","Force Field+1"],"picked":"Doom and Gloom+1","floor":18},{"not_picked":["Streamline+1","Cleave"],"picked":"Flame Barrier","floor":20},{"not_picked":["Immolate","Barrage"],"picked":"Glacier","floor":23},{"not_picked":["Streamline","Clash"],"picked":"Doom and Gloom+1","floor":24},{"not_picked":["Turbo","Consume"],"picked":"Doom and Gloom","floor":25},{"not_picked":["Armaments","Havoc"],"picked":"Shrug It Off","floor":27},{"not_picked":["Carnage","Conserve Battery"],"picked":"Inflame","floor":28},{"not_picked":["FTL","Turbo"],"picked":"Heavy Blade","floor":31}],"player_experience":84500,"relics_obtained":[{"floor":8,"key":"Smiling Mask"},{"floor":9,"key":"Orichalcum"},{"floor":12,"key":"Ornamental Fan"},{"floor":14,"key":"Mummified Hand"},{"floor":23,"key":"StoneCalendar"},{"floor":25,"key":"Bottled Flame"},{"floor":28,"key":"Pear"},{"floor":29,"key":"Nilry\u0027s Codex"}],"event_choices":[{"event_name":"Shining Light","player_choice":"Entered Light","floor":2,"damage_taken":0},{"event_name":"Addict","player_choice":"Obtained Relic","floor":19,"damage_taken":0},{"event_name":"Purifier","player_choice":"One Purge","floor":21,"damage_taken":0},{"event_name":"Cursed Tome","player_choice":"Obtained Book","floor":29,"damage_taken":0}],"is_beta":false,"boss_relics":[{"not_picked":["Runic Dome","Astrolabe"],"picked":"Cursed Key"}],"items_purged_floors":[],"is_endless":false,"potions_floor_spawned":[1,3,13,16,18,20,27],"killed_by":"Automaton","ascension_level":0}