{"gold_per_floor":[118,129,129,147,164,198,198,228,228,241,241,20,55,67,67,170,170,189,206,224,238,253,284,295,295,340,340,358,16,29,57,57,57],"floor_reached":33,"playtime":2214,"items_purged":[],"score":391,"play_id":"ce53e95a-5c65-4ee3-9649-9b649dc0a7e8","local_time":"20190610015423","is_ascension_mode":true,"campfire_choices":[{"data":"Zap","floor":7,"key":"SMITH"},{"data":"Defragment","floor":11,"key":"SMITH"},{"data":"Dualcast","floor":15,"key":"SMITH"},{"floor":25,"key":"REST"},{"floor":32,"key":"REST"}],"neow_cost":"NONE","seed_source_timestamp":1730079343031455,"circlet_count":0,"master_deck":["Strike_B","Strike_B","Strike_B","Defend_B","Defend_B","Defend_B","Defend_B","Zap+1","Dualcast+1","Chill","Chill","Gash","Defragment+1","Leap","Gash","Thunder Strike","Barrage","Sunder","Leap","White Noise","Thunder Strike","Barrage","Electrodynamics+1","Cold Snap","Cold Snap","Chill+1","Genetic Algorithm","Gash","Ball Lightning","Bandage Up","Amplify","Violence","Conserve Battery","Consume"],"relics":["Cracked Core","Blood Vial","Ice Cream","Ginger","Symbiotic Virus","Lantern","Sundial","Inserter","Bottled Tornado","DataDisk","Vajra"],"potions_floor_usage":[6,14,21,23,24,31,33],"damage_taken":[{"damage":4,"enemies":"Jaw Worm","floor":1,"turns":4},{"damage":0,"enemies":"Cultist","floor":2,"turns":3},{"damage":0,"enemies":"Small Slimes","floor":4,"turns":3},{"damage":0,"enemies":"3 Louse","floor":5,"turns":4},{"damage":20,"enemies":"Gremlin Nob","floor":6,"turns":4},{"damage":10,"enemies":"3 Sentries","floor":8,"turns":9},{"damage":0,"enemies":"Large Slime","floor":10,"turns":5},{"damage":4,"enemies":"Gremlin Nob","floor":13,"turns":3},{"damage":0,"enemies":"Lots of Slimes","floor":14,"turns":4},{"damage":25,"enemies":"Hexaghost","floor":16,"turns":8},{"damage":15,"enemies":"Spheric Guardian","floor":18,"turns":4},{"damage":5,"enemies":"2 Thieves","floor":19,"turns":4},{"damage":15,"enemies":"Centurion and Healer","floor":20,"turns":5},{"damage":15,"enemies":"Snake Plant","floor":21,"turns":3},{"damage":2,"enemies":"Chosen and Byrds","floor":22,"turns":4},{"damage":10,"enemies":"Slavers","floor":23,"turns":5},{"damage":10,"enemies":"Centurion and Healer","floor":24,"turns":4},{"damage":5,"enemies":"Snecko","floor":28,"turns":4},{"damage":17,"enemies":"Snake Plant","floor":30,"turns":4},{"damage":13,"enemies":"Book of Stabbing","floor":31,"turns":5},{"damage":34,"enemies":"Collector","floor":33,"turns":7}],"seed_played":"4942804128044577439","potions_obtained":[{"floor":2,"key":"Strength Potion"},{"floor":6,"key":"FocusPotion"},{"floor":10,"key":"SteroidPotion"},{"floor":13,"key":"Poison Potion"},{"floor":18,"key":"FearPotion"},{"floor":28,"key":"SpeedPotion"},{"floor":31,"key":"Weak Potion"}],"is_trial":false,"path_per_floor":["M","M","?","M","M","E","R","E","T","M","R","$","E","M","R","B",null,"M","M","M","M","M","E","M","R","T","?","M","$","M","E","R","B"],"character_chosen":"DEFECT","items_purchased":["Lantern","Sunder","Bandage Up","Amplify","Violence"],"campfire_rested":2,"item_purchase_floors":[12,12,29,29,29],"current_hp_per_floor":[71,73,73,75,75,55,55,47,47,49,49,49,47,49,49,26,63,50,47,34,21,21,13,5,27,27,27,24,24,13,6,28,0],"gold":57,"neow_bonus":"RANDOM_COMMON_RELIC","is_prod":false,"is_daily":false,"chose_seed":false,"campfire_upgraded":3,"win_rate":0,"timestamp":1560153263,"path_taken":["M","M","?","M","M","E","R","E","T","M","R","$","E","M","R","BOSS","M","M","M","M","M","E","M","R","T","?","?","$","M","E","R","BOSS"],"build_version":"2019-01-23","purchased_purges":0,"victory":false,"max_hp_per_floor":[75,75,75,75,75,75,75,75,75,75,75,75,75,75,75,75,75,75,75,75,75,75,75,75,75,75,75,75,75,75,75,75,75],"card_choices":[{"not_picked":["Hologram","Compile Driver"],"picked":"Chill","floor":1},{"not_picked":["Consume","Darkness"],"picked":"Chill","floor":2},{"not_picked":["Streamline","Consume"],"picked":"Defragment","floor":4},{"not_picked":["Consume","Compile Driver"],"picked":"Leap","floor":5},{"not_picked":["Go for the Eyes","Steam"],"picked":"Gash","floor":6},{"not_picked":["Hologram","Doom and Gloom"],"picked":"Thunder Strike","floor":8},{"not_picked":["Redo","Stack"],"picked":"Barrage","floor":10},{"not_picked":["Consume","Beam Cell"],"picked":"Leap","floor":13},{"not_picked":["Go for the Eyes","Reprogram"],"picked":"White Noise","floor":14},{"not_picked":["Fission","Biased Cognition"],"picked":"Thunder Strike","floor":16},{"not_picked":["Leap","Rebound"],"picked":"Barrage","floor":18},{"not_picked":["BootSequence","Hello World"],"picked":"Electrodynamics","floor":19},{"not_picked":["Undo","Force Field"],"picked":"Cold Snap","floor":20},{"not_picked":["Leap","Melter"],"picked":"Cold Snap","floor":21},{"not_picked":["Steam","Amplify"],"picked":"Chill+1","floor":22},{"not_picked":["Stack","Aggregate"],"picked":"Genetic Algorithm","floor":23},{"not_picked":["Sweeping Beam","Hologram"],"picked":"Gash","floor":24},{"not_picked":["Redo","Leap"],"picked":"Ball Lightning","floor":28},{"not_picked":["Lockon","Stack"],"picked":"Conserve Battery","floor":30},{"not_picked":["Blizzard","Recycle"],"picked":"Consume","floor":31}],"player_experience":332834,"relics_obtained":[{"floor":6,"key":"Ice Cream"},{"floor":8,"key":"Ginger"},{"floor":9,"key":"Symbiotic Virus"},{"floor":13,"key":"Sundial"},{"floor":23,"key":"Bottled Tornado"},{"floor":26,"key":"DataDisk"},{"floor":31,"key":"Vajra"}],"event_choices":[{"damage_healed":0,"gold_gain":0,"cards_transformed":["Strike_B"],"player_choice":"Change","damage_taken":0,"max_hp_gain":0,"max_hp_loss":0,"event_name":"Living Wall","floor":3,"gold_loss":0,"cards_obtained":["Gash"]},{"damage_healed":0,"gold_gain":0,"player_choice":"Forge","damage_taken":0,"max_hp_gain":0,"max_hp_loss":0,"event_name":"Accursed Blacksmith","floor":27,"gold_loss":0,"cards_upgraded":["Electrodynamics"]}],"is_beta":false,"boss_relics":[{"not_picked":["Sozu","Velvet Choker"],"picked":"Inserter"}],"items_purged_floors":[],"is_endless":false,"potions_floor_spawned":[2,6,10,13,18,28,31],"killed_by":"Collector","ascension_level":5}