{"gold_per_floor":[114,114,124,142,158,191,217,217,295,370,74,94,94,107,107,210,210,225,140,65,165,65,65,96,114,164,164,197,214,231,245,245,349,379,395,0,18,33,53,53,88,88,88,100,129,141,172,195,207,219,231,243,6,37,37],"floor_reached":56,"playtime":5429,"items_purged":["Strike_G","Strike_G","Strike_G"],"score":1221,"play_id":"3956c1f6-3f0e-4b88-bb3c-67a46727bfe2","local_time":"20190616155531","is_ascension_mode":false,"campfire_choices":[{"floor":8.0,"key":"REST"},{"floor":13.0,"key":"REST"},{"floor":15.0,"key":"RECALL"},{"data":"Terror","floor":23.0,"key":"SMITH"},{"floor":27.0,"key":"REST"},{"floor":32.0,"key":"REST"},{"floor":40.0,"key":"REST"},{"floor":42.0,"key":"REST"},{"floor":49,"key":"REST"},{"data":"Catalyst","floor":52,"key":"SMITH"}],"neow_cost":"NONE","seed_source_timestamp":0,"circlet_count":0,"master_deck":["Defend_G","Defend_G","Defend_G","Strike_G","Survivor","Neutralize","Backflip","Poisoned Stab","Quick Slash","Leg Sweep","Terror+1","Backflip","Dash","Corpse Explosion","Bouncing Flask+1","Burst+1","Masterful Stab+1","Poisoned Stab","Noxious Fumes+1","Quick Slash+1","Sucker Punch+1","Well Laid Plans+1","Caltrops+1","Dagger Spray+1","Catalyst+1","Normality","Parasite","Shame","Bane+1","Bouncing Flask+1","Noxious Fumes+1","Well Laid Plans+1"],"special_seed":0,"relics":["Velvet Choker","Thread and Needle","Odd Mushroom","Matryoshka","Mango","Astrolabe","Centennial Puzzle","Prayer Wheel","Bottled Lightning","Happy Flower","Frozen Egg 2","Ginger","Calling Bell","Tiny Chest","Sundial","Bird Faced Urn","Red Mask","Bag of Preparation","MawBank","Regal Pillow","Lantern"],"potions_floor_usage":[50,50,54,55],"damage_taken":[{"damage":0.0,"enemies":"2 Louse","floor":1.0,"turns":3.0},{"damage":0.0,"enemies":"Cultist","floor":3.0,"turns":5.0},{"damage":0.0,"enemies":"Small Slimes","floor":4.0,"turns":4.0},{"damage":5.0,"enemies":"Exordium Thugs","floor":5.0,"turns":5.0},{"damage":22.0,"enemies":"Lagavulin","floor":6.0,"turns":9.0},{"damage":14.0,"enemies":"The Mushroom Lair","floor":7.0,"turns":5.0},{"damage":0.0,"enemies":"2 Fungi Beasts","floor":12.0,"turns":4.0},{"damage":0.0,"enemies":"Exordium Wildlife","floor":14.0,"turns":4.0},{"damage":20.0,"enemies":"Slime Boss","floor":16.0,"turns":13.0},{"damage":0.0,"enemies":"Shell Parasite","floor":18.0,"turns":4.0},{"damage":11.0,"enemies":"Colosseum Slavers","floor":21.0,"turns":2.0},{"damage":3.0,"enemies":"Colosseum Nobs","floor":21.0,"turns":3.0},{"damage":25.0,"enemies":"Gremlin Leader","floor":24.0,"turns":6.0},{"damage":0.0,"enemies":"2 Thieves","floor":25.0,"turns":4.0},{"damage":22.0,"enemies":"Slavers","floor":28.0,"turns":3.0},{"damage":7.0,"enemies":"Snake Plant","floor":29.0,"turns":3.0},{"damage":6.0,"enemies":"Centurion and Healer","floor":30.0,"turns":3.0},{"damage":1.0,"enemies":"Cultist and Chosen","floor":31.0,"turns":3.0},{"damage":19.0,"enemies":"Collector","floor":33.0,"turns":8.0},{"damage":4.0,"enemies":"Orb Walker","floor":35.0,"turns":4.0},{"damage":4.0,"enemies":"3 Shapes","floor":37.0,"turns":5.0},{"damage":31.0,"enemies":"Spire Growth","floor":38.0,"turns":4.0},{"damage":8.0,"enemies":"Transient","floor":39.0,"turns":5.0},{"damage":33.0,"enemies":"Reptomancer","floor":41.0,"turns":5.0},{"damage":9.0,"enemies":"4 Shapes","floor":45.0,"turns":4.0},{"damage":11.0,"enemies":"3 Darklings","floor":47.0,"turns":6.0},{"damage":14.0,"enemies":"Sphere and 2 Shapes","floor":48.0,"turns":4.0},{"damage":74,"enemies":"Donu and Deca","floor":50,"turns":7},{"damage":65,"enemies":"Shield and Spear","floor":54,"turns":5},{"damage":42,"enemies":"The Heart","floor":55,"turns":6}],"seed_played":"-4929038652556547955","potions_obtained":[{"floor":2.0,"key":"Strength Potion"},{"floor":2.0,"key":"Weak Potion"},{"floor":2.0,"key":"Fruit Juice"},{"floor":5.0,"key":"FearPotion"},{"floor":7.0,"key":"LiquidBronze"},{"floor":12.0,"key":"SteroidPotion"},{"floor":14.0,"key":"FairyPotion"},{"floor":16.0,"key":"Poison Potion"},{"floor":24.0,"key":"Explosive Potion"},{"floor":28.0,"key":"SpeedPotion"},{"floor":30.0,"key":"Fire Potion"},{"floor":31.0,"key":"Dexterity Potion"},{"floor":33.0,"key":"GhostInAJar"},{"floor":35.0,"key":"GamblersBrew"},{"floor":41.0,"key":"SpeedPotion"},{"floor":45.0,"key":"Block Potion"},{"floor":48.0,"key":"EssenceOfSteel"}],"is_trial":false,"path_per_floor":["M","?","M","M","M","E","?","R","T","?","$","M","R","M","R","B",null,"M","?","$","?","$","R","E","M","T","R","E","M","M","M","R","B",null,"M","?","M","M","M","R","E","R","T","?","M","?","M","M","R","B",null,"R","$","E","B",null],"character_chosen":"THE_SILENT","items_purchased":["Mango","GhostInAJar","PowerPotion"],"campfire_rested":7,"item_purchase_floors":[11,53,53],"current_hp_per_floor":[70,75,75,75,70,48,34,56,56,45,59,59,85,85,85,65,89,89,89,89,75,75,75,50,50,50,76,54,47,41,40,66,47,89,89,89,89,62,60,86,57,83,83,83,78,78,73,63,89,21,89,89,89,34,8],"gold":37,"neow_bonus":"BOSS_RELIC","is_prod":false,"is_daily":false,"chose_seed":false,"campfire_upgraded":2,"win_rate":0,"timestamp":1560714931,"path_taken":["M","?","?","M","M","E","?","R","T","?","$","M","R","?","R","BOSS","M","?","$","?","$","R","E","M","T","R","E","M","M","M","R","BOSS","M","?","M","M","M","R","E","R","T","?","M","?","?","?","R","BOSS","R","$","E","BOSS"],"build_version":"2019-01-23","purchased_purges":3,"victory":true,"max_hp_per_floor":[70,75,75,75,75,75,75,75,75,75,89,89,89,89,89,89,89,89,89,89,89,89,89,89,89,89,89,89,89,89,89,89,89,89,89,89,89,89,89,89,89,89,89,89,89,89,89,89,89,89,89,89,89,89,89],"card_choices":[{"not_picked":["Blade Dance","Deadly Poison"],"picked":"Backflip","floor":1.0},{"not_picked":["Outmaneuver","Underhanded Strike"],"picked":"Poisoned Stab","floor":3.0},{"not_picked":["Finisher","Backflip"],"picked":"Quick Slash","floor":4.0},{"not_picked":["Backstab","Tactician"],"picked":"Leg Sweep","floor":5.0},{"not_picked":["Acrobatics","Tools of the Trade"],"picked":"Terror","floor":6.0},{"not_picked":["Deflect","Prepared"],"picked":"Backflip","floor":12.0},{"not_picked":["Deadly Poison","Tactician"],"picked":"Dash","floor":14.0},{"not_picked":["After Image","Tools of the Trade"],"picked":"Corpse Explosion","floor":16.0},{"not_picked":["Masterful Stab","Distraction"],"picked":"Poisoned Stab","floor":18.0},{"not_picked":["Backstab+1","Masterful Stab"],"picked":"Noxious Fumes+1","floor":21.0},{"not_picked":["Dodge and Roll","Night Terror"],"picked":"Quick Slash+1","floor":24.0},{"not_picked":["Infinite Blades","Endless Agony"],"picked":"Sucker Punch+1","floor":25.0},{"not_picked":["Flechettes+1","Backstab","Endless Agony"],"picked":"SKIP","floor":25.0},{"not_picked":["Choke","All Out Attack"],"picked":"Well Laid Plans+1","floor":28.0},{"not_picked":["Backflip","Underhanded Strike"],"picked":"Caltrops+1","floor":29.0},{"not_picked":["Escape Plan","Flying Knee"],"picked":"Dagger Spray+1","floor":29.0},{"not_picked":["Choke","Backflip","Outmaneuver"],"picked":"SKIP","floor":30.0},{"not_picked":["Outmaneuver","Expertise+1","Endless Agony+1"],"picked":"SKIP","floor":30.0},{"not_picked":["Blur","Quick Slash"],"picked":"Catalyst","floor":31.0},{"not_picked":["Finisher","Infinite Blades+1","Night Terror"],"picked":"SKIP","floor":31.0},{"not_picked":["Prepared","Blade Dance","Endless Agony+1"],"picked":"SKIP","floor":35.0},{"not_picked":["Infinite Blades+1","PiercingWail","Poisoned Stab+1"],"picked":"SKIP","floor":35.0},{"not_picked":["Dodge and Roll","Poisoned Stab"],"picked":"Bane+1","floor":37.0},{"not_picked":["Sucker Punch","Infinite Blades+1","Blade Dance+1"],"picked":"SKIP","floor":37.0},{"not_picked":["Unload","Prepared","Flying Knee"],"picked":"SKIP","floor":38.0},{"not_picked":["Flying Knee","Dagger Spray","Blur"],"picked":"SKIP","floor":38.0},{"not_picked":["Slice+1","Underhanded Strike"],"picked":"Bouncing Flask+1","floor":39.0},{"not_picked":["Deadly Poison+1","All Out Attack+1","Bane"],"picked":"SKIP","floor":39.0},{"not_picked":["All Out Attack","Dagger Throw+1","Sucker Punch+1"],"picked":"SKIP","floor":41.0},{"not_picked":["Cloak And Dagger+1","Flying Knee","Blade Dance+1"],"picked":"SKIP","floor":45.0},{"not_picked":["Dagger Throw+1","Deadly Poison","Riddle With Holes"],"picked":"SKIP","floor":45.0},{"not_picked":["Infinite Blades+1","Skewer+1"],"picked":"Noxious Fumes+1","floor":47.0},{"not_picked":["Riddle With Holes+1","Flying Knee","Deadly Poison+1"],"picked":"SKIP","floor":47.0},{"not_picked":["Slice","Deflect"],"picked":"Well Laid Plans+1","floor":48.0},{"not_picked":["Slice+1","Dagger Spray","Expertise"],"picked":"SKIP","floor":48.0},{"not_picked":["Poisoned Stab+1","Accuracy+1","PiercingWail+1"],"picked":"SKIP","floor":54}],"player_experience":82047,"relics_obtained":[{"floor":6.0,"key":"Thread and Needle"},{"floor":7.0,"key":"Odd Mushroom"},{"floor":9.0,"key":"Matryoshka"},{"floor":21.0,"key":"Prayer Wheel"},{"floor":21.0,"key":"Bottled Lightning"},{"floor":24.0,"key":"Happy Flower"},{"floor":26.0,"key":"Frozen Egg 2"},{"floor":28.0,"key":"Ginger"},{"floor":34.0,"key":"Tiny Chest"},{"floor":34.0,"key":"Sundial"},{"floor":34.0,"key":"Bird Faced Urn"},{"floor":41.0,"key":"Bag of Preparation"},{"floor":43.0,"key":"MawBank"},{"floor":43.0,"key":"Regal Pillow"},{"floor":54,"key":"Lantern"}],"event_choices":[{"damage_healed":0.0,"max_hp_gain":0.0,"max_hp_loss":0.0,"gold_gain":0.0,"event_name":"Lab","player_choice":"Got Potions","floor":2.0,"gold_loss":0.0,"damage_taken":0.0},{"damage_healed":0.0,"max_hp_gain":0.0,"max_hp_loss":0.0,"gold_gain":0.0,"event_name":"Mushrooms","player_choice":"Fought Mushrooms","floor":7.0,"gold_loss":0.0,"damage_taken":0.0},{"damage_healed":0.0,"max_hp_gain":0.0,"max_hp_loss":0.0,"gold_gain":75.0,"event_name":"World of Goop","player_choice":"Gather Gold","floor":10.0,"gold_loss":0.0,"damage_taken":11.0},{"damage_healed":0.0,"max_hp_gain":0.0,"max_hp_loss":0.0,"gold_gain":0.0,"event_name":"Addict","player_choice":"Obtained Relic","floor":19.0,"gold_loss":85.0,"damage_taken":0.0,"relics_obtained":["Centennial Puzzle"]},{"damage_healed":0.0,"max_hp_gain":0.0,"max_hp_loss":0.0,"gold_gain":0.0,"event_name":"Colosseum","player_choice":"Fight","floor":21.0,"gold_loss":0.0,"damage_taken":0.0},{"damage_healed":0.0,"max_hp_gain":0.0,"max_hp_loss":0.0,"gold_gain":0.0,"event_name":"Colosseum","player_choice":"Fought Nobs","floor":21.0,"gold_loss":0.0,"damage_taken":0.0},{"damage_healed":0.0,"max_hp_gain":0.0,"max_hp_loss":0.0,"gold_gain":0.0,"event_name":"Tomb of Lord Red Mask","player_choice":"Paid","floor":36.0,"gold_loss":395.0,"damage_taken":0.0,"relics_obtained":["Red Mask"]},{"damage_healed":0.0,"max_hp_gain":0.0,"max_hp_loss":0.0,"gold_gain":0.0,"event_name":"SensoryStone","player_choice":"Memory 1","floor":44.0,"gold_loss":0.0,"damage_taken":0.0},{"damage_healed":0.0,"max_hp_gain":0.0,"max_hp_loss":0.0,"gold_gain":0.0,"event_name":"Mysterious Sphere","player_choice":"Ignored","floor":46.0,"gold_loss":0.0,"damage_taken":0.0}],"is_beta":false,"boss_relics":[{"not_picked":["Orrery","Eternal Feather"],"picked":"Astrolabe"},{"not_picked":["Runic Dome","WristBlade"],"picked":"Calling Bell"}],"items_purged_floors":[20,22,53],"is_endless":false,"potions_floor_spawned":[5,7,12,14,16,24,28,30,31,33,35,41,45,48],"ascension_level":0}