{"gold_per_floor":[110,110,35,51,64,64,82,82,82,116,133,133,167,183,183,262,262,279,299,224,241,253,253,285,285,285,316,99,126,126,16,16,87,87,97,117,127,127,141,141,171,191,217,242,242,242,260,274,274,274],"floor_reached":51,"playtime":2397,"items_purged":["Pain","Strike_B"],"score":1715,"play_id":"e6f8eb02-b575-4216-8ee6-4e6bdb9b5d7a","local_time":"20190625064850","is_ascension_mode":true,"campfire_choices":[{"data":"Dualcast","floor":6,"key":"SMITH"},{"data":"Rainbow","floor":8,"key":"SMITH"},{"data":"Glacier","floor":12,"key":"SMITH"},{"data":"Defragment","floor":15,"key":"SMITH"},{"floor":23,"key":"REST"},{"floor":25,"key":"REST"},{"data":"Hologram","floor":30,"key":"SMITH"},{"data":"Electrodynamics","floor":32,"key":"SMITH"},{"data":"Core Surge","floor":40,"key":"SMITH"},{"floor":45,"key":"REST"},{"floor":49,"key":"REST"}],"neow_cost":"NONE","seed_source_timestamp":103640356190900,"circlet_count":0,"master_deck":["AscendersBane","Strike_B","Defend_B","Defend_B","Defend_B","Defend_B","Zap+1","Dualcast+1","Sweeping Beam","Ball Lightning","Compile Driver+1","Rainbow+1","Glacier+1","Cold Snap","Chill","Defragment+1","Electrodynamics+1","Reinforced Body","Hologram+1","Blizzard+1","Leap","Core Surge+1","Meteor Strike","Heatsinks+1","Coolheaded","Chaos+1","Biased Cognition+1","Ball Lightning+1","Cold Snap+1","Defragment+1"],"relics":["Cracked Core","WarpedTongs","Pocketwatch","Dead Branch","Smiling Mask","Snecko Eye","Mercury Hourglass","Ginger","Strawberry","Blood Vial","DataDisk","Lizard Tail","Prayer Wheel","Bag of Marbles","The Courier"],"potions_floor_usage":[11,13,16,19,24,24,41,50,50],"damage_taken":[{"damage":3,"enemies":"Small Slimes","floor":1,"turns":3},{"damage":1,"enemies":"Cultist","floor":4,"turns":3},{"damage":4,"enemies":"Jaw Worm","floor":5,"turns":3},{"damage":7,"enemies":"Looter","floor":7,"turns":3},{"damage":10,"enemies":"3 Sentries","floor":10,"turns":4},{"damage":0,"enemies":"Gremlin Gang","floor":11,"turns":3},{"damage":0,"enemies":"Gremlin Nob","floor":13,"turns":2},{"damage":0,"enemies":"3 Louse","floor":14,"turns":3},{"damage":4,"enemies":"Hexaghost","floor":16,"turns":7},{"damage":3,"enemies":"Shell Parasite","floor":18,"turns":4},{"damage":15,"enemies":"3 Byrds","floor":19,"turns":3},{"damage":37,"enemies":"Shelled Parasite and Fungi","floor":21,"turns":6},{"damage":0,"enemies":"Sentry and Sphere","floor":22,"turns":7},{"damage":0,"enemies":"Slavers","floor":24,"turns":3},{"damage":1,"enemies":"Book of Stabbing","floor":27,"turns":5},{"damage":0,"enemies":"Gremlin Leader","floor":29,"turns":5},{"damage":21,"enemies":"Champ","floor":33,"turns":12},{"damage":0,"enemies":"3 Shapes","floor":35,"turns":3},{"damage":0,"enemies":"3 Darklings","floor":36,"turns":3},{"damage":9,"enemies":"Spire Growth","floor":37,"turns":5},{"damage":2,"enemies":"Maw","floor":39,"turns":8},{"damage":9,"enemies":"Reptomancer","floor":41,"turns":5},{"damage":16,"enemies":"Transient","floor":42,"turns":6},{"damage":36,"enemies":"Nemesis","floor":44,"turns":7},{"damage":0,"enemies":"Sphere and 2 Shapes","floor":47,"turns":3},{"damage":13,"enemies":"Maw","floor":48,"turns":5},{"damage":0,"enemies":"Donu and Deca","floor":50,"turns":6}],"seed_played":"-1521669413931563582","potions_obtained":[{"floor":5,"key":"AttackPotion"},{"floor":7,"key":"Energy Potion"},{"floor":11,"key":"FocusPotion"},{"floor":13,"key":"Explosive Potion"},{"floor":18,"key":"Fire Potion"},{"floor":21,"key":"Energy Potion"},{"floor":29,"key":"FearPotion"},{"floor":33,"key":"Regen Potion"},{"floor":36,"key":"PowerPotion"},{"floor":41,"key":"SteroidPotion"},{"floor":44,"key":"Regen Potion"}],"is_trial":false,"path_per_floor":["M","?","$","M","M","R","M","R","T","E","M","R","E","M","R","B",null,"M","M","?","M","M","R","E","R","T","E","$","E","R","?","R","B",null,"M","M","M","?","M","R","E","M","T","E","R","?","M","M","R","B",null],"character_chosen":"DEFECT","items_purchased":["Blood Vial"],"campfire_rested":4,"item_purchase_floors":[28],"current_hp_per_floor":[61,61,61,60,56,56,49,49,49,39,39,39,39,39,39,35,62,59,44,44,7,7,28,28,49,49,55,55,57,57,57,57,38,68,70,72,65,54,54,54,61,47,47,13,36,36,38,27,50,67],"gold":274,"neow_bonus":"UPGRADE_CARD","is_prod":false,"is_daily":false,"chose_seed":false,"campfire_upgraded":7,"win_rate":0,"timestamp":1561438130,"path_taken":["M","?","?","M","M","R","?","R","T","E","M","R","E","M","R","BOSS","M","M","?","M","M","R","E","R","T","E","$","E","R","?","R","BOSS","M","?","M","?","M","R","E","?","T","E","R","?","M","M","R","BOSS"],"build_version":"2019-06-21","purchased_purges":2,"victory":true,"max_hp_per_floor":[71,71,71,71,71,71,71,71,71,71,71,71,71,71,71,71,71,71,71,71,71,71,71,71,71,71,78,78,78,78,78,78,78,78,78,78,78,78,78,78,78,78,78,78,78,78,78,78,78,78],"card_choices":[{"not_picked":["Coolheaded","Gash"],"picked":"Sweeping Beam","floor":1},{"not_picked":["Barrage","Go for the Eyes"],"picked":"Ball Lightning","floor":4},{"not_picked":["Leap","Redo"],"picked":"Compile Driver","floor":5},{"not_picked":["Conserve Battery","Cold Snap"],"picked":"Rainbow","floor":7},{"not_picked":["Reprogram","Meteor Strike"],"picked":"Glacier","floor":10},{"not_picked":["Compile Driver","Sweeping Beam"],"picked":"Cold Snap","floor":11},{"not_picked":["Ball Lightning","Self Repair"],"picked":"Chill","floor":13},{"not_picked":["Beam Cell","Darkness"],"picked":"Defragment","floor":14},{"not_picked":["Seek","Amplify"],"picked":"Electrodynamics","floor":16},{"not_picked":["Consume","Redo"],"picked":"Reinforced Body","floor":18},{"not_picked":["Lockon+1","Beam Cell","Conserve Battery"],"picked":"SKIP","floor":19},{"not_picked":["Go for the Eyes","Rip and Tear","Melter+1"],"picked":"SKIP","floor":21},{"not_picked":["Melter+1","Genetic Algorithm"],"picked":"Hologram","floor":22},{"not_picked":["Streamline","Darkness"],"picked":"Blizzard+1","floor":24},{"not_picked":["Turbo","Stack"],"picked":"Leap","floor":27},{"not_picked":["Hologram","Cold Snap"],"picked":"Core Surge","floor":29},{"not_picked":["Seek","Thunder Strike"],"picked":"Meteor Strike","floor":33},{"not_picked":["Fusion+1","Lockon"],"picked":"Heatsinks+1","floor":35},{"not_picked":["Recycle+1","Rip and Tear"],"picked":"Coolheaded","floor":36},{"not_picked":["Ball Lightning","Go for the Eyes+1"],"picked":"Chaos+1","floor":37},{"not_picked":["Stack","Melter","Redo+1"],"picked":"SKIP","floor":39},{"not_picked":["Redo","Steam Power","Storm+1"],"picked":"SKIP","floor":41},{"not_picked":["Barrage","Stack"],"picked":"Biased Cognition","floor":42},{"not_picked":["Turbo","Rebound","Go for the Eyes"],"picked":"SKIP","floor":42},{"not_picked":["Hello World","Lockon+1"],"picked":"Ball Lightning+1","floor":44},{"not_picked":["Beam Cell","Stack"],"picked":"Cold Snap+1","floor":47},{"not_picked":["Rebound","Beam Cell","Tempest"],"picked":"SKIP","floor":47},{"not_picked":["Chaos+1","Sweeping Beam"],"picked":"Defragment+1","floor":48},{"not_picked":["Stack","BootSequence","Redo"],"picked":"SKIP","floor":48}],"player_experience":881653,"relics_obtained":[{"floor":9,"key":"Pocketwatch"},{"floor":10,"key":"Dead Branch"},{"floor":13,"key":"Smiling Mask"},{"floor":24,"key":"Mercury Hourglass"},{"floor":26,"key":"Ginger"},{"floor":27,"key":"Strawberry"},{"floor":29,"key":"DataDisk"},{"floor":41,"key":"Prayer Wheel"},{"floor":43,"key":"Bag of Marbles"},{"floor":44,"key":"The Courier"}],"event_choices":[{"damage_healed":0,"gold_gain":0,"player_choice":"Rummage","damage_taken":0,"relics_obtained":["WarpedTongs"],"max_hp_gain":0,"max_hp_loss":0,"event_name":"Accursed Blacksmith","floor":2,"gold_loss":0,"cards_obtained":["Pain"]},{"cards_removed":["Strike_B"],"damage_healed":0,"gold_gain":0,"player_choice":"Gave Gold","damage_taken":0,"max_hp_gain":0,"max_hp_loss":0,"event_name":"Beggar","floor":20,"gold_loss":75},{"cards_removed":["Strike_B"],"damage_healed":0,"gold_gain":0,"player_choice":"Upgrade and Remove","damage_taken":0,"max_hp_gain":0,"max_hp_loss":0,"event_name":"Designer","floor":31,"gold_loss":110,"cards_upgraded":["Compile Driver"]},{"damage_healed":0,"gold_gain":0,"player_choice":"Damaged","damage_taken":11,"max_hp_gain":0,"max_hp_loss":0,"event_name":"Wheel of Change","floor":38,"gold_loss":0},{"damage_healed":0,"gold_gain":0,"player_choice":"Upgraded","damage_taken":0,"max_hp_gain":0,"max_hp_loss":0,"event_name":"Upgrade Shrine","floor":46,"gold_loss":0,"cards_upgraded":["Biased Cognition"]}],"is_beta":true,"boss_relics":[{"not_picked":["Calling Bell","Astrolabe"],"picked":"Snecko Eye"},{"not_picked":["Velvet Choker","Tiny House"],"picked":"Lizard Tail"}],"items_purged_floors":[3,28],"is_endless":false,"potions_floor_spawned":[5,7,11,13,18,21,29,33,36,41,42,44,48],"ascension_level":19}