{"gold_per_floor":[115,126,144,161,66,66,100,100,100,156,29,45,45,70,70,149,149,69,69,14,14,14,14,14,14,14,14,14,14,14,14,14,14],"floor_reached":33,"playtime":1295,"items_purged":["Strike_R"],"score":538,"play_id":"3b494f7d-42a3-4278-9a1e-53019717f346","local_time":"20190513214507","is_ascension_mode":true,"campfire_choices":[{"data":"Uppercut","floor":6.0,"key":"SMITH"},{"floor":8.0,"key":"REST"},{"data":"Demon Form","floor":13,"key":"SMITH"},{"data":"Bash","floor":15,"key":"SMITH"},{"data":"Armaments","floor":23,"key":"SMITH"},{"data":"Metallicize","floor":25,"key":"SMITH"},{"data":"Flame Barrier","floor":32,"key":"SMITH"}],"neow_cost":"NONE","seed_source_timestamp":15005458877000,"circlet_count":0,"master_deck":["AscendersBane","Strike_R","Strike_R","Strike_R","Defend_R","Defend_R","Defend_R","Defend_R","Bash+1","Wild Strike","Anger","Demon Form+1","Uppercut+1","True Grit","Headbutt","Shrug It Off","True Grit","Havoc","Reaper","Shrug It Off","Armaments+1","Metallicize+1","Ghostly Armor","Headbutt+1","Flame Barrier+1","Ghostly Armor"],"special_seed":0,"relics":["Burning Blood","Bag of Marbles","Meat on the Bone","Lantern","Tiny Chest","Blood Vial","Ectoplasm","Blue Candle","Darkstone Periapt","Question Card"],"potions_floor_usage":[16,29,30,33],"damage_taken":[{"damage":3.0,"enemies":"2 Louse","floor":1.0,"turns":4.0},{"damage":6.0,"enemies":"Cultist","floor":2.0,"turns":3.0},{"damage":2.0,"enemies":"Jaw Worm","floor":3.0,"turns":3.0},{"damage":44.0,"enemies":"Large Slime","floor":4.0,"turns":7.0},{"damage":47.0,"enemies":"3 Sentries","floor":7.0,"turns":8.0},{"damage":16.0,"enemies":"Lagavulin","floor":10.0,"turns":5.0},{"damage":10,"enemies":"Gremlin Gang","floor":12,"turns":4},{"damage":32,"enemies":"3 Sentries","floor":14,"turns":6},{"damage":39,"enemies":"The Guardian","floor":16,"turns":9},{"damage":24,"enemies":"2 Thieves","floor":18,"turns":4},{"damage":30,"enemies":"Shell Parasite","floor":21,"turns":7},{"damage":15,"enemies":"Snake Plant","floor":27,"turns":5},{"damage":29,"enemies":"Centurion and Healer","floor":28,"turns":7},{"damage":21,"enemies":"Shelled Parasite and Fungi","floor":29,"turns":7},{"damage":25,"enemies":"Chosen and Byrds","floor":30,"turns":9},{"damage":7,"enemies":"Centurion and Healer","floor":31,"turns":7},{"damage":78,"enemies":"Automaton","floor":33,"turns":10}],"seed_played":"-2354033059955066684","potions_obtained":[{"floor":1.0,"key":"Regen Potion"},{"floor":4.0,"key":"FearPotion"},{"floor":10.0,"key":"FearPotion"},{"floor":14,"key":"Dexterity Potion"},{"floor":27,"key":"FearPotion"},{"floor":28,"key":"Block Potion"},{"floor":29,"key":"GamblersBrew"},{"floor":31,"key":"SkillPotion"}],"is_trial":false,"path_per_floor":["M","M","M","M","?","R","E","R","T","E","$","M","R","E","R","B",null,"M","T","$","M","T","R","?","R","T","M","M","M","M","M","R","B"],"character_chosen":"IRONCLAD","items_purchased":["Shrug It Off","Armaments"],"campfire_rested":1,"item_purchase_floors":[11,20],"current_hp_per_floor":[78,78,82,44,44,44,18,42,42,44,44,52,52,38,38,19,66,64,64,64,54,54,54,54,54,54,59,50,49,50,63,63,0],"gold":14,"neow_bonus":"TEN_PERCENT_HP_BONUS","is_prod":false,"is_daily":false,"chose_seed":false,"campfire_upgraded":6,"win_rate":0,"timestamp":1557776707,"path_taken":["M","M","M","M","?","R","E","R","T","E","?","M","R","E","R","BOSS","M","?","?","M","?","R","?","R","T","M","?","M","M","M","R","BOSS"],"build_version":"2019-05-07","purchased_purges":1,"victory":false,"max_hp_per_floor":[82,82,82,82,82,82,82,82,82,82,82,82,82,82,82,82,82,82,82,82,82,82,82,82,82,82,82,82,82,82,82,82,82],"card_choices":[{"not_picked":["Warcry","Thunderclap"],"picked":"Wild Strike","floor":1.0},{"not_picked":["Perfected Strike","Armaments"],"picked":"Anger","floor":2.0},{"not_picked":["Heavy Blade","Perfected Strike"],"picked":"Demon Form","floor":3.0},{"not_picked":["Shrug It Off","Reckless Charge"],"picked":"Uppercut","floor":4.0},{"not_picked":["Cleave","Brutality"],"picked":"True Grit","floor":7.0},{"not_picked":["Uppercut","Twin Strike"],"picked":"Headbutt","floor":10.0},{"not_picked":["Clash","Thunderclap"],"picked":"True Grit","floor":12},{"not_picked":["Searing Blow","Spot Weakness"],"picked":"Havoc","floor":14},{"not_picked":["Dark Embrace","Barricade"],"picked":"Reaper","floor":16},{"not_picked":["Blood for Blood","Bloodletting"],"picked":"Shrug It Off","floor":18},{"not_picked":["Clash","Anger"],"picked":"Metallicize","floor":21},{"not_picked":["Clash","True Grit","Thunderclap"],"picked":"Ghostly Armor","floor":27},{"not_picked":["Burning Pact","Power Through","Rupture","Headbutt"],"picked":"SKIP","floor":28},{"not_picked":["Metallicize","Ghostly Armor","Burning Pact"],"picked":"Headbutt+1","floor":29},{"not_picked":["Spot Weakness","Blood for Blood","Inflame"],"picked":"Flame Barrier","floor":30},{"not_picked":["Iron Wave","Body Slam","Wild Strike"],"picked":"Ghostly Armor","floor":31}],"player_experience":701217,"relics_obtained":[{"floor":7.0,"key":"Meat on the Bone"},{"floor":9.0,"key":"Lantern"},{"floor":10.0,"key":"Tiny Chest"},{"floor":14,"key":"Blood Vial"},{"floor":19,"key":"Blue Candle"},{"floor":22,"key":"Darkstone Periapt"},{"floor":26,"key":"Question Card"}],"event_choices":[{"damage_healed":0.0,"max_hp_gain":0.0,"max_hp_loss":0.0,"gold_gain":0.0,"event_name":"WeMeetAgain","player_choice":"Paid Gold","floor":5.0,"gold_loss":95.0,"damage_taken":0.0,"relics_obtained":["Bag of Marbles"]},{"cards_removed":["Strike_R"],"damage_healed":0,"gold_gain":0,"player_choice":"Purged","damage_taken":0,"max_hp_gain":0,"max_hp_loss":0,"event_name":"Purifier","floor":24,"gold_loss":0}],"is_beta":true,"boss_relics":[{"not_picked":["Eternal Feather","Lizard Tail"],"picked":"Ectoplasm"}],"items_purged_floors":[11],"is_endless":false,"potions_floor_spawned":[1,4,10,14,27,28,29,31],"killed_by":"Automaton","ascension_level":20}