{"gold_per_floor":[367,377,397,407,422,454,467,481,504,46,86,86,104,136,136,240,240,257,294,307,341,359,359],"floor_reached":23,"playtime":1336,"items_purged":[],"score":345,"play_id":"ae473281-6ba1-4e5a-9f71-6b8ded2a3895","local_time":"20190606065336","is_ascension_mode":true,"campfire_choices":[{"floor":15.0,"key":"REST"}],"neow_cost":"PERCENT_DAMAGE","seed_source_timestamp":1402827041001941,"circlet_count":0,"master_deck":["Defend_G","Defend_G","Defend_G","Defend_G","Defend_G","Strike_G","Strike_G","Strike_G","Strike_G+1","Survivor","Neutralize","Dagger Spray","Masterful Stab","Endless Agony","Terror","Flying Knee","Backflip","Endless Agony+1","Infinite Blades","Footwork","Calculated Gamble","Quick Slash","HandOfGreed","Backstab","Blade Dance","Quick Slash","A Thousand Cuts","Footwork+1","Blade Dance","Dodge and Roll+1","A Thousand Cuts","Poisoned Stab"],"special_seed":0,"relics":["Ring of the Snake","Bag of Marbles","Whetstone","Vajra","Smiling Mask","Sozu"],"potions_floor_usage":[23],"damage_taken":[{"damage":4.0,"enemies":"Small Slimes","floor":1.0,"turns":4.0},{"damage":1.0,"enemies":"Cultist","floor":2.0,"turns":3.0},{"damage":6.0,"enemies":"Jaw Worm","floor":3.0,"turns":4.0},{"damage":0.0,"enemies":"Exordium Wildlife","floor":4.0,"turns":2.0},{"damage":0.0,"enemies":"Gremlin Gang","floor":5.0,"turns":1.0},{"damage":22.0,"enemies":"Lagavulin","floor":6.0,"turns":4.0},{"damage":0.0,"enemies":"3 Louse","floor":7.0,"turns":1.0},{"damage":0.0,"enemies":"Lots of Slimes","floor":8.0,"turns":2.0},{"damage":0.0,"enemies":"Gremlin Gang","floor":11.0,"turns":2.0},{"damage":0.0,"enemies":"3 Louse","floor":13.0,"turns":1.0},{"damage":0.0,"enemies":"Gremlin Nob","floor":14.0,"turns":2.0},{"damage":28.0,"enemies":"The Guardian","floor":16.0,"turns":10.0},{"damage":12.0,"enemies":"Shell Parasite","floor":18.0,"turns":2.0},{"damage":0.0,"enemies":"Spheric Guardian","floor":19.0,"turns":2.0},{"damage":0.0,"enemies":"Snake Plant","floor":20.0,"turns":3.0},{"damage":10.0,"enemies":"Snecko","floor":21.0,"turns":3.0},{"damage":14.0,"enemies":"Cultist and Chosen","floor":22.0,"turns":5.0},{"damage":31,"enemies":"Book of Stabbing","floor":23,"turns":3}],"seed_played":"8994712238160839784","potions_obtained":[{"floor":2.0,"key":"SpeedPotion"},{"floor":4.0,"key":"AttackPotion"},{"floor":5.0,"key":"Poison Potion"},{"floor":7.0,"key":"GhostInAJar"},{"floor":13.0,"key":"FearPotion"},{"floor":16.0,"key":"LiquidBronze"}],"is_trial":false,"path_per_floor":["M","M","M","M","M","E","M","M","T","$","M","?","M","E","R","B",null,"M","M","M","M","M","E"],"character_chosen":"THE_SILENT","items_purchased":["Footwork","Vajra","Calculated Gamble","Quick Slash","HandOfGreed"],"campfire_rested":1,"item_purchase_floors":[10,10,10,10,10],"current_hp_per_floor":[41,40,34,34,34,12,12,12,12,12,12,12,12,12,33,5,54,42,42,42,32,18,0],"gold":359,"neow_bonus":"TWO_FIFTY_GOLD","is_prod":false,"is_daily":false,"chose_seed":false,"campfire_upgraded":0,"win_rate":0,"timestamp":1559825616,"path_taken":["M","M","M","M","M","E","M","M","T","$","M","?","M","E","R","BOSS","M","?","M","M","M","E"],"build_version":"2019-01-23","purchased_purges":0,"victory":false,"max_hp_per_floor":[70,70,70,70,70,70,70,70,70,70,70,70,70,70,70,70,70,70,70,70,70,70,70],"card_choices":[{"not_picked":["Bane","PiercingWail"],"picked":"Dagger Spray","floor":1.0},{"not_picked":["Slice","Acrobatics"],"picked":"Masterful Stab","floor":2.0},{"not_picked":["Heel Hook","Caltrops"],"picked":"Endless Agony","floor":3.0},{"not_picked":["Underhanded Strike","Backflip"],"picked":"Terror","floor":4.0},{"not_picked":["Bane","Quick Slash"],"picked":"Flying Knee","floor":5.0},{"not_picked":["Setup","Blur"],"picked":"Backflip","floor":6.0},{"not_picked":["Outmaneuver","Slice"],"picked":"Endless Agony","floor":7.0},{"not_picked":["Poisoned Stab","Riddle With Holes"],"picked":"Infinite Blades","floor":8.0},{"not_picked":["Finisher","Well Laid Plans"],"picked":"Backstab","floor":11.0},{"not_picked":["Dodge and Roll","Acrobatics"],"picked":"Blade Dance","floor":13.0},{"not_picked":["Noxious Fumes","Terror"],"picked":"Quick Slash","floor":14.0},{"not_picked":["Bullet Time","Wraith Form v2"],"picked":"A Thousand Cuts","floor":16.0},{"not_picked":["Dagger Spray","Flying Knee"],"picked":"Footwork+1","floor":18.0},{"not_picked":["Skewer","Catalyst"],"picked":"Blade Dance","floor":19.0},{"not_picked":["Underhanded Strike","Bane"],"picked":"Dodge and Roll+1","floor":20.0},{"not_picked":["Bane","Escape Plan"],"picked":"A Thousand Cuts","floor":21.0},{"not_picked":["Setup+1","Outmaneuver+1"],"picked":"Poisoned Stab","floor":22.0}],"player_experience":324884,"relics_obtained":[{"floor":6.0,"key":"Bag of Marbles"},{"floor":9.0,"key":"Whetstone"},{"floor":14.0,"key":"Smiling Mask"}],"event_choices":[{"cards_removed":["Strike_G"],"damage_healed":0.0,"max_hp_gain":0.0,"max_hp_loss":0.0,"gold_gain":0.0,"event_name":"Bonfire Elementals","player_choice":"Offered Basic","floor":12.0,"gold_loss":0.0,"damage_taken":0.0}],"is_beta":false,"boss_relics":[{"not_picked":["Ectoplasm","Orrery"],"picked":"Sozu"}],"items_purged_floors":[],"is_endless":false,"potions_floor_spawned":[2,4,5,7,13,16,20,21],"killed_by":"Book of Stabbing","ascension_level":9}