{"gold_per_floor":[111,286,297,310,310,310,337,348,348,382,398,38,53,88,88,186,186,205,220,232,250,261,261],"floor_reached":23,"playtime":1387,"items_purged":["Doubt"],"score":294,"play_id":"945f141d-7e2f-4cb4-8836-91cf4fc78422","local_time":"20181009030511","is_ascension_mode":true,"campfire_choices":[{"data":"Neutralize","floor":6,"key":"SMITH"},{"floor":15,"key":"REST"}],"neow_cost":"NONE","seed_source_timestamp":1985471463464267,"circlet_count":0,"master_deck":["Defend_G","Defend_G+1","Defend_G","Defend_G","Defend_G","Strike_G","Strike_G","Strike_G","Strike_G","Strike_G","Survivor","Neutralize+1","Infinite Blades","Eviscerate+1","Bane","Infinite Blades","Finisher","Bane+1","Cloak And Dagger","Backstab+1","Blade Dance","Poisoned Stab+1","All Out Attack+1","Unload+1","Escape Plan","Poisoned Stab+1","Flying Knee+1","Accuracy","Dodge and Roll"],"relics":["Ring of the Snake","NeowsBlessing","Bag of Marbles","Molten Egg 2","Matryoshka","Blood Vial","Smiling Mask","Philosopher\u0027s Stone"],"potions_floor_usage":[7,13,14,14,20,22,22,23],"damage_taken":[{"damage":0,"enemies":"Small Slimes","floor":1,"turns":1},{"damage":0,"enemies":"2 Louse","floor":3,"turns":1},{"damage":0,"enemies":"Jaw Worm","floor":4,"turns":1},{"damage":19,"enemies":"Gremlin Nob","floor":7,"turns":5},{"damage":0,"enemies":"Large Slime","floor":8,"turns":5},{"damage":0,"enemies":"Lagavulin","floor":10,"turns":6},{"damage":4,"enemies":"Blue Slaver","floor":11,"turns":4},{"damage":0,"enemies":"Looter","floor":13,"turns":1},{"damage":0,"enemies":"3 Sentries","floor":14,"turns":3},{"damage":18,"enemies":"Slime Boss","floor":16,"turns":8},{"damage":0,"enemies":"Shell Parasite","floor":18,"turns":1},{"damage":3,"enemies":"Spheric Guardian","floor":19,"turns":3},{"damage":4,"enemies":"Shelled Parasite and Fungi","floor":20,"turns":3},{"damage":11,"enemies":"Cultist and Chosen","floor":21,"turns":5},{"damage":26,"enemies":"Snake Plant","floor":22,"turns":3},{"damage":35,"enemies":"Book of Stabbing","floor":23,"turns":4}],"seed_played":"-281951310229606140","potions_obtained":[{"floor":1,"key":"Dexterity Potion"},{"floor":4,"key":"SteroidPotion"},{"floor":10,"key":"FearPotion"},{"floor":11,"key":"Explosive Potion"},{"floor":13,"key":"Block Potion"},{"floor":18,"key":"Block Potion"},{"floor":21,"key":"AttackPotion"},{"floor":22,"key":"GamblersBrew"}],"is_trial":false,"path_per_floor":["M","?","M","M","?","R","E","M","T","E","M","$","M","E","R","B",null,"M","M","M","M","M"],"character_chosen":"THE_SILENT","items_purchased":["Backstab+1","Blade Dance","Blood Vial"],"campfire_rested":1,"item_purchase_floors":[12,12,12],"current_hp_per_floor":[70,70,70,70,56,56,37,37,37,37,33,33,35,37,58,42,70,70,67,65,56,32,0],"gold":261,"neow_bonus":"THREE_ENEMY_KILL","is_prod":false,"is_daily":false,"chose_seed":false,"campfire_upgraded":1,"win_rate":0,"timestamp":1539075911,"path_taken":["M","?","M","M","?","R","E","M","T","E","M","$","?","E","R","BOSS","M","M","M","M","M","E"],"build_version":"2018-10-04v2","purchased_purges":1,"victory":false,"max_hp_per_floor":[70,70,70,70,70,70,70,70,70,70,70,70,70,70,70,70,70,70,70,70,70,70,70],"card_choices":[{"not_picked":["Dodge and Roll","Deflect"],"picked":"Infinite Blades","floor":1},{"not_picked":["Tactician","Deadly Poison"],"picked":"Eviscerate","floor":3},{"not_picked":["Crippling Poison","Noxious Fumes"],"picked":"Bane","floor":4},{"not_picked":["Blur","All Out Attack"],"picked":"Infinite Blades","floor":7},{"not_picked":["Flying Knee","Accuracy"],"picked":"Finisher","floor":8},{"not_picked":["Flechettes+1","Dagger Throw+1"],"picked":"Bane+1","floor":10},{"not_picked":["Underhanded Strike+1","Sucker Punch+1"],"picked":"Cloak And Dagger","floor":11},{"not_picked":["Noxious Fumes","Reflex"],"picked":"Poisoned Stab+1","floor":13},{"not_picked":["Backflip","Riddle With Holes+1"],"picked":"All Out Attack+1","floor":14},{"not_picked":["Malaise","Doppelganger"],"picked":"Unload+1","floor":16},{"not_picked":["Bouncing Flask","Catalyst"],"picked":"Escape Plan","floor":18},{"not_picked":["Riddle With Holes+1","PiercingWail"],"picked":"Poisoned Stab+1","floor":19},{"not_picked":["Acrobatics","Prepared+1"],"picked":"Flying Knee+1","floor":20},{"not_picked":["Cloak And Dagger","Poisoned Stab+1"],"picked":"Accuracy","floor":21},{"not_picked":["Caltrops+1","Eviscerate+1"],"picked":"Dodge and Roll","floor":22}],"player_experience":91634,"relics_obtained":[{"floor":7,"key":"Bag of Marbles"},{"floor":9,"key":"Molten Egg 2"},{"floor":10,"key":"Matryoshka"},{"floor":14,"key":"Smiling Mask"}],"event_choices":[{"event_name":"Liars Game","player_choice":"agreed","floor":2,"damage_taken":0},{"event_name":"Shining Light","player_choice":"Entered Light","floor":5,"damage_taken":0}],"is_beta":false,"boss_relics":[{"not_picked":["White Beast Statue","Ring of the Serpent"],"picked":"Philosopher\u0027s Stone"}],"items_purged_floors":[12],"is_endless":false,"potions_floor_spawned":[1,4,10,11,13,18,21,22],"killed_by":"Book of Stabbing","ascension_level":2}