{"gold_per_floor":[111,124,143,158,158,158,185,185,185,197,197,197,229,249,249,321,321,340,355,370,370],"floor_reached":21,"playtime":842,"items_purged":[],"score":386,"play_id":"a8dd19c4-423c-4c66-b2ed-d2666ea97aec","local_time":"20190515162801","is_ascension_mode":true,"campfire_choices":[{"data":"Limit Break","floor":6,"key":"SMITH"},{"floor":8,"key":"REST"},{"data":"Clothesline","floor":12,"key":"SMITH"},{"floor":15,"key":"REST"}],"neow_cost":"NONE","seed_source_timestamp":23821495425900,"circlet_count":0,"master_deck":["AscendersBane","Strike_R","Strike_R","Strike_R","Strike_R","Defend_R","Defend_R","Defend_R","Defend_R","Bash","Anger","Inflame","Hemokinesis","Limit Break+1","Intimidate","Clothesline+1","Combust","Thunderclap","Offering","Heavy Blade","Pommel Strike"],"relics":["Burning Blood","Regal Pillow","Smiling Mask","Centennial Puzzle","Mummified Hand","Cursed Key"],"potions_floor_usage":[16],"damage_taken":[{"damage":0,"enemies":"2 Louse","floor":1,"turns":3},{"damage":9,"enemies":"Jaw Worm","floor":2,"turns":4},{"damage":6,"enemies":"Cultist","floor":3,"turns":4},{"damage":13,"enemies":"3 Louse","floor":4,"turns":3},{"damage":59,"enemies":"Gremlin Nob","floor":7,"turns":5},{"damage":5,"enemies":"Looter","floor":10,"turns":3},{"damage":32,"enemies":"Lagavulin","floor":13,"turns":6},{"damage":19,"enemies":"Gremlin Gang","floor":14,"turns":4},{"damage":46,"enemies":"Hexaghost","floor":16,"turns":9},{"damage":22,"enemies":"2 Thieves","floor":18,"turns":3},{"damage":20,"enemies":"Spheric Guardian","floor":19,"turns":3},{"damage":14,"enemies":"Centurion and Healer","floor":20,"turns":4},{"damage":21,"enemies":"Sentry and Sphere","floor":21,"turns":3}],"seed_played":"-8976290723484093193","potions_obtained":[{"floor":1,"key":"Dexterity Potion"},{"floor":3,"key":"SpeedPotion"},{"floor":10,"key":"Ancient Potion"},{"floor":20,"key":"Weak Potion"}],"is_trial":false,"path_per_floor":["M","M","M","M","?","R","E","R","T","M","?","R","E","M","R","B",null,"M","M","M","M"],"character_chosen":"IRONCLAD","items_purchased":[],"campfire_rested":2,"item_purchase_floors":[],"current_hp_per_floor":[74,71,71,64,64,64,11,48,48,49,49,49,23,10,47,7,58,42,28,20,0],"gold":370,"neow_bonus":"RANDOM_COMMON_RELIC","is_prod":false,"is_daily":false,"chose_seed":false,"campfire_upgraded":2,"win_rate":0,"timestamp":1557930481,"path_taken":["M","M","M","M","?","R","E","R","T","M","?","R","E","M","R","BOSS","M","M","M","M"],"build_version":"2019-05-07","purchased_purges":0,"victory":false,"max_hp_per_floor":[75,75,75,75,75,75,75,75,75,75,75,75,75,75,75,75,75,75,75,75,75],"card_choices":[{"not_picked":["Battle Trance","Wild Strike"],"picked":"Anger","floor":1},{"not_picked":["Thunderclap","Havoc"],"picked":"Inflame","floor":2},{"not_picked":["Heavy Blade","Body Slam"],"picked":"Hemokinesis","floor":3},{"not_picked":["Corruption","Armaments"],"picked":"Limit Break","floor":4},{"not_picked":["Power Through","Seeing Red"],"picked":"Intimidate","floor":7},{"not_picked":["Thunderclap","Headbutt"],"picked":"Clothesline","floor":10},{"not_picked":["Flex","Cleave"],"picked":"Thunderclap","floor":13},{"not_picked":["Clash","Sword Boomerang","Perfected Strike"],"picked":"SKIP","floor":14},{"not_picked":["Juggernaut","Demon Form"],"picked":"Offering","floor":16},{"not_picked":["Fire Breathing","Iron Wave"],"picked":"Heavy Blade","floor":18},{"not_picked":["Entrench+1","Thunderclap"],"picked":"Pommel Strike","floor":19},{"not_picked":["Clash","Thunderclap","Cleave"],"picked":"SKIP","floor":20}],"player_experience":717038,"relics_obtained":[{"floor":7,"key":"Smiling Mask"},{"floor":9,"key":"Centennial Puzzle"},{"floor":13,"key":"Mummified Hand"}],"event_choices":[{"damage_healed":0,"gold_gain":0,"player_choice":"Ignored","damage_taken":0,"max_hp_gain":0,"max_hp_loss":0,"event_name":"Liars Game","floor":5,"gold_loss":0},{"damage_healed":0,"gold_gain":0,"cards_transformed":["Strike_R"],"player_choice":"Change","damage_taken":0,"max_hp_gain":0,"max_hp_loss":0,"event_name":"Living Wall","floor":11,"gold_loss":0,"cards_obtained":["Combust"]}],"is_beta":true,"boss_relics":[{"not_picked":["Pandora\u0027s Box","Snecko Eye"],"picked":"Cursed Key"}],"items_purged_floors":[],"is_endless":false,"potions_floor_spawned":[1,3,10,14,20],"killed_by":"Sentry and Sphere","ascension_level":20}