{"gold_per_floor":[367,380,391,15,15,50,60,78,104,135,135,151,185,208,208,337,337,360,375,393,416,39,39,75,75,99,112,112,151,166,207,207,331,331,347,365,386,386,386,419,419,453,478,478,501,532,532,572,572,572],"floor_reached":51,"playtime":5549,"items_purged":[],"score":1182,"play_id":"d55c1d9b-718e-4103-b569-ead8d2aad936","local_time":"20190606022427","is_ascension_mode":true,"campfire_choices":[{"floor":15.0,"key":"REST"},{"floor":23.0,"key":"REST"},{"data":"HandOfGreed","floor":32.0,"key":"SMITH"},{"floor":41.0,"key":"REST"},{"data":"Buffer","floor":44.0,"key":"SMITH"},{"floor":49.0,"key":"REST"}],"neow_cost":"PERCENT_DAMAGE","seed_source_timestamp":1382144471205090,"circlet_count":0,"master_deck":["Defend_B","Defend_B","Defend_B","Defend_B","Zap","Dualcast","Ball Lightning","Sweeping Beam","Auto Shields","White Noise","Melter","Undo","Hello World","Turbo","Fission","Undo","White Noise","Self Repair","Loop","Fission","BootSequence","Cold Snap","Biased Cognition","Rebound","Recycle+1","Undo+1","Leap","Conserve Battery+1","Sweeping Beam","Cold Snap","Rebound","HandOfGreed+1","Amplify","Storm","Streamline","Loop+1","Necronomicurse","Leap","Cold Snap","Bite","Bite","Bite","Bite","Bite","Storm","Thunder Strike","FTL","Cold Snap","Skim","Buffer+1","Double Energy","Glacier+1","Stack+1","Reinforced Body+1","Hologram+1","All For One","Bandage Up","Forethought","Bandage Up","Static Discharge","Cold Snap+1","Hologram+1","Chaos+1","Gash","Leap+1"],"special_seed":0,"relics":["Cracked Core","Prayer Wheel","Smiling Mask","Juzu Bracelet","Art of War","Golden Idol","Ancient Tea Set","Snecko Eye","Torii","Necronomicon","Bag of Preparation","FossilizedHelix","Nuclear Battery","Nunchaku","Dead Branch","Meat on the Bone","Centennial Puzzle","Bronze Scales","Toxic Egg 2"],"potions_floor_usage":[50,50,50,50,50,50],"damage_taken":[{"damage":2.0,"enemies":"2 Louse","floor":1.0,"turns":2.0},{"damage":2.0,"enemies":"Jaw Worm","floor":2.0,"turns":3.0},{"damage":7.0,"enemies":"Small Slimes","floor":3.0,"turns":2.0},{"damage":8.0,"enemies":"Lagavulin","floor":6.0,"turns":6.0},{"damage":0.0,"enemies":"Exordium Wildlife","floor":7.0,"turns":3.0},{"damage":0.0,"enemies":"Looter","floor":8.0,"turns":3.0},{"damage":7.0,"enemies":"3 Sentries","floor":10.0,"turns":5.0},{"damage":5.0,"enemies":"Gremlin Gang","floor":12.0,"turns":4.0},{"damage":27.0,"enemies":"Gremlin Nob","floor":13.0,"turns":4.0},{"damage":0.0,"enemies":"Large Slime","floor":14.0,"turns":4.0},{"damage":36.0,"enemies":"Slime Boss","floor":16.0,"turns":10.0},{"damage":35.0,"enemies":"Chosen","floor":18.0,"turns":7.0},{"damage":0.0,"enemies":"Spheric Guardian","floor":19.0,"turns":3.0},{"damage":17.0,"enemies":"Centurion and Healer","floor":20.0,"turns":8.0},{"damage":5.0,"enemies":"Snecko","floor":21.0,"turns":10.0},{"damage":0.0,"enemies":"Gremlin Leader","floor":24.0,"turns":7.0},{"damage":1.0,"enemies":"Cultist and Chosen","floor":27.0,"turns":6.0},{"damage":2.0,"enemies":"Shelled Parasite and Fungi","floor":29.0,"turns":6.0},{"damage":23.0,"enemies":"Snake Plant","floor":30.0,"turns":3.0},{"damage":10.0,"enemies":"Slavers","floor":31.0,"turns":5.0},{"damage":25.0,"enemies":"Automaton","floor":33.0,"turns":9.0},{"damage":0.0,"enemies":"Orb Walker","floor":35.0,"turns":5.0},{"damage":20.0,"enemies":"3 Darklings","floor":36.0,"turns":10.0},{"damage":0.0,"enemies":"Jaw Worm Horde","floor":37.0,"turns":3.0},{"damage":24.0,"enemies":"Reptomancer","floor":40.0,"turns":9.0},{"damage":25.0,"enemies":"Nemesis","floor":42.0,"turns":8.0},{"damage":0.0,"enemies":"Maw","floor":45.0,"turns":7.0},{"damage":46.0,"enemies":"Reptomancer","floor":46.0,"turns":9.0},{"damage":14.0,"enemies":"Nemesis","floor":48.0,"turns":5.0},{"damage":0,"enemies":"Awakened One","floor":50,"turns":5}],"seed_played":"-7971596358389163544","potions_obtained":[{"floor":1.0,"key":"Ancient Potion"},{"floor":3.0,"key":"Block Potion"},{"floor":7.0,"key":"FearPotion"},{"floor":12.0,"key":"Fruit Juice"},{"floor":13.0,"key":"Poison Potion"},{"floor":16.0,"key":"Poison Potion"},{"floor":19.0,"key":"SteroidPotion"},{"floor":21.0,"key":"Swift Potion"},{"floor":27.0,"key":"SkillPotion"},{"floor":29.0,"key":"SneckoOil"},{"floor":33.0,"key":"SpeedPotion"},{"floor":37.0,"key":"Ancient Potion"},{"floor":46.0,"key":"EssenceOfSteel"},{"floor":48.0,"key":"EntropicBrew"}],"is_trial":false,"path_per_floor":["M","M","M","$","?","E","M","M","T","E","?","M","E","M","R","B",null,"M","M","M","M","$","R","E","?","T","M","?","M","M","E","R","B",null,"M","M","M","?","T","E","R","E","T","R","M","E","?","E","R","B",null],"character_chosen":"DEFECT","items_purchased":["Prayer Wheel","White Noise","HandOfGreed","Amplify","Storm","Streamline"],"campfire_rested":4,"item_purchase_floors":[4,4,22,22,22,22],"current_hp_per_floor":[52,50,43,43,43,35,35,35,35,28,28,23,8,15,37,8,74,46,46,36,38,38,60,60,44,44,43,43,51,32,37,37,19,51,51,37,48,38,38,23,38,40,40,40,50,30,30,39,51,51],"gold":572,"neow_bonus":"TWO_FIFTY_GOLD","is_prod":false,"is_daily":false,"chose_seed":false,"campfire_upgraded":2,"win_rate":0,"timestamp":1559809467,"path_taken":["M","M","M","$","?","E","M","M","T","E","?","M","E","M","R","BOSS","M","M","M","M","$","R","E","?","T","M","?","M","M","E","R","BOSS","M","M","M","?","?","E","R","E","T","R","M","E","?","E","R","BOSS"],"build_version":"2019-01-23","purchased_purges":0,"victory":true,"max_hp_per_floor":[75,75,75,75,75,75,75,75,75,75,69,69,74,74,74,74,74,74,74,74,74,74,74,74,74,74,74,51,51,51,51,51,51,51,51,51,51,51,51,51,51,51,51,51,51,51,51,51,51,51],"card_choices":[{"not_picked":["White Noise","Steam"],"picked":"Ball Lightning","floor":1.0},{"not_picked":["Cold Snap","Gash"],"picked":"Sweeping Beam","floor":2.0},{"not_picked":["Darkness","Streamline"],"picked":"Auto Shields","floor":3.0},{"not_picked":["Auto Shields","Steam Power"],"picked":"Undo","floor":6.0},{"not_picked":["Go for the Eyes","Gash"],"picked":"Hello World","floor":7.0},{"not_picked":["Steam","Stack"],"picked":"Turbo","floor":7.0},{"not_picked":["Barrage","Redo"],"picked":"Fission","floor":8.0},{"not_picked":["Redo","Blizzard"],"picked":"Undo","floor":8.0},{"not_picked":["Conserve Battery","Fusion"],"picked":"White Noise","floor":10.0},{"not_picked":["Chaos","Ball Lightning"],"picked":"Self Repair","floor":12.0},{"not_picked":["Rebound","Hologram"],"picked":"Loop","floor":12.0},{"not_picked":["Steam Power","Leap"],"picked":"Fission","floor":13.0},{"not_picked":["Steam","Cold Snap"],"picked":"BootSequence","floor":14.0},{"not_picked":["Tempest","Barrage"],"picked":"Cold Snap","floor":14.0},{"not_picked":["Reboot","Multi-Cast"],"picked":"Biased Cognition","floor":16.0},{"not_picked":["Steam+1","Cold Snap"],"picked":"Rebound","floor":18.0},{"not_picked":["Turbo","Ball Lightning"],"picked":"Recycle+1","floor":18.0},{"not_picked":["Blizzard","Darkness"],"picked":"Undo+1","floor":19.0},{"not_picked":["Chaos","Steam"],"picked":"Leap","floor":19.0},{"not_picked":["Rebound","Turbo"],"picked":"Conserve Battery+1","floor":20.0},{"not_picked":["Darkness","Streamline"],"picked":"Sweeping Beam","floor":20.0},{"not_picked":["Turbo","Barrage"],"picked":"Cold Snap","floor":21.0},{"not_picked":["Steam+1","Conserve Battery"],"picked":"Rebound","floor":21.0},{"not_picked":["Turbo","Cold Snap+1"],"picked":"Loop+1","floor":24.0},{"not_picked":["Barrage","Go for the Eyes"],"picked":"Leap","floor":27.0},{"not_picked":["Coolheaded+1","Gash+1"],"picked":"Cold Snap","floor":27.0},{"not_picked":["Rip and Tear","Reinforced Body"],"picked":"Storm","floor":29.0},{"not_picked":["Ball Lightning","Rebound+1"],"picked":"Thunder Strike","floor":29.0},{"not_picked":["Gash","Turbo"],"picked":"FTL","floor":30.0},{"not_picked":["Reinforced Body","Turbo"],"picked":"Cold Snap","floor":30.0},{"not_picked":["Go for the Eyes","Beam Cell"],"picked":"Skim","floor":31.0},{"not_picked":["Thunder Strike","Multi-Cast"],"picked":"Buffer","floor":33.0},{"not_picked":["Gash+1","Rip and Tear"],"picked":"Double Energy","floor":35.0},{"not_picked":["Sweeping Beam+1","Barrage"],"picked":"Glacier+1","floor":35.0},{"not_picked":["Skim+1","Heatsinks"],"picked":"Stack+1","floor":36.0},{"not_picked":["Cold Snap","Go for the Eyes"],"picked":"Reinforced Body+1","floor":36.0},{"not_picked":["Leap","Reinforced Body"],"picked":"Hologram+1","floor":37.0},{"not_picked":["Coolheaded+1","Static Discharge+1"],"picked":"All For One","floor":37.0},{"not_picked":["Panacea","Madness"],"picked":"Bandage Up","floor":38.0},{"not_picked":["Deep Breath","Bandage Up"],"picked":"Forethought","floor":38.0},{"not_picked":["PanicButton","Madness"],"picked":"Bandage Up","floor":38.0},{"not_picked":["Reprogram","Turbo+1"],"picked":"Static Discharge","floor":40.0},{"not_picked":["Rebound","Static Discharge"],"picked":"Cold Snap+1","floor":42.0},{"not_picked":["Sweeping Beam","Redo+1"],"picked":"Hologram+1","floor":45.0},{"not_picked":["Leap","Redo"],"picked":"Chaos+1","floor":45.0},{"not_picked":["Rip and Tear","Turbo"],"picked":"Gash","floor":46.0},{"not_picked":["Streamline","Sweeping Beam"],"picked":"Leap","floor":48.0}],"player_experience":318876,"relics_obtained":[{"floor":6.0,"key":"Smiling Mask"},{"floor":9.0,"key":"Juzu Bracelet"},{"floor":10.0,"key":"Art of War"},{"floor":13.0,"key":"Ancient Tea Set"},{"floor":24.0,"key":"Torii"},{"floor":25.0,"key":"Necronomicon"},{"floor":26.0,"key":"Bag of Preparation"},{"floor":31.0,"key":"FossilizedHelix"},{"floor":39.0,"key":"Nunchaku"},{"floor":40.0,"key":"Dead Branch"},{"floor":42.0,"key":"Meat on the Bone"},{"floor":43.0,"key":"Centennial Puzzle"},{"floor":46.0,"key":"Bronze Scales"},{"floor":48.0,"key":"Toxic Egg 2"}],"event_choices":[{"damage_healed":0.0,"max_hp_gain":0.0,"max_hp_loss":0.0,"gold_gain":0.0,"cards_transformed":["Strike_B"],"event_name":"Living Wall","player_choice":"Change","floor":5.0,"gold_loss":0.0,"damage_taken":0.0,"cards_obtained":["Melter"]},{"damage_healed":0.0,"max_hp_gain":0.0,"max_hp_loss":6.0,"gold_gain":0.0,"event_name":"Golden Idol","player_choice":"Lose Max HP","floor":11.0,"gold_loss":0.0,"damage_taken":0.0,"relics_obtained":["Golden Idol"]},{"damage_healed":0.0,"max_hp_gain":0.0,"max_hp_loss":0.0,"gold_gain":0.0,"event_name":"Cursed Tome","player_choice":"Obtained Book","floor":25.0,"gold_loss":0.0,"damage_taken":16.0},{"damage_healed":0.0,"max_hp_gain":0.0,"max_hp_loss":23.0,"gold_gain":0.0,"event_name":"Vampires","player_choice":"Became a vampire","floor":28.0,"gold_loss":0.0,"damage_taken":0.0,"cards_obtained":["Bite","Bite","Bite","Bite","Bite"]},{"damage_healed":0.0,"max_hp_gain":0.0,"max_hp_loss":0.0,"gold_gain":0.0,"event_name":"SensoryStone","player_choice":"Memory 3","floor":38.0,"gold_loss":0.0,"damage_taken":10.0},{"damage_healed":0.0,"max_hp_gain":0.0,"max_hp_loss":0.0,"gold_gain":0.0,"event_name":"SecretPortal","player_choice":"Ignored","floor":47.0,"gold_loss":0.0,"damage_taken":0.0}],"is_beta":false,"boss_relics":[{"not_picked":["Coffee Dripper","Lizard Tail"],"picked":"Snecko Eye"},{"not_picked":["Busted Crown","Runic Dome"],"picked":"Nuclear Battery"}],"items_purged_floors":[],"is_endless":false,"potions_floor_spawned":[1,3,7,12,13,16,19,21,27,29,33,37,46,48],"ascension_level":4}