{"gold_per_floor":[117,117,137,152,171,204,218,218],"floor_reached":8,"playtime":301,"items_purged":[],"score":84,"play_id":"31f90f62-6998-4da5-b746-de92f77404bb","local_time":"20190619234810","is_ascension_mode":true,"campfire_choices":[],"neow_cost":"PERCENT_DAMAGE","seed_source_timestamp":70278621514869,"circlet_count":0,"master_deck":["Strike_B","Strike_B","Strike_B","Defend_B","Defend_B","Defend_B","Defend_B","Zap","Dualcast","Rebound","Ball Lightning","Reboot","Conserve Battery","Force Field","Sweeping Beam"],"relics":["Cracked Core","Dead Branch","Regal Pillow"],"potions_floor_usage":[],"damage_taken":[{"damage":7,"enemies":"Jaw Worm","floor":1,"turns":3},{"damage":1,"enemies":"Cultist","floor":3,"turns":3},{"damage":0,"enemies":"2 Louse","floor":4,"turns":1},{"damage":3,"enemies":"Blue Slaver","floor":5,"turns":3},{"damage":23,"enemies":"3 Sentries","floor":6,"turns":7},{"damage":2,"enemies":"Exordium Wildlife","floor":7,"turns":3},{"damage":15,"enemies":"Lagavulin","floor":8,"turns":2}],"seed_played":"-3550908758811216750","potions_obtained":[{"floor":3,"key":"Ancient Potion"}],"is_trial":false,"path_per_floor":["M","?","M","M","M","E","M","E"],"character_chosen":"DEFECT","items_purchased":[],"campfire_rested":0,"item_purchase_floors":[],"current_hp_per_floor":[43,43,42,42,39,16,14,0],"gold":218,"neow_bonus":"ONE_RARE_RELIC","is_prod":false,"is_daily":false,"chose_seed":false,"campfire_upgraded":0,"win_rate":0,"timestamp":1561009690,"path_taken":["M","?","M","M","M","E","M","E"],"build_version":"2019-01-23","purchased_purges":0,"victory":false,"max_hp_per_floor":[75,75,75,75,75,75,75,75],"card_choices":[{"not_picked":["Coolheaded","Streamline"],"picked":"Rebound","floor":1},{"not_picked":["Rip and Tear","Redo"],"picked":"Ball Lightning","floor":3},{"not_picked":["Fusion","Cold Snap"],"picked":"Reboot","floor":4},{"not_picked":["Barrage","Leap"],"picked":"Conserve Battery","floor":5},{"not_picked":["Reprogram","Beam Cell"],"picked":"Force Field","floor":6},{"not_picked":["Steam","Stack"],"picked":"Sweeping Beam","floor":7}],"player_experience":369630,"relics_obtained":[{"floor":6,"key":"Regal Pillow"}],"event_choices":[{"cards_removed":["Strike_B"],"damage_healed":0,"gold_gain":0,"player_choice":"Offered Basic","damage_taken":0,"max_hp_gain":0,"max_hp_loss":0,"event_name":"Bonfire Elementals","floor":2,"gold_loss":0}],"is_beta":false,"boss_relics":[],"items_purged_floors":[],"is_endless":false,"potions_floor_spawned":[3],"killed_by":"Lagavulin","ascension_level":8}