{"gold_per_floor":[110,90,106,106,124,152,152,171,171,171,184,184,201,233,233,309,309,324,423,423],"floor_reached":20,"playtime":645,"items_purged":[],"score":304,"play_id":"5b5772c8-c01f-48eb-a7ab-6da97049674c","local_time":"20190427184031","is_ascension_mode":true,"campfire_choices":[{"floor":7,"key":"REST"},{"data":"Machine Learning","floor":10,"key":"SMITH"},{"floor":15,"key":"REST"}],"neow_cost":"NONE","seed_source_timestamp":178768762690500,"circlet_count":0,"master_deck":["AscendersBane","Strike_B","Strike_B","Strike_B","Strike_B","Defend_B","Defend_B","Defend_B","Defend_B","Zap","Dualcast","Double Energy","Reprogram","Recycle","Machine Learning+1","Chill","Lockon","Auto Shields","Conserve Battery","Core Surge","Genetic Algorithm"],"relics":["Cracked Core","Regal Pillow","PreservedInsect","Bottled Tornado","Black Star"],"potions_floor_usage":[6,8,14,16,16],"damage_taken":[{"damage":5,"enemies":"Small Slimes","floor":1,"turns":4},{"damage":1,"enemies":"Cultist","floor":3,"turns":4},{"damage":3,"enemies":"2 Louse","floor":5,"turns":2},{"damage":47,"enemies":"Lagavulin","floor":6,"turns":8},{"damage":0,"enemies":"Lots of Slimes","floor":8,"turns":1},{"damage":23,"enemies":"Large Slime","floor":11,"turns":7},{"damage":12,"enemies":"Red Slaver","floor":13,"turns":3},{"damage":7,"enemies":"Gremlin Nob","floor":14,"turns":4},{"damage":7,"enemies":"The Guardian","floor":16,"turns":15},{"damage":16,"enemies":"Chosen","floor":18,"turns":7},{"damage":74,"enemies":"Colosseum Slavers","floor":20,"turns":4}],"seed_played":"-8648404505331193737","potions_obtained":[{"floor":1,"key":"Swift Potion"},{"floor":2,"key":"Explosive Potion"},{"floor":6,"key":"FocusPotion"},{"floor":11,"key":"Fire Potion"},{"floor":14,"key":"Dexterity Potion"}],"is_trial":false,"path_per_floor":["M","?","M","?","M","E","R","M","T","R","M","?","M","E","R","B",null,"M","?","?"],"character_chosen":"DEFECT","items_purchased":[],"campfire_rested":2,"item_purchase_floors":[],"current_hp_per_floor":[70,70,69,69,66,19,58,58,58,58,35,27,15,8,47,40,72,56,56,0],"gold":423,"neow_bonus":"TEN_PERCENT_HP_BONUS","is_prod":false,"is_daily":false,"chose_seed":false,"campfire_upgraded":1,"win_rate":0,"timestamp":1556383231,"path_taken":["M","?","?","?","M","E","R","M","T","R","?","?","M","E","R","BOSS","M","?","?"],"build_version":"2019-04-23","purchased_purges":0,"victory":false,"max_hp_per_floor":[82,82,82,82,82,82,82,82,82,82,82,82,82,82,82,82,82,82,82,82],"card_choices":[{"not_picked":["Heatsinks","Streamline"],"picked":"Double Energy","floor":1},{"not_picked":["Cold Snap","Storm"],"picked":"Reprogram","floor":3},{"not_picked":["Cold Snap","Turbo"],"picked":"Recycle","floor":5},{"not_picked":["Gash","Reboot"],"picked":"Machine Learning","floor":6},{"not_picked":["Barrage","Streamline"],"picked":"Chill","floor":8},{"not_picked":["Rebound","Streamline"],"picked":"Lockon","floor":11},{"not_picked":["Coolheaded","Compile Driver"],"picked":"Auto Shields","floor":13},{"not_picked":["Gash","Turbo"],"picked":"Conserve Battery","floor":14},{"not_picked":["Buffer","Reboot"],"picked":"Core Surge","floor":16},{"not_picked":["Leap","Steam"],"picked":"Genetic Algorithm","floor":18}],"player_experience":520121,"relics_obtained":[{"floor":6,"key":"Regal Pillow"},{"floor":9,"key":"PreservedInsect"},{"floor":14,"key":"Bottled Tornado"}],"event_choices":[{"damage_healed":0,"gold_gain":0,"player_choice":"Bought 1 Potion","damage_taken":0,"max_hp_gain":0,"max_hp_loss":0,"event_name":"The Woman in Blue","floor":2,"gold_loss":0},{"damage_healed":0,"gold_gain":0,"player_choice":"Got Potions","damage_taken":0,"max_hp_gain":0,"max_hp_loss":0,"event_name":"Lab","floor":4,"gold_loss":0},{"damage_healed":0,"gold_gain":0,"player_choice":"Damaged","damage_taken":8,"max_hp_gain":0,"max_hp_loss":0,"event_name":"Wheel of Change","floor":12,"gold_loss":0},{"damage_healed":0,"gold_gain":99,"player_choice":"Stole From Cult","damage_taken":0,"max_hp_gain":0,"max_hp_loss":0,"event_name":"Nest","floor":19,"gold_loss":0},{"damage_healed":0,"gold_gain":0,"player_choice":"Fight","damage_taken":0,"max_hp_gain":0,"max_hp_loss":0,"event_name":"Colosseum","floor":20,"gold_loss":0}],"is_beta":true,"boss_relics":[{"not_picked":["Eternal Feather","Tiny House"],"picked":"Black Star"}],"items_purged_floors":[],"is_endless":false,"potions_floor_spawned":[1,6,11,14],"killed_by":"Colosseum Slavers","ascension_level":13}