{"gold_per_floor":[361,378,303,27,43,43,62,77,102,102,115,141,192,203,203,277,277,295,295,295,275,275],"floor_reached":22,"playtime":616,"items_purged":[],"score":329,"play_id":"80bc0618-e042-4e67-a610-7b5552a5b5f8","local_time":"20190614150311","is_ascension_mode":true,"campfire_choices":[{"data":"Zap","floor":6.0,"key":"SMITH"},{"floor":10,"key":"REST"},{"floor":15,"key":"REST"}],"neow_cost":"PERCENT_DAMAGE","seed_source_timestamp":104174626132500,"circlet_count":0,"master_deck":["AscendersBane","Strike_B","Strike_B","Strike_B","Defend_B","Defend_B","Defend_B","Defend_B","Zap+1","Dualcast","Ball Lightning","Capacitor","Gash","Compile Driver","Ball Lightning","Echo Form","Gash","BootSequence","Compile Driver","Electrodynamics","Double Energy+1","Loop"],"special_seed":0,"relics":["Cracked Core","Kunai","Smiling Mask","Happy Flower","Oddly Smooth Stone","Inserter"],"potions_floor_usage":[8,16,21],"damage_taken":[{"damage":4.0,"enemies":"2 Louse","floor":1.0,"turns":3.0},{"damage":2.0,"enemies":"Jaw Worm","floor":2.0,"turns":3.0},{"damage":0.0,"enemies":"Cultist","floor":5.0,"turns":3.0},{"damage":25.0,"enemies":"3 Louse","floor":7.0,"turns":4.0},{"damage":7,"enemies":"Gremlin Gang","floor":8,"turns":3},{"damage":8,"enemies":"Blue Slaver","floor":11,"turns":2},{"damage":10,"enemies":"Lagavulin","floor":12,"turns":6},{"damage":6,"enemies":"Exordium Wildlife","floor":14,"turns":3},{"damage":14,"enemies":"Hexaghost","floor":16,"turns":7},{"damage":30,"enemies":"Shell Parasite","floor":18,"turns":6},{"damage":1,"enemies":"2 Thieves","floor":21,"turns":4},{"damage":6,"enemies":"Snake Plant","floor":22,"turns":2}],"seed_played":"-8998709689359021700","potions_obtained":[{"floor":5.0,"key":"Energy Potion"},{"floor":7.0,"key":"LiquidBronze"},{"floor":14,"key":"FearPotion"},{"floor":16,"key":"Dexterity Potion"},{"floor":20,"key":"Energy Potion"}],"is_trial":false,"path_per_floor":["M","M","?","$","M","R","M","M","T","R","M","E","T","M","R","B",null,"M","?","?","M","M"],"character_chosen":"DEFECT","items_purchased":["Kunai","Gash"],"campfire_rested":2,"item_purchase_floors":[4,4],"current_hp_per_floor":[42,40,40,40,40,40,15,8,8,29,21,11,11,5,26,12,56,26,6,6,5,0],"gold":275,"neow_bonus":"TWO_FIFTY_GOLD","is_prod":false,"is_daily":false,"chose_seed":false,"campfire_upgraded":1,"win_rate":0,"timestamp":1560517391,"path_taken":["M","M","?","$","M","R","M","M","T","R","M","E","?","M","R","BOSS","M","?","?","M","M"],"build_version":"2019-06-13","purchased_purges":0,"victory":false,"max_hp_per_floor":[71,71,71,71,71,71,71,71,71,71,71,71,71,71,71,71,71,71,76,76,76,76],"card_choices":[{"not_picked":["Streamline","Barrage"],"picked":"Ball Lightning","floor":1.0},{"not_picked":["Stack","Blizzard"],"picked":"Capacitor","floor":2.0},{"not_picked":["Sweeping Beam","Leap"],"picked":"Compile Driver","floor":5.0},{"not_picked":["Coolheaded","Storm"],"picked":"Ball Lightning","floor":7.0},{"not_picked":["Beam Cell","Sweeping Beam"],"picked":"Echo Form","floor":8},{"not_picked":["Blizzard","Hologram"],"picked":"Gash","floor":11},{"not_picked":["Compile Driver","Hyperbeam"],"picked":"BootSequence","floor":12},{"not_picked":["Ball Lightning","Darkness"],"picked":"Compile Driver","floor":14},{"not_picked":["Meteor Strike","Echo Form"],"picked":"Electrodynamics","floor":16},{"not_picked":["Barrage","Gash+1"],"picked":"Double Energy+1","floor":18},{"not_picked":["Sweeping Beam","Capacitor"],"picked":"Loop","floor":21}],"player_experience":833634,"relics_obtained":[{"floor":9,"key":"Smiling Mask"},{"floor":12,"key":"Happy Flower"},{"floor":13,"key":"Oddly Smooth Stone"}],"event_choices":[{"cards_removed":["Strike_B"],"damage_healed":0.0,"max_hp_gain":0.0,"max_hp_loss":0.0,"gold_gain":0.0,"event_name":"The Cleric","player_choice":"Card Removal","floor":3.0,"gold_loss":75.0,"damage_taken":0.0},{"damage_healed":0,"gold_gain":0,"player_choice":"Shed Blood","damage_taken":25,"max_hp_gain":5,"max_hp_loss":0,"event_name":"Forgotten Altar","floor":19,"gold_loss":0},{"damage_healed":0,"gold_gain":0,"player_choice":"Got Potions","damage_taken":0,"max_hp_gain":0,"max_hp_loss":0,"event_name":"Lab","floor":20,"gold_loss":0}],"is_beta":true,"boss_relics":[{"not_picked":["Snecko Eye","Busted Crown"],"picked":"Inserter"}],"items_purged_floors":[],"is_endless":false,"potions_floor_spawned":[5,7,14,16,18],"killed_by":"Snake Plant","ascension_level":15}