{"gold_per_floor":[117,129,129,129,142,142,176,176,176,194,230,230,230,244,244,335,335,348,369,21,36,36,36,51,87,87,108,108,139,139,160,160,254,254,278,278,278,278,32,32,53,53,79,123,148,183,207,61,61,61,61],"floor_reached":52,"playtime":2020,"items_purged":["Writhe","Normality"],"score":1945,"play_id":"22042556-4817-41e6-b91f-f53b81b879f6","local_time":"20190614011146","is_ascension_mode":true,"campfire_choices":[{"floor":6,"key":"REST"},{"floor":8,"key":"REST"},{"floor":12,"key":"REST"},{"data":"Noxious Fumes","floor":15,"key":"SMITH"},{"data":"Finisher","floor":23,"key":"SMITH"},{"data":"After Image","floor":28,"key":"SMITH"},{"data":"Adrenaline","floor":32,"key":"SMITH"},{"data":"Well Laid Plans","floor":40,"key":"SMITH"},{"data":"Backstab","floor":42,"key":"SMITH"},{"data":"Footwork","floor":49,"key":"SMITH"}],"neow_cost":"NONE","seed_source_timestamp":52907663367500,"circlet_count":0,"master_deck":["AscendersBane","Strike_G","Defend_G","Defend_G","Defend_G","Defend_G","Survivor","Neutralize","Slice","Noxious Fumes+1","Quick Slash","Backstab","Slice","Terror","Accuracy","Adrenaline+1","Backstab+1","Infinite Blades+1","Well Laid Plans+1","Finisher+1","PiercingWail+1","Blade Dance+1","Decay","After Image+1","Cloak And Dagger+1","Storm of Steel+1","Glass Knife+1","After Image+1","Outmaneuver+1","Transmutation+1","Parasite","Backstab+1","Cloak And Dagger+1","Venomology+1","Backflip+1","Footwork+1"],"relics":["Ring of the Snake","Golden Idol","Centennial Puzzle","Shuriken","Dead Branch","Cursed Key","Toxic Egg 2","Bird Faced Urn","Singing Bowl","Dodecahedron","Pantograph","MutagenicStrength","Astrolabe","Bottled Lightning","Orichalcum","Smiling Mask","Happy Flower","Omamori"],"potions_floor_usage":[7,11,29,50,51,51],"damage_taken":[{"damage":6,"enemies":"Small Slimes","floor":1,"turns":6},{"damage":3,"enemies":"Cultist","floor":2,"turns":4},{"damage":2,"enemies":"Jaw Worm","floor":5,"turns":4},{"damage":32,"enemies":"Lagavulin","floor":7,"turns":9},{"damage":10,"enemies":"Gremlin Gang","floor":10,"turns":5},{"damage":10,"enemies":"3 Sentries","floor":11,"turns":6},{"damage":0,"enemies":"Exordium Wildlife","floor":14,"turns":2},{"damage":33,"enemies":"Hexaghost","floor":16,"turns":9},{"damage":4,"enemies":"2 Thieves","floor":18,"turns":3},{"damage":0,"enemies":"Chosen","floor":19,"turns":2},{"damage":0,"enemies":"Snecko","floor":21,"turns":3},{"damage":0,"enemies":"Cultist and Chosen","floor":24,"turns":2},{"damage":15,"enemies":"Slavers","floor":25,"turns":3},{"damage":16,"enemies":"Snake Plant","floor":27,"turns":2},{"damage":10,"enemies":"Book of Stabbing","floor":29,"turns":5},{"damage":0,"enemies":"Sentry and Sphere","floor":31,"turns":3},{"damage":4,"enemies":"Collector","floor":33,"turns":5},{"damage":3,"enemies":"Orb Walker","floor":35,"turns":2},{"damage":0,"enemies":"3 Shapes","floor":41,"turns":3},{"damage":15,"enemies":"Giant Head","floor":44,"turns":5},{"damage":0,"enemies":"Jaw Worm Horde","floor":45,"turns":1},{"damage":11,"enemies":"Reptomancer","floor":46,"turns":6},{"damage":0,"enemies":"Spire Growth","floor":47,"turns":2},{"damage":3,"enemies":"Time Eater","floor":50,"turns":5},{"damage":6,"enemies":"Donu and Deca","floor":51,"turns":4}],"seed_played":"-974686714764696249","potions_obtained":[{"floor":1,"key":"GamblersBrew"},{"floor":4,"key":"SmokeBomb"},{"floor":10,"key":"Strength Potion"},{"floor":11,"key":"Ancient Potion"},{"floor":14,"key":"EssenceOfSteel"},{"floor":33,"key":"SteroidPotion"},{"floor":47,"key":"EssenceOfSteel"}],"is_trial":false,"path_per_floor":["M","M","?","?","M","R","E","R","T","M","E","R","?","M","R","B",null,"M","M","$","M","?","R","M","E","T","M","R","E","?","M","R","B",null,"M","?","?","T","$","R","M","R","T","E","M","E","M","$","R","B","B",null],"character_chosen":"THE_SILENT","items_purchased":["Well Laid Plans","Toxic Egg 2","Orichalcum","Backflip+1","Footwork"],"campfire_rested":3,"item_purchase_floors":[20,20,39,48,48],"current_hp_per_floor":[59,56,31,31,29,50,18,39,39,29,19,40,40,40,40,7,56,52,52,52,52,52,52,56,49,49,39,39,43,43,55,55,74,74,76,76,76,76,76,76,76,76,76,61,69,70,76,76,76,80,80],"gold":61,"neow_bonus":"TEN_PERCENT_HP_BONUS","is_prod":false,"is_daily":false,"chose_seed":false,"campfire_upgraded":7,"win_rate":0,"timestamp":1560467506,"path_taken":["M","M","?","?","M","R","E","R","T","?","E","R","?","?","R","BOSS","M","M","$","M","?","R","M","E","T","M","R","E","?","M","R","BOSS","M","?","?","?","$","R","M","R","T","E","M","E","M","$","R","BOSS","BOSS"],"build_version":"2019-06-12","purchased_purges":2,"victory":true,"max_hp_per_floor":[72,72,72,72,72,72,72,72,72,72,72,72,72,72,72,72,72,72,72,72,72,72,72,72,72,72,72,72,72,72,74,74,74,74,76,76,76,76,76,76,76,76,76,76,78,78,80,80,80,80,80],"card_choices":[{"not_picked":["Bouncing Flask","Quick Slash"],"picked":"Slice","floor":1},{"not_picked":["Blade Dance","Flying Knee"],"picked":"Noxious Fumes","floor":2},{"not_picked":["Reflex","Deflect"],"picked":"Quick Slash","floor":5},{"not_picked":["Deflect","Blade Dance"],"picked":"Backstab","floor":7},{"not_picked":["Flying Knee","Dagger Spray"],"picked":"Slice","floor":10},{"not_picked":["Skewer","Quick Slash"],"picked":"Terror","floor":11},{"not_picked":["Prepared","Quick Slash"],"picked":"Accuracy","floor":14},{"not_picked":["Tools of the Trade","Corpse Explosion"],"picked":"Adrenaline","floor":16},{"not_picked":["Caltrops","Deflect"],"picked":"Backstab","floor":18},{"not_picked":["Flechettes","Sucker Punch"],"picked":"Infinite Blades+1","floor":19},{"not_picked":["Heel Hook","Poisoned Stab"],"picked":"Finisher","floor":21},{"not_picked":["Acrobatics+1","Prepared+1"],"picked":"PiercingWail+1","floor":24},{"not_picked":["Accuracy","Calculated Gamble+1"],"picked":"Blade Dance+1","floor":25},{"not_picked":["Noxious Fumes","Dagger Throw"],"picked":"After Image","floor":27},{"not_picked":["Heel Hook","Poisoned Stab"],"picked":"Cloak And Dagger+1","floor":29},{"not_picked":["Setup+1","Masterful Stab","Bouncing Flask+1"],"picked":"Singing Bowl","floor":31},{"not_picked":["A Thousand Cuts","Adrenaline+1"],"picked":"Storm of Steel+1","floor":33},{"not_picked":["Dagger Throw","Quick Slash","Bane"],"picked":"Singing Bowl","floor":35},{"not_picked":["Impatience+1","Trip+1"],"picked":"Transmutation+1","floor":36},{"not_picked":["Slice","Dodge and Roll+1"],"picked":"Backstab+1","floor":41},{"not_picked":["Dagger Spray","Quick Slash"],"picked":"Cloak And Dagger+1","floor":44},{"not_picked":["Dodge and Roll+1","Underhanded Strike","Bane"],"picked":"Singing Bowl","floor":45},{"not_picked":["Flying Knee","Slice"],"picked":"Venomology+1","floor":46},{"not_picked":["Bane+1","Sucker Punch","Dodge and Roll+1"],"picked":"Singing Bowl","floor":47}],"player_experience":830493,"relics_obtained":[{"floor":7,"key":"Centennial Puzzle"},{"floor":9,"key":"Shuriken"},{"floor":11,"key":"Dead Branch"},{"floor":25,"key":"Singing Bowl"},{"floor":26,"key":"Dodecahedron"},{"floor":29,"key":"Pantograph"},{"floor":38,"key":"Bottled Lightning"},{"floor":43,"key":"Smiling Mask"},{"floor":44,"key":"Happy Flower"},{"floor":46,"key":"Omamori"}],"event_choices":[{"damage_healed":0,"gold_gain":0,"player_choice":"Take Damage","damage_taken":25,"relics_obtained":["Golden Idol"],"max_hp_gain":0,"max_hp_loss":0,"event_name":"Golden Idol","floor":3,"gold_loss":0},{"damage_healed":0,"gold_gain":0,"player_choice":"Got Potions","damage_taken":0,"max_hp_gain":0,"max_hp_loss":0,"event_name":"Lab","floor":4,"gold_loss":0},{"cards_removed":["Strike_G"],"damage_healed":0,"gold_gain":0,"player_choice":"Offered Basic","damage_taken":0,"max_hp_gain":0,"max_hp_loss":0,"event_name":"Bonfire Elementals","floor":13,"gold_loss":0},{"damage_healed":0,"gold_gain":0,"player_choice":"Opened","damage_taken":0,"relics_obtained":["Bird Faced Urn"],"max_hp_gain":0,"max_hp_loss":0,"event_name":"The Mausoleum","floor":22,"gold_loss":0,"cards_obtained":["Writhe"]},{"damage_healed":0,"gold_gain":0,"player_choice":"Inject Mutagens","damage_taken":0,"relics_obtained":["MutagenicStrength"],"max_hp_gain":0,"max_hp_loss":0,"event_name":"Drug Dealer","floor":30,"gold_loss":0},{"damage_healed":0,"gold_gain":0,"player_choice":"Memory 1","damage_taken":0,"max_hp_gain":0,"max_hp_loss":0,"event_name":"SensoryStone","floor":36,"gold_loss":0},{"cards_removed":["Defend_G"],"damage_healed":0,"gold_gain":0,"player_choice":"Removed Skill","damage_taken":0,"max_hp_gain":0,"max_hp_loss":0,"event_name":"Falling","floor":37,"gold_loss":0}],"is_beta":true,"boss_relics":[{"not_picked":["Empty Cage","White Beast Statue"],"picked":"Cursed Key"},{"not_picked":["Black Star","Orrery"],"picked":"Astrolabe"}],"items_purged_floors":[39,48],"is_endless":false,"potions_floor_spawned":[1,10,11,14,16,18,21,33,44,45,47],"ascension_level":20}