{"gold_per_floor":[113,129,149,161,175,175,210,210,210,210,221,221,255,265,265,339,339,355,2,12,12,24,24,24],"floor_reached":24,"playtime":766,"items_purged":["Strike_G"],"score":420,"play_id":"6ff98f7a-5982-4068-86b1-74b5831d5640","local_time":"20190625095226","is_ascension_mode":true,"campfire_choices":[{"data":"Neutralize","floor":6,"key":"SMITH"},{"floor":8,"key":"REST"},{"data":"Cloak And Dagger","floor":10,"key":"SMITH"},{"floor":15,"key":"REST"},{"floor":23,"key":"REST"}],"neow_cost":"NONE","seed_source_timestamp":116303989986100,"circlet_count":0,"master_deck":["AscendersBane","Strike_G","Strike_G","Strike_G","Strike_G","Defend_G","Defend_G","Defend_G","Defend_G","Defend_G","Survivor","Neutralize+1","Dagger Throw","Crippling Poison","Slice","Endless Agony","Cloak And Dagger+1","Poisoned Stab","Dagger Spray","Quick Slash","Bullet Time","Leg Sweep","Distraction","Necronomicurse","Footwork"],"relics":["Ring of the Serpent","Bag of Marbles","Letter Opener","Mercury Hourglass","Ninja Scroll","Necronomicon"],"potions_floor_usage":[7,7,11,16,22,24],"damage_taken":[{"damage":0,"enemies":"2 Louse","floor":1,"turns":4},{"damage":0,"enemies":"Jaw Worm","floor":2,"turns":4},{"damage":4,"enemies":"Small Slimes","floor":3,"turns":4},{"damage":13,"enemies":"3 Louse","floor":4,"turns":4},{"damage":4,"enemies":"2 Fungi Beasts","floor":5,"turns":3},{"damage":26,"enemies":"Lagavulin","floor":7,"turns":6},{"damage":0,"enemies":"Looter","floor":11,"turns":2},{"damage":21,"enemies":"3 Sentries","floor":13,"turns":6},{"damage":3,"enemies":"Exordium Thugs","floor":14,"turns":2},{"damage":42,"enemies":"Hexaghost","floor":16,"turns":13},{"damage":16,"enemies":"Spheric Guardian","floor":18,"turns":5},{"damage":1,"enemies":"2 Thieves","floor":20,"turns":3},{"damage":17,"enemies":"Shelled Parasite and Fungi","floor":22,"turns":4},{"damage":26,"enemies":"Book of Stabbing","floor":24,"turns":4}],"seed_played":"5929077128673439405","potions_obtained":[{"floor":4,"key":"EntropicBrew"},{"floor":7,"key":"Fire Potion"},{"floor":11,"key":"Fruit Juice"},{"floor":16,"key":"LiquidBronze"},{"floor":18,"key":"PowerPotion"},{"floor":22,"key":"Ancient Potion"}],"is_trial":false,"path_per_floor":["M","M","M","M","M","R","E","R","T","R","M","?","E","M","R","B",null,"M","$","M","?","M","R","E"],"character_chosen":"THE_SILENT","items_purchased":["Ninja Scroll"],"campfire_rested":3,"item_purchase_floors":[19],"current_hp_per_floor":[65,65,61,48,44,44,18,39,39,39,44,44,23,20,43,1,58,42,42,41,20,3,26,0],"gold":24,"neow_bonus":"TEN_PERCENT_HP_BONUS","is_prod":false,"is_daily":false,"chose_seed":false,"campfire_upgraded":2,"win_rate":0,"timestamp":1561449146,"path_taken":["M","M","M","M","M","R","E","R","T","R","M","?","E","M","R","BOSS","M","$","M","?","M","R","E"],"build_version":"2019-06-24","purchased_purges":1,"victory":false,"max_hp_per_floor":[72,72,72,72,72,72,72,72,72,72,77,77,77,77,77,77,77,77,77,77,77,77,77,77],"card_choices":[{"not_picked":["Flying Knee","Backflip"],"picked":"Dagger Throw","floor":1},{"not_picked":["PiercingWail","Backflip"],"picked":"Crippling Poison","floor":2},{"not_picked":["Dagger Throw","Prepared"],"picked":"Slice","floor":3},{"not_picked":["Choke","Bouncing Flask"],"picked":"Endless Agony","floor":4},{"not_picked":["Reflex","Blur"],"picked":"Cloak And Dagger","floor":5},{"not_picked":["Sucker Punch","Underhanded Strike"],"picked":"Poisoned Stab","floor":7},{"not_picked":["Backflip","Reflex"],"picked":"Dagger Spray","floor":11},{"not_picked":["Slice","Deflect"],"picked":"Quick Slash","floor":13},{"not_picked":["Sucker Punch","Dagger Spray","Choke"],"picked":"SKIP","floor":14},{"not_picked":["Night Terror","A Thousand Cuts"],"picked":"Bullet Time","floor":16},{"not_picked":["Heel Hook","Backflip+1"],"picked":"Leg Sweep","floor":18},{"not_picked":["Acrobatics","Predator+1"],"picked":"Distraction","floor":20},{"not_picked":["All Out Attack","Acrobatics"],"picked":"Footwork","floor":22}],"player_experience":886266,"relics_obtained":[{"floor":7,"key":"Bag of Marbles"},{"floor":9,"key":"Letter Opener"},{"floor":13,"key":"Mercury Hourglass"},{"floor":21,"key":"Necronomicon"}],"event_choices":[{"damage_healed":0,"gold_gain":0,"player_choice":"Ignored","damage_taken":0,"max_hp_gain":0,"max_hp_loss":0,"event_name":"Shining Light","floor":12,"gold_loss":0},{"damage_healed":0,"gold_gain":0,"player_choice":"Obtained Book","damage_taken":21,"max_hp_gain":0,"max_hp_loss":0,"event_name":"Cursed Tome","floor":21,"gold_loss":0}],"is_beta":true,"boss_relics":[{"not_picked":["Runic Dome","Empty Cage"],"picked":"Ring of the Serpent"}],"items_purged_floors":[19],"is_endless":false,"potions_floor_spawned":[4,7,11,16,18,22],"killed_by":"Book of Stabbing","ascension_level":20}