{"gold_per_floor":[118,138,138,155,172,172,197,197,197,197,197,197,225,243,243,243],"floor_reached":16,"playtime":464,"items_purged":[],"score":220,"play_id":"6a83d633-f6b3-45a0-9561-f88c58b29f53","local_time":"20190515183445","is_ascension_mode":true,"campfire_choices":[{"data":"Bash","floor":6,"key":"SMITH"},{"floor":8,"key":"REST"},{"data":"Pommel Strike","floor":10,"key":"SMITH"},{"data":"Shockwave","floor":12,"key":"SMITH"},{"data":"Flame Barrier","floor":15,"key":"SMITH"}],"neow_cost":"NONE","seed_source_timestamp":31803657332300,"circlet_count":0,"master_deck":["AscendersBane","Strike_R","Strike_R","Strike_R","Defend_R","Defend_R","Defend_R","Defend_R","Bash+1","True Grit","Pommel Strike+1","Pommel Strike","Headbutt","Shockwave+1","Flame Barrier+1"],"relics":["Burning Blood","Darkstone Periapt","Bottled Flame","Letter Opener"],"potions_floor_usage":[13,16,16],"damage_taken":[{"damage":14,"enemies":"Jaw Worm","floor":1,"turns":4},{"damage":12,"enemies":"Small Slimes","floor":2,"turns":5},{"damage":6,"enemies":"Cultist","floor":4,"turns":4},{"damage":17,"enemies":"Looter","floor":5,"turns":4},{"damage":33,"enemies":"3 Sentries","floor":7,"turns":12},{"damage":13,"enemies":"Lagavulin","floor":13,"turns":7},{"damage":5,"enemies":"Exordium Wildlife","floor":14,"turns":4},{"damage":43,"enemies":"Slime Boss","floor":16,"turns":7}],"seed_played":"-1013466230919369476","potions_obtained":[{"floor":5,"key":"Strength Potion"},{"floor":7,"key":"GamblersBrew"},{"floor":13,"key":"BloodPotion"}],"is_trial":false,"path_per_floor":["M","M","?","M","M","R","E","R","T","R","?","R","E","M","R","B"],"character_chosen":"IRONCLAD","items_purchased":[],"campfire_rested":1,"item_purchase_floors":[],"current_hp_per_floor":[67,61,61,61,50,50,23,47,47,47,40,40,33,34,34,0],"gold":243,"neow_bonus":"TEN_PERCENT_HP_BONUS","is_prod":false,"is_daily":false,"chose_seed":false,"campfire_upgraded":4,"win_rate":0,"timestamp":1557938085,"path_taken":["M","M","?","M","M","R","E","R","T","R","?","R","E","M","R","BOSS"],"build_version":"2019-05-07","purchased_purges":0,"victory":false,"max_hp_per_floor":[82,82,82,82,82,82,82,82,82,82,82,82,82,82,82,82],"card_choices":[{"not_picked":["Warcry","Iron Wave"],"picked":"True Grit","floor":1},{"not_picked":["Sword Boomerang","Rage"],"picked":"Pommel Strike","floor":2},{"not_picked":["Flex","Thunderclap"],"picked":"Pommel Strike","floor":4},{"not_picked":["Armaments","Heavy Blade"],"picked":"Headbutt","floor":5},{"not_picked":["Dropkick","Anger"],"picked":"Shockwave","floor":7},{"not_picked":["Dropkick","Hemokinesis","Pommel Strike"],"picked":"SKIP","floor":13},{"not_picked":["Body Slam","Seeing Red"],"picked":"Flame Barrier","floor":14}],"player_experience":719444,"relics_obtained":[{"floor":7,"key":"Darkstone Periapt"},{"floor":9,"key":"Bottled Flame"},{"floor":13,"key":"Letter Opener"}],"event_choices":[{"cards_removed":["Strike_R"],"damage_healed":0,"gold_gain":0,"player_choice":"Forget","damage_taken":0,"max_hp_gain":0,"max_hp_loss":0,"event_name":"Living Wall","floor":3,"gold_loss":0},{"cards_removed":["Strike_R"],"damage_healed":0,"gold_gain":0,"player_choice":"Card Removal","damage_taken":7,"max_hp_gain":0,"max_hp_loss":0,"event_name":"Golden Wing","floor":11,"gold_loss":0}],"is_beta":true,"boss_relics":[],"items_purged_floors":[],"is_endless":false,"potions_floor_spawned":[5,7,13],"killed_by":"Slime Boss","ascension_level":20}