{"gold_per_floor":[115,115,126,141,156,156,181,195,195,195,229,229,154,174,174,250,250,266,266,266],"floor_reached":20,"playtime":565,"items_purged":[],"score":364,"play_id":"c2f7f97e-7919-4862-962f-ad77f5cbc16b","local_time":"20190513221311","is_ascension_mode":true,"campfire_choices":[{"data":"Uppercut","floor":6.0,"key":"SMITH"},{"data":"Demon Form","floor":10.0,"key":"SMITH"},{"data":"Bash","floor":12.0,"key":"SMITH"},{"floor":15.0,"key":"REST"}],"neow_cost":"NONE","seed_source_timestamp":17422062298300,"circlet_count":0,"master_deck":["AscendersBane","Strike_R","Strike_R","Strike_R","Defend_R","Defend_R","Defend_R","Defend_R","Bash+1","Pommel Strike","Thunderclap","Uppercut+1","Clothesline","Shrug It Off","Demon Form+1","Immolate","Feed"],"special_seed":0,"relics":["Burning Blood","Darkstone Periapt","Letter Opener","Calipers","Anchor","Odd Mushroom","Velvet Choker"],"potions_floor_usage":[20],"damage_taken":[{"damage":7.0,"enemies":"Cultist","floor":1.0,"turns":4.0},{"damage":7.0,"enemies":"Small Slimes","floor":3.0,"turns":4.0},{"damage":3.0,"enemies":"2 Louse","floor":4.0,"turns":3.0},{"damage":10.0,"enemies":"Large Slime","floor":5.0,"turns":6.0},{"damage":32.0,"enemies":"3 Sentries","floor":7.0,"turns":7.0},{"damage":3.0,"enemies":"Looter","floor":8.0,"turns":3.0},{"damage":17.0,"enemies":"Lagavulin","floor":11.0,"turns":5.0},{"damage":1.0,"enemies":"The Mushroom Lair","floor":14.0,"turns":3.0},{"damage":50.0,"enemies":"The Guardian","floor":16.0,"turns":11.0},{"damage":21.0,"enemies":"Shell Parasite","floor":18.0,"turns":7.0},{"damage":36,"enemies":"Colosseum Slavers","floor":20,"turns":3}],"seed_played":"-8644301485909515229","potions_obtained":[{"floor":3.0,"key":"SneckoOil"},{"floor":4.0,"key":"SkillPotion"},{"floor":11.0,"key":"SteroidPotion"}],"is_trial":false,"path_per_floor":["M","T","M","M","M","R","E","M","T","R","E","R","?","?","R","B",null,"M","?","?"],"character_chosen":"IRONCLAD","items_purchased":[],"campfire_rested":1,"item_purchase_floors":[],"current_hp_per_floor":[67,67,66,69,65,65,39,42,42,42,31,31,31,36,58,14,60,45,24,0],"gold":266,"neow_bonus":"REMOVE_CARD","is_prod":false,"is_daily":false,"chose_seed":false,"campfire_upgraded":3,"win_rate":0,"timestamp":1557778391,"path_taken":["M","?","M","M","M","R","E","M","T","R","E","R","?","?","R","BOSS","M","?","?"],"build_version":"2019-05-07","purchased_purges":0,"victory":false,"max_hp_per_floor":[75,75,75,75,75,75,75,75,75,75,75,75,75,75,75,75,75,75,80,80],"card_choices":[{"not_picked":["Clash","Bloodletting"],"picked":"Pommel Strike","floor":1.0},{"not_picked":["Sentinel","Combust"],"picked":"Thunderclap","floor":3.0},{"not_picked":["Heavy Blade","Sever Soul"],"picked":"Uppercut","floor":4.0},{"not_picked":["Anger","Dropkick"],"picked":"Clothesline","floor":5.0},{"not_picked":["Headbutt","Sentinel"],"picked":"Shrug It Off","floor":7.0},{"not_picked":["Clash","True Grit"],"picked":"Demon Form","floor":8.0},{"not_picked":["Wild Strike","Armaments"],"picked":"Immolate","floor":11.0},{"not_picked":["Berserk","Demon Form"],"picked":"Feed","floor":16.0},{"not_picked":["Headbutt","Clothesline","Evolve"],"picked":"SKIP","floor":18.0}],"player_experience":703576,"relics_obtained":[{"floor":2.0,"key":"Darkstone Periapt"},{"floor":7.0,"key":"Letter Opener"},{"floor":9.0,"key":"Calipers"},{"floor":11.0,"key":"Anchor"},{"floor":14.0,"key":"Odd Mushroom"}],"event_choices":[{"cards_removed":["Strike_R"],"damage_healed":0.0,"max_hp_gain":0.0,"max_hp_loss":0.0,"gold_gain":0.0,"event_name":"The Cleric","player_choice":"Card Removal","floor":13.0,"gold_loss":75.0,"damage_taken":0.0},{"damage_healed":0.0,"max_hp_gain":0.0,"max_hp_loss":0.0,"gold_gain":0.0,"event_name":"Mushrooms","player_choice":"Fought Mushrooms","floor":14.0,"gold_loss":0.0,"damage_taken":0.0},{"damage_healed":0.0,"max_hp_gain":5.0,"max_hp_loss":0.0,"gold_gain":0.0,"event_name":"Forgotten Altar","player_choice":"Shed Blood","floor":19.0,"gold_loss":0.0,"damage_taken":26.0},{"damage_healed":0,"gold_gain":0,"player_choice":"Fight","damage_taken":0,"max_hp_gain":0,"max_hp_loss":0,"event_name":"Colosseum","floor":20,"gold_loss":0}],"is_beta":true,"boss_relics":[{"not_picked":["Coffee Dripper","White Beast Statue"],"picked":"Velvet Choker"}],"items_purged_floors":[],"is_endless":false,"potions_floor_spawned":[3,4,11],"killed_by":"Colosseum Slavers","ascension_level":20}