{"gold_per_floor":[15,32,48,58,73,106,106,95,167,177,207,207,241,25,25,129,129,140,153,173,193,213,213,226,226,250,250],"floor_reached":27,"playtime":4875,"items_purged":[],"score":349,"play_id":"27ab79d2-330f-481e-8021-a4caf287fbbc","local_time":"20190605040935","is_ascension_mode":true,"campfire_choices":[{"data":"Echo Form","floor":7,"key":"SMITH"},{"data":"Apotheosis","floor":15,"key":"SMITH"}],"neow_cost":"NO_GOLD","seed_source_timestamp":1303450229204115,"circlet_count":0,"master_deck":["Strike_B","Strike_B","Strike_B","Defend_B","Defend_B","Defend_B","Defend_B","Zap","Dualcast","Reinforced Body","Redo","Recycle","Glacier","Sweeping Beam","Echo Form+1","Coolheaded","Conserve Battery","Machine Learning","Cold Snap","Apotheosis+1","Barrage","Fusion","Compile Driver","Skim","Recycle","All For One","Loop","BootSequence","Fusion"],"relics":["Cracked Core","Ice Cream","Blood Vial","Gremlin Horn","Du-Vu Doll","Dead Branch","Inserter","Kunai","Pen Nib"],"potions_floor_usage":[3,5,13,19,20,21,22],"damage_taken":[{"damage":4,"enemies":"Small Slimes","floor":1,"turns":4},{"damage":0,"enemies":"Cultist","floor":2,"turns":3},{"damage":0,"enemies":"Jaw Worm","floor":3,"turns":2},{"damage":0,"enemies":"3 Louse","floor":4,"turns":4},{"damage":2,"enemies":"Large Slime","floor":5,"turns":6},{"damage":13,"enemies":"3 Sentries","floor":6,"turns":12},{"damage":8,"enemies":"Exordium Thugs","floor":8,"turns":4},{"damage":9,"enemies":"Exordium Wildlife","floor":10,"turns":9},{"damage":3,"enemies":"Lagavulin","floor":11,"turns":7},{"damage":9,"enemies":"3 Sentries","floor":13,"turns":8},{"damage":0,"enemies":"Hexaghost","floor":16,"turns":9},{"damage":5,"enemies":"Chosen","floor":18,"turns":6},{"damage":3,"enemies":"Spheric Guardian","floor":19,"turns":8},{"damage":24,"enemies":"Cultist and Chosen","floor":20,"turns":8},{"damage":19,"enemies":"Snake Plant","floor":21,"turns":5},{"damage":27,"enemies":"Sentry and Sphere","floor":22,"turns":5},{"damage":2,"enemies":"3 Cultists","floor":24,"turns":5},{"damage":15,"enemies":"Book of Stabbing","floor":27,"turns":3}],"seed_played":"-1812806672652290727","potions_obtained":[{"floor":1,"key":"Block Potion"},{"floor":2,"key":"Fire Potion"},{"floor":5,"key":"LiquidBronze"},{"floor":11,"key":"Ancient Potion"},{"floor":12,"key":"Block Potion"},{"floor":12,"key":"Block Potion"},{"floor":16,"key":"FocusPotion"},{"floor":18,"key":"AttackPotion"},{"floor":21,"key":"Explosive Potion"}],"is_trial":false,"path_per_floor":["M","M","M","M","M","E","R","M","T","M","E","?","E","$","R","B",null,"M","M","M","M","M","T","M","?","T","E"],"character_chosen":"DEFECT","items_purchased":["Apotheosis","Barrage"],"campfire_rested":0,"item_purchase_floors":[14,14],"current_hp_per_floor":[71,71,71,71,69,56,56,50,50,43,42,42,35,35,35,37,75,70,69,47,30,5,5,5,5,5,0],"gold":250,"neow_bonus":"ONE_RARE_RELIC","is_prod":false,"is_daily":false,"chose_seed":false,"campfire_upgraded":2,"win_rate":0,"timestamp":1559729375,"path_taken":["M","M","M","M","M","E","R","M","T","M","E","?","E","$","R","BOSS","M","M","M","M","M","?","?","?","T","E"],"build_version":"2019-01-23","purchased_purges":0,"victory":false,"max_hp_per_floor":[75,75,75,75,75,75,75,75,75,75,75,75,75,75,75,75,75,75,75,75,75,75,75,75,75,75,75],"card_choices":[{"not_picked":["Storm","Hologram"],"picked":"Reinforced Body","floor":1},{"not_picked":["Stack","Turbo"],"picked":"Redo","floor":2},{"not_picked":["Blizzard","Rebound"],"picked":"Recycle","floor":3},{"not_picked":["Go for the Eyes","Rebound"],"picked":"Glacier","floor":4},{"not_picked":["Streamline","Barrage"],"picked":"Sweeping Beam","floor":5},{"not_picked":["Capacitor","Streamline"],"picked":"Echo Form","floor":6},{"not_picked":["Stack","Go for the Eyes"],"picked":"Coolheaded","floor":8},{"not_picked":["Heatsinks","Static Discharge"],"picked":"Conserve Battery","floor":10},{"not_picked":["FTL","Chaos"],"picked":"Machine Learning","floor":11},{"not_picked":["Go for the Eyes","All For One"],"picked":"Cold Snap","floor":13},{"not_picked":["Core Surge","Reboot"],"picked":"Amplify","floor":16},{"not_picked":["Rebound","Barrage"],"picked":"Fusion","floor":18},{"not_picked":["Rebound","Steam Power"],"picked":"Compile Driver","floor":19},{"not_picked":["Beam Cell","Redo+1"],"picked":"Skim","floor":20},{"not_picked":["Compile Driver","Hologram"],"picked":"Recycle","floor":21},{"not_picked":["White Noise","Defragment"],"picked":"All For One","floor":22},{"not_picked":["Compile Driver","Reinforced Body"],"picked":"Loop","floor":24}],"player_experience":290702,"relics_obtained":[{"floor":6,"key":"Blood Vial"},{"floor":9,"key":"Gremlin Horn"},{"floor":11,"key":"Du-Vu Doll"},{"floor":13,"key":"Dead Branch"},{"floor":23,"key":"Kunai"},{"floor":26,"key":"Pen Nib"}],"event_choices":[{"damage_healed":0,"gold_gain":0,"player_choice":"Got Potions","damage_taken":0,"max_hp_gain":0,"max_hp_loss":0,"event_name":"Lab","floor":12,"gold_loss":0},{"damage_healed":0,"gold_gain":0,"cards_transformed":["Amplify","Strike_B"],"player_choice":"Became Test Subject","damage_taken":0,"max_hp_gain":0,"max_hp_loss":0,"event_name":"Drug Dealer","floor":25,"gold_loss":0,"cards_obtained":["BootSequence","Fusion"]}],"is_beta":false,"boss_relics":[{"not_picked":["Coffee Dripper","Runic Pyramid"],"picked":"Inserter"}],"items_purged_floors":[],"is_endless":false,"potions_floor_spawned":[1,2,5,11,16,18,21],"killed_by":"Book of Stabbing","ascension_level":4}