{"gold_per_floor":[113,127,139,149,149,175,175,205,205,234,245,264,283,303,303,398,398,415,415,35,53,65,65,98,98,98,153,253,0,10,30,30,127,127,146,163,174,174,193,226,236,236,289,303,303,303,29,46,46,46],"floor_reached":51,"playtime":6119,"items_purged":[],"score":1188,"play_id":"e674334b-8bf2-44e6-b5ee-c1f2fa6e1fba","local_time":"20190611110740","is_ascension_mode":true,"campfire_choices":[{"floor":7,"key":"REST"},{"data":"Zap","floor":15,"key":"SMITH"},{"data":"Buffer","floor":23,"key":"SMITH"},{"data":"Dualcast","floor":25,"key":"SMITH"},{"data":"Machine Learning","floor":32,"key":"SMITH"},{"data":"Echo Form","floor":42,"key":"SMITH"},{"data":"Defragment","floor":49,"key":"SMITH"}],"neow_cost":"PERCENT_DAMAGE","seed_source_timestamp":1845791499413332,"circlet_count":0,"master_deck":["Strike_B","Strike_B","Strike_B","Defend_B","Defend_B","Defend_B","Zap+1","Dualcast+1","Sweeping Beam","Reinforced Body","Glacier","Cold Snap","Conserve Battery","Gash","Glacier","Loop","Ball Lightning","Hologram","Blizzard","Buffer+1","Hologram+1","Self Repair","Hologram","Rebound","Barrage","Undo+1","Stack+1","White Noise+1","Machine Learning+1","Master of Strategy+1","Glacier+1","Cold Snap","Conserve Battery+1","Ball Lightning","Hologram+1","Multi-Cast+1","Defragment+1","Conserve Battery+1","Aggregate+1","Stack+1","Ball Lightning+1","Sweeping Beam+1","Consume+1","Reprogram+1","Echo Form+1","Defragment+1","Heatsinks+1","Static Discharge+1","Mind Blast","Violence+1","Secret Technique+1","Defragment","Ball Lightning+1","Rebound"],"relics":["Cracked Core","Ginger","Thread and Needle","Matryoshka","Strawberry","Sundial","Oddly Smooth Stone","Coffee Dripper","Toxic Egg 2","Pear","Art of War","Omamori","Tiny Chest","Prayer Wheel","Shuriken","Cursed Key","Blue Candle","Bag of Preparation","Frozen Eye"],"potions_floor_usage":[6,13,16,18,24,24,30,35,39,40,41,44,50],"damage_taken":[{"damage":1,"enemies":"Cultist","floor":1,"turns":3},{"damage":4,"enemies":"Jaw Worm","floor":2,"turns":3},{"damage":11,"enemies":"Small Slimes","floor":3,"turns":4},{"damage":2,"enemies":"Blue Slaver","floor":4,"turns":4},{"damage":16,"enemies":"Lagavulin","floor":6,"turns":9},{"damage":2,"enemies":"3 Sentries","floor":8,"turns":11},{"damage":0,"enemies":"Lagavulin","floor":10,"turns":10},{"damage":0,"enemies":"2 Fungi Beasts","floor":11,"turns":4},{"damage":0,"enemies":"Looter","floor":12,"turns":4},{"damage":0,"enemies":"Large Slime","floor":13,"turns":4},{"damage":0,"enemies":"Blue Slaver","floor":14,"turns":4},{"damage":0,"enemies":"Slime Boss","floor":16,"turns":9},{"damage":0,"enemies":"3 Byrds","floor":18,"turns":6},{"damage":0,"enemies":"Chosen","floor":21,"turns":4},{"damage":0,"enemies":"Snecko","floor":22,"turns":5},{"damage":0,"enemies":"Gremlin Leader","floor":24,"turns":9},{"damage":0,"enemies":"Book of Stabbing","floor":27,"turns":8},{"damage":0,"enemies":"Colosseum Slavers","floor":28,"turns":5},{"damage":36,"enemies":"Colosseum Nobs","floor":28,"turns":7},{"damage":0,"enemies":"Snake Plant","floor":30,"turns":4},{"damage":0,"enemies":"Centurion and Healer","floor":31,"turns":8},{"damage":0,"enemies":"Champ","floor":33,"turns":13},{"damage":4,"enemies":"3 Darklings","floor":35,"turns":5},{"damage":0,"enemies":"Orb Walker","floor":36,"turns":4},{"damage":0,"enemies":"3 Darklings","floor":37,"turns":4},{"damage":19,"enemies":"Spire Growth","floor":39,"turns":5},{"damage":5,"enemies":"Giant Head","floor":40,"turns":9},{"damage":0,"enemies":"Transient","floor":41,"turns":5},{"damage":13,"enemies":"Writhing Mass","floor":44,"turns":5},{"damage":18,"enemies":"Sphere and 2 Shapes","floor":48,"turns":3},{"damage":20,"enemies":"Donu and Deca","floor":50,"turns":7}],"seed_played":"-1319616625352069768","potions_obtained":[{"floor":1,"key":"GamblersBrew"},{"floor":8,"key":"Energy Potion"},{"floor":10,"key":"Weak Potion"},{"floor":11,"key":"SkillPotion"},{"floor":13,"key":"Dexterity Potion"},{"floor":18,"key":"Fire Potion"},{"floor":28,"key":"Swift Potion"},{"floor":30,"key":"Poison Potion"},{"floor":33,"key":"FocusPotion"},{"floor":35,"key":"Regen Potion"},{"floor":37,"key":"SkillPotion"},{"floor":41,"key":"Regen Potion"},{"floor":44,"key":"LiquidBronze"}],"is_trial":false,"path_per_floor":["M","M","M","M","?","E","R","E","T","E","M","M","M","M","R","B",null,"M","?","$","M","M","R","E","R","T","E","?","$","M","M","R","B",null,"M","M","M","?","M","E","M","R","T","M","?","?","$","M","R","B",null],"character_chosen":"DEFECT","items_purchased":["Self Repair","Hologram","Rebound","Toxic Egg 2","Master of Strategy+1","Glacier+1","Defragment","Frozen Eye"],"campfire_rested":1,"item_purchase_floors":[20,20,20,20,29,29,47,47],"current_hp_per_floor":[53,49,38,36,36,20,42,40,47,47,47,47,47,47,47,47,73,73,73,73,80,80,80,92,92,92,92,63,63,63,70,70,70,87,90,92,92,92,80,92,92,92,92,92,87,77,77,66,66,46],"gold":46,"neow_bonus":"ONE_RARE_RELIC","is_prod":false,"is_daily":false,"chose_seed":false,"campfire_upgraded":6,"win_rate":0,"timestamp":1560272860,"path_taken":["M","M","M","M","?","E","R","E","T","E","M","M","M","?","R","BOSS","M","?","$","M","M","R","E","R","T","E","?","$","M","M","R","BOSS","M","M","M","?","M","E","M","R","T","M","?","?","$","M","R","BOSS"],"build_version":"2019-01-23","purchased_purges":0,"victory":true,"max_hp_per_floor":[75,75,75,75,75,75,75,75,82,82,82,82,82,82,82,82,82,82,82,82,82,82,82,92,92,92,92,92,92,92,92,92,92,92,92,92,92,92,92,92,92,92,92,92,87,87,87,87,87,87],"card_choices":[{"not_picked":["Conserve Battery","Leap"],"picked":"Sweeping Beam","floor":1},{"not_picked":["Streamline","Multi-Cast"],"picked":"Reinforced Body","floor":2},{"not_picked":["Ball Lightning","Darkness"],"picked":"Glacier","floor":3},{"not_picked":["Compile Driver","Skim"],"picked":"Cold Snap","floor":4},{"not_picked":["Undo","Leap"],"picked":"Conserve Battery","floor":6},{"not_picked":["Steam","Hyperbeam"],"picked":"Gash","floor":8},{"not_picked":["Streamline","Rip and Tear"],"picked":"Glacier","floor":10},{"not_picked":["Hello World","Compile Driver"],"picked":"Loop","floor":11},{"not_picked":["Reinforced Body","Turbo"],"picked":"Ball Lightning","floor":12},{"not_picked":["Darkness","Steam"],"picked":"Hologram","floor":13},{"not_picked":["Cold Snap","Stack"],"picked":"Blizzard","floor":14},{"not_picked":["Hyperbeam","Meteor Strike"],"picked":"Buffer","floor":16},{"not_picked":["BootSequence","Redo"],"picked":"Hologram+1","floor":18},{"not_picked":["Go for the Eyes","Steam+1"],"picked":"Barrage","floor":21},{"not_picked":["Turbo+1","Reinforced Body+1"],"picked":"Undo+1","floor":22},{"not_picked":["Streamline","Steam Power+1"],"picked":"Stack+1","floor":24},{"not_picked":["Self Repair","Turbo+1"],"picked":"White Noise+1","floor":27},{"not_picked":["Rebound","Storm"],"picked":"Machine Learning","floor":28},{"not_picked":["Sweeping Beam+1","Force Field+1"],"picked":"Cold Snap","floor":30},{"not_picked":["Steam+1","Cold Snap"],"picked":"Conserve Battery+1","floor":30},{"not_picked":["Rebound","Scrape"],"picked":"Ball Lightning","floor":31},{"not_picked":["Steam+1","Leap+1"],"picked":"Hologram+1","floor":31},{"not_picked":["Fission+1","Biased Cognition"],"picked":"Multi-Cast+1","floor":33},{"not_picked":["Scrape","Sweeping Beam"],"picked":"Defragment+1","floor":35},{"not_picked":["Reprogram+1","Double Energy+1"],"picked":"Conserve Battery+1","floor":35},{"not_picked":["Steam Power+1","Steam+1"],"picked":"Aggregate+1","floor":36},{"not_picked":["Lockon","Auto Shields+1","Cold Snap"],"picked":"SKIP","floor":36},{"not_picked":["Beam Cell+1","Sweeping Beam+1"],"picked":"Stack+1","floor":37},{"not_picked":["Rebound","Glacier+1"],"picked":"Ball Lightning+1","floor":37},{"not_picked":["FTL","Redo+1"],"picked":"Sweeping Beam+1","floor":39},{"not_picked":["Cold Snap","Leap+1"],"picked":"Consume+1","floor":39},{"not_picked":["Go for the Eyes+1","Streamline"],"picked":"Reprogram+1","floor":40},{"not_picked":["Scrape","Compile Driver+1"],"picked":"Echo Form","floor":41},{"not_picked":["Double Energy+1","Gash"],"picked":"Defragment","floor":41},{"not_picked":["BootSequence+1","Double Energy+1"],"picked":"Heatsinks+1","floor":44},{"not_picked":["Cold Snap","Go for the Eyes"],"picked":"Static Discharge+1","floor":44},{"not_picked":["Panacea+1","Transmutation+1"],"picked":"Mind Blast","floor":46},{"not_picked":["Madness+1","Deep Breath+1"],"picked":"Violence+1","floor":46},{"not_picked":["Panacea+1","Secret Weapon+1"],"picked":"Secret Technique+1","floor":46},{"not_picked":["Redo+1","Turbo+1"],"picked":"Ball Lightning+1","floor":48},{"not_picked":["Beam Cell+1","Go for the Eyes"],"picked":"Rebound","floor":48}],"player_experience":335048,"relics_obtained":[{"floor":6,"key":"Thread and Needle"},{"floor":8,"key":"Matryoshka"},{"floor":9,"key":"Strawberry"},{"floor":9,"key":"Sundial"},{"floor":10,"key":"Oddly Smooth Stone"},{"floor":24,"key":"Pear"},{"floor":26,"key":"Art of War"},{"floor":26,"key":"Omamori"},{"floor":27,"key":"Tiny Chest"},{"floor":28,"key":"Prayer Wheel"},{"floor":28,"key":"Shuriken"},{"floor":40,"key":"Blue Candle"},{"floor":43,"key":"Bag of Preparation"}],"event_choices":[{"cards_removed":["Strike_B"],"damage_healed":0,"gold_gain":0,"player_choice":"Offered Basic","damage_taken":0,"max_hp_gain":0,"max_hp_loss":0,"event_name":"Bonfire Elementals","floor":5,"gold_loss":0},{"damage_healed":0,"gold_gain":0,"player_choice":"Ignored","damage_taken":0,"max_hp_gain":0,"max_hp_loss":0,"event_name":"Ghosts","floor":19,"gold_loss":0},{"damage_healed":0,"gold_gain":0,"player_choice":"Fight","damage_taken":0,"max_hp_gain":0,"max_hp_loss":0,"event_name":"Colosseum","floor":28,"gold_loss":0},{"damage_healed":0,"gold_gain":0,"player_choice":"Fought Nobs","damage_taken":0,"max_hp_gain":0,"max_hp_loss":0,"event_name":"Colosseum","floor":28,"gold_loss":0},{"cards_removed":["Defend_B"],"damage_healed":0,"gold_gain":0,"player_choice":"Removed Skill","damage_taken":0,"max_hp_gain":0,"max_hp_loss":0,"event_name":"Falling","floor":38,"gold_loss":0},{"damage_healed":0,"gold_gain":0,"player_choice":"Max HP","damage_taken":0,"max_hp_gain":0,"max_hp_loss":5,"event_name":"Winding Halls","floor":45,"gold_loss":0},{"damage_healed":0,"gold_gain":0,"player_choice":"Memory 3","damage_taken":10,"max_hp_gain":0,"max_hp_loss":0,"event_name":"SensoryStone","floor":46,"gold_loss":0}],"is_beta":false,"boss_relics":[{"not_picked":["Nuclear Battery","Empty Cage"],"picked":"Coffee Dripper"},{"not_picked":["Sozu","Pandora\u0027s Box"],"picked":"Cursed Key"}],"items_purged_floors":[],"is_endless":false,"potions_floor_spawned":[1,8,10,11,12,13,18,28,28,30,33,35,37,41,44],"ascension_level":5}