{"gold_per_floor":[119,139,214,227,241,241,276,308,320,332,372,404,416,443,455,566,578,603,615,170,191,191,234,234,234,234,260,260],"floor_reached":28,"playtime":1128,"items_purged":["Injury"],"score":521,"play_id":"e27c413a-28c2-437b-a31f-b38c607ab1c9","local_time":"20190625092013","is_ascension_mode":true,"campfire_choices":[{"data":"Uppercut","floor":6,"key":"SMITH"},{"data":"Armaments","floor":10,"key":"SMITH"},{"floor":15,"key":"REST"},{"data":"Demon Form","floor":24,"key":"SMITH"}],"neow_cost":"NONE","seed_source_timestamp":114009435984100,"circlet_count":0,"master_deck":["AscendersBane","Defend_R","Defend_R","Defend_R","Defend_R","Bash","Fire Breathing","Uppercut+1","Metallicize","Anger","Rampage","Armaments+1","Intimidate","Impervious","Thunderclap","Demon Form+1","Shrug It Off","Bite","Bite","Bite+1","Bite+1","Bite","Feel No Pain","Dark Shackles","Disarm","Writhe","Feel No Pain"],"relics":["Burning Blood","Red Skull","MawBank","The Courier","Blue Candle","Golden Idol","Mark of Pain","Bronze Scales","Orichalcum","Toxic Egg 2","Bottled Flame","Juzu Bracelet","Whetstone"],"potions_floor_usage":[7,11,16,16,23,28],"damage_taken":[{"damage":7,"enemies":"Cultist","floor":1,"turns":4},{"damage":2,"enemies":"2 Louse","floor":2,"turns":4},{"damage":12,"enemies":"Jaw Worm","floor":4,"turns":3},{"damage":12,"enemies":"Looter","floor":5,"turns":4},{"damage":19,"enemies":"Lagavulin","floor":7,"turns":6},{"damage":5,"enemies":"Blue Slaver","floor":8,"turns":3},{"damage":20,"enemies":"3 Sentries","floor":11,"turns":6},{"damage":6,"enemies":"Red Slaver","floor":12,"turns":4},{"damage":4,"enemies":"Large Slime","floor":14,"turns":4},{"damage":35,"enemies":"The Guardian","floor":16,"turns":15},{"damage":38,"enemies":"Spheric Guardian","floor":18,"turns":6},{"damage":3,"enemies":"3 Byrds","floor":21,"turns":3},{"damage":31,"enemies":"Book of Stabbing","floor":23,"turns":7},{"damage":37,"enemies":"Gremlin Leader","floor":28,"turns":7}],"seed_played":"5823730572936251972","potions_obtained":[{"floor":1,"key":"Fire Potion"},{"floor":2,"key":"Poison Potion"},{"floor":7,"key":"Swift Potion"},{"floor":12,"key":"EssenceOfSteel"},{"floor":16,"key":"Dexterity Potion"},{"floor":23,"key":"Swift Potion"}],"is_trial":false,"path_per_floor":["M","M","?","M","M","R","E","M","T","R","E","M","?","M","R","B",null,"M","?","$","M","?","E","R","?","T","T","E"],"character_chosen":"IRONCLAD","items_purchased":["Feel No Pain","Bronze Scales","Dark Shackles","Orichalcum"],"campfire_rested":1,"item_purchase_floors":[20,20,20,20],"current_hp_per_floor":[67,71,60,54,48,48,35,36,36,36,22,22,22,24,46,17,61,29,29,29,39,39,29,29,16,16,16,0],"gold":260,"neow_bonus":"RANDOM_COMMON_RELIC","is_prod":false,"is_daily":false,"chose_seed":false,"campfire_upgraded":3,"win_rate":0,"timestamp":1561447213,"path_taken":["M","M","?","M","M","R","E","M","T","R","E","M","?","M","R","BOSS","M","?","$","M","?","E","R","?","T","?","E"],"build_version":"2019-06-24","purchased_purges":1,"victory":false,"max_hp_per_floor":[75,75,75,75,75,75,75,75,75,75,75,75,75,75,75,75,75,75,52,52,52,52,52,52,57,57,57,57],"card_choices":[{"not_picked":["Dual Wield","Warcry"],"picked":"Fire Breathing","floor":1},{"not_picked":["Clothesline","Body Slam"],"picked":"Uppercut","floor":2},{"not_picked":["Second Wind","Spot Weakness"],"picked":"Metallicize","floor":4},{"not_picked":["Carnage","Flex"],"picked":"Anger","floor":5},{"not_picked":["Clothesline","Iron Wave"],"picked":"Rampage","floor":7},{"not_picked":["Warcry","Sword Boomerang"],"picked":"Armaments","floor":8},{"not_picked":["Searing Blow","Anger"],"picked":"Intimidate","floor":11},{"not_picked":["Havoc","Second Wind"],"picked":"Impervious","floor":12},{"not_picked":["Anger","Cleave"],"picked":"Thunderclap","floor":14},{"not_picked":["Reaper","Limit Break"],"picked":"Demon Form","floor":16},{"not_picked":["Heavy Blade","Body Slam+1"],"picked":"Shrug It Off","floor":18},{"not_picked":["Thunderclap","Wild Strike"],"picked":"Disarm","floor":21},{"not_picked":["Rampage","Headbutt+1"],"picked":"Feel No Pain","floor":23}],"player_experience":884050,"relics_obtained":[{"floor":7,"key":"MawBank"},{"floor":9,"key":"The Courier"},{"floor":11,"key":"Blue Candle"},{"floor":23,"key":"Bottled Flame"},{"floor":26,"key":"Juzu Bracelet"},{"floor":27,"key":"Whetstone"}],"event_choices":[{"damage_healed":0,"gold_gain":75,"player_choice":"Gather Gold","damage_taken":11,"max_hp_gain":0,"max_hp_loss":0,"event_name":"World of Goop","floor":3,"gold_loss":0},{"damage_healed":0,"gold_gain":0,"player_choice":"Take Wound","damage_taken":0,"relics_obtained":["Golden Idol"],"max_hp_gain":0,"max_hp_loss":0,"event_name":"Golden Idol","floor":13,"gold_loss":0,"cards_obtained":["Injury"]},{"damage_healed":0,"gold_gain":0,"player_choice":"Became a vampire","damage_taken":0,"max_hp_gain":0,"max_hp_loss":23,"event_name":"Vampires","floor":19,"gold_loss":0,"cards_obtained":["Bite","Bite","Bite","Bite","Bite"]},{"damage_healed":0,"gold_gain":0,"player_choice":"Opened","damage_taken":0,"relics_obtained":["Toxic Egg 2"],"max_hp_gain":0,"max_hp_loss":0,"event_name":"The Mausoleum","floor":22,"gold_loss":0,"cards_obtained":["Writhe"]},{"damage_healed":0,"gold_gain":0,"player_choice":"Shed Blood","damage_taken":18,"max_hp_gain":5,"max_hp_loss":0,"event_name":"Forgotten Altar","floor":25,"gold_loss":0}],"is_beta":true,"boss_relics":[{"not_picked":["Black Star","Sozu"],"picked":"Mark of Pain"}],"items_purged_floors":[20],"is_endless":false,"potions_floor_spawned":[1,2,7,8,12,16,23],"killed_by":"Gremlin Leader","ascension_level":20}