{"gold_per_floor":[212,212,41,56,69,69,82,82,82,82,82,150,200,218,218,292,292,252,92,57,107,123,123,136,186,186,161,221,240,253,269,269,269],"floor_reached":33,"playtime":1167,"items_purged":[],"score":482,"play_id":"1a3c04bf-f4dd-433c-b943-59c42d738b5f","local_time":"20190625231117","is_ascension_mode":true,"campfire_choices":[{"data":"Reinforced Body","floor":6,"key":"SMITH"},{"data":"Barrage","floor":8,"key":"SMITH"},{"data":"Dualcast","floor":11,"key":"SMITH"},{"data":"Buffer","floor":15,"key":"SMITH"},{"floor":23,"key":"REST"},{"floor":32,"key":"REST"}],"neow_cost":"NONE","seed_source_timestamp":70891975013500,"circlet_count":0,"master_deck":["AscendersBane","Strike_B","Strike_B","Strike_B","Defend_B+1","Zap+1","Dualcast+1","Barrage+1","Reinforced Body+1","Cold Snap","Cold Snap","Buffer+1","Genetic Algorithm","All For One","Undo","Glacier","Self Repair+1","Gash","Cold Snap"],"relics":["Cracked Core","Vajra","Pear","SsserpentHead","Singing Bowl","Empty Cage","War Paint","Frozen Egg 2","Gremlin Horn"],"potions_floor_usage":[16,18,24,30,31],"damage_taken":[{"damage":12,"enemies":"Small Slimes","floor":1,"turns":3},{"damage":0,"enemies":"2 Louse","floor":4,"turns":2},{"damage":0,"enemies":"Cultist","floor":5,"turns":3},{"damage":7,"enemies":"Exordium Wildlife","floor":7,"turns":5},{"damage":1,"enemies":"2 Fungi Beasts","floor":12,"turns":3},{"damage":2,"enemies":"3 Louse","floor":14,"turns":2},{"damage":6,"enemies":"Slime Boss","floor":16,"turns":11},{"damage":28,"enemies":"2 Thieves","floor":18,"turns":5},{"damage":23,"enemies":"Colosseum Slavers","floor":21,"turns":4},{"damage":6,"enemies":"Shell Parasite","floor":22,"turns":5},{"damage":12,"enemies":"Shelled Parasite and Fungi","floor":24,"turns":6},{"damage":13,"enemies":"Snake Plant","floor":28,"turns":6},{"damage":4,"enemies":"Sentry and Sphere","floor":29,"turns":8},{"damage":0,"enemies":"Cultist and Chosen","floor":30,"turns":7},{"damage":8,"enemies":"Snake Plant","floor":31,"turns":6},{"damage":60,"enemies":"Collector","floor":33,"turns":6}],"seed_played":"-8058889129723463032","potions_obtained":[{"floor":1,"key":"Dexterity Potion"},{"floor":4,"key":"Weak Potion"},{"floor":18,"key":"PowerPotion"},{"floor":28,"key":"Explosive Potion"},{"floor":30,"key":"Block Potion"}],"is_trial":false,"path_per_floor":["M","?","$","M","M","R","M","R","T","?","R","M","?","M","R","B",null,"M","$","?","?","M","R","M","?","T","?","M","M","M","M","R","B"],"character_chosen":"DEFECT","items_purchased":["Vajra","War Paint"],"campfire_rested":2,"item_purchase_floors":[3,19],"current_hp_per_floor":[52,45,45,45,45,45,38,38,48,48,48,47,42,40,40,34,69,43,43,43,20,14,38,26,26,26,26,13,19,29,33,58,0],"gold":269,"neow_bonus":"HUNDRED_GOLD","is_prod":false,"is_daily":false,"chose_seed":false,"campfire_upgraded":4,"win_rate":0,"timestamp":1561475477,"path_taken":["M","?","$","M","M","R","M","R","T","?","R","?","?","M","R","BOSS","M","$","?","?","M","R","M","?","T","?","?","M","M","M","R","BOSS"],"build_version":"2019-01-23","purchased_purges":0,"victory":false,"max_hp_per_floor":[71,71,71,71,71,71,71,71,81,81,81,81,81,81,81,81,81,83,83,83,83,83,83,83,83,83,83,83,83,83,85,85,85],"card_choices":[{"not_picked":["Blizzard","Beam Cell"],"picked":"Barrage","floor":1},{"not_picked":["Beam Cell","Steam"],"picked":"Reinforced Body","floor":4},{"not_picked":["Fusion","Leap"],"picked":"Cold Snap","floor":5},{"not_picked":["BootSequence","Hologram"],"picked":"Cold Snap","floor":7},{"not_picked":["Steam Power","Capacitor"],"picked":"Buffer","floor":12},{"not_picked":["Compile Driver","Turbo"],"picked":"Genetic Algorithm","floor":14},{"not_picked":["Meteor Strike","Reboot"],"picked":"All For One","floor":16},{"not_picked":["Conserve Battery","Leap","Stack"],"picked":"Singing Bowl","floor":18},{"not_picked":["Skim","Redo"],"picked":"Undo","floor":22},{"not_picked":["Leap","Hologram"],"picked":"Glacier","floor":24},{"not_picked":["Sweeping Beam","Turbo+1"],"picked":"Self Repair+1","floor":28},{"not_picked":["Recycle","Ball Lightning"],"picked":"Gash","floor":29},{"not_picked":["Leap","Self Repair+1"],"picked":"Cold Snap","floor":30},{"not_picked":["Go for the Eyes","Beam Cell","Steam"],"picked":"Singing Bowl","floor":31}],"player_experience":735998,"relics_obtained":[{"floor":9,"key":"Pear"},{"floor":26,"key":"Gremlin Horn"}],"event_choices":[{"cards_removed":["Defend_B"],"damage_healed":0,"gold_gain":0,"player_choice":"Card Removal","damage_taken":7,"max_hp_gain":0,"max_hp_loss":0,"event_name":"Golden Wing","floor":2,"gold_loss":0},{"damage_healed":0,"gold_gain":0,"player_choice":"Trade","damage_taken":0,"relics_obtained":["SsserpentHead"],"max_hp_gain":0,"max_hp_loss":0,"event_name":"FaceTrader","floor":10,"gold_loss":0},{"damage_healed":0,"gold_gain":0,"player_choice":"Success","damage_taken":5,"relics_obtained":["Singing Bowl"],"max_hp_gain":0,"max_hp_loss":0,"event_name":"Scrap Ooze","floor":13,"gold_loss":0},{"damage_healed":0,"gold_gain":0,"player_choice":"Obtained Relic","damage_taken":0,"relics_obtained":["Frozen Egg 2"],"max_hp_gain":0,"max_hp_loss":0,"event_name":"Addict","floor":20,"gold_loss":85},{"damage_healed":0,"gold_gain":0,"player_choice":"Fight","damage_taken":0,"max_hp_gain":0,"max_hp_loss":0,"event_name":"Colosseum","floor":21,"gold_loss":0},{"damage_healed":0,"gold_gain":0,"player_choice":"Fled From Nobs","damage_taken":0,"max_hp_gain":0,"max_hp_loss":0,"event_name":"Colosseum","floor":21,"gold_loss":0},{"damage_healed":0,"gold_gain":0,"player_choice":"Ignored","damage_taken":0,"max_hp_gain":0,"max_hp_loss":0,"event_name":"Vampires","floor":25,"gold_loss":0},{"cards_removed":["Defend_B"],"damage_healed":0,"gold_gain":0,"player_choice":"Gave Gold","damage_taken":0,"max_hp_gain":0,"max_hp_loss":0,"event_name":"Beggar","floor":27,"gold_loss":75}],"is_beta":false,"boss_relics":[{"not_picked":["Lizard Tail","Cursed Key"],"picked":"Empty Cage"}],"items_purged_floors":[],"is_endless":false,"potions_floor_spawned":[1,4,5,18,21,28,30],"killed_by":"Collector","ascension_level":20}