{"gold_per_floor":[118,118,118,71,84,84,116,116,142,161,192,212,242,255,255,358,358,376,376,476,494,505,532,546,577,602,621,652,670,670,684,684,788,788,800,810,810,19,19,19,44,54,54,82,109,126,51,80,80,80],"floor_reached":51,"playtime":3409,"items_purged":["Accuracy+1"],"score":1189,"play_id":"d93e8167-a820-46bd-863e-701926df612c","local_time":"20181025212144","is_ascension_mode":true,"campfire_choices":[{"data":"1","floor":6,"key":"LIFT"},{"floor":8,"key":"REST"},{"data":"2","floor":15,"key":"LIFT"},{"data":"3","floor":30,"key":"LIFT"},{"floor":32,"key":"REST"},{"floor":40,"key":"REST"},{"floor":49,"key":"REST"}],"neow_cost":"PERCENT_DAMAGE","seed_source_timestamp":759481047207185,"circlet_count":0,"master_deck":["Defend_G+1","Defend_G+1","Defend_G+1","Defend_G+1","Defend_G+1","Strike_G+1","Strike_G+1","Strike_G+1","Strike_G+1","Strike_G+1","Survivor+1","Neutralize+1","Dark Shackles+1","PanicButton+1","Riddle With Holes+1","Corpse Explosion+1","Dagger Spray+1","Outmaneuver+1","Dagger Spray+1","Distraction+1","Masterful Stab+1","A Thousand Cuts+1","Flying Knee+1","Flying Knee+1","Sucker Punch+1","Dagger Spray+1","Acrobatics+1","Acrobatics+1","Dagger Spray+1","Bane+1","Acrobatics+1","Storm of Steel+1","Poisoned Stab+1","Die Die Die+1","Sucker Punch+1","Backflip+1","Noxious Fumes+1","Quick Slash+1","Die Die Die+1","Dagger Spray+1","Acrobatics","Quick Slash+1","Blur","Corpse Explosion","Distraction+1","Bane+1","Acrobatics+1"],"relics":["Ring of the Snake","Girya","Whetstone","Blood Vial","Mummified Hand","War Paint","Fusion Hammer","MutagenicStrength","The Specimen","Sundial","Dead Branch","Centennial Puzzle","Dream Catcher","Turnip","Runic Pyramid","TwistedFunnel","Regal Pillow","Pen Nib","Mark of the Bloom","Orichalcum","WingedGreaves","Gremlin Horn","Juzu Bracelet","Oddly Smooth Stone"],"potions_floor_usage":[11,13,14,14,20,20,22,25,27,35,36,42,48,50,50],"damage_taken":[{"damage":4,"enemies":"Small Slimes","floor":1,"turns":5},{"damage":7,"enemies":"2 Louse","floor":5,"turns":3},{"damage":30,"enemies":"Gremlin Nob","floor":7,"turns":5},{"damage":0,"enemies":"Cultist","floor":10,"turns":2},{"damage":8,"enemies":"Lagavulin","floor":11,"turns":6},{"damage":0,"enemies":"Large Slime","floor":12,"turns":3},{"damage":1,"enemies":"3 Sentries","floor":13,"turns":2},{"damage":2,"enemies":"Looter","floor":14,"turns":3},{"damage":20,"enemies":"Slime Boss","floor":16,"turns":8},{"damage":2,"enemies":"Chosen","floor":18,"turns":4},{"damage":9,"enemies":"Colosseum Slavers","floor":20,"turns":2},{"damage":11,"enemies":"Colosseum Nobs","floor":20,"turns":4},{"damage":0,"enemies":"Spheric Guardian","floor":21,"turns":4},{"damage":0,"enemies":"Cultist and Chosen","floor":22,"turns":3},{"damage":20,"enemies":"Gremlin Leader","floor":23,"turns":4},{"damage":0,"enemies":"3 Cultists","floor":24,"turns":3},{"damage":0,"enemies":"Slavers","floor":25,"turns":3},{"damage":0,"enemies":"Centurion and Healer","floor":27,"turns":2},{"damage":0,"enemies":"Gremlin Leader","floor":28,"turns":6},{"damage":0,"enemies":"Chosen and Byrds","floor":29,"turns":3},{"damage":0,"enemies":"Sentry and Sphere","floor":31,"turns":2},{"damage":19,"enemies":"Collector","floor":33,"turns":5},{"damage":0,"enemies":"Orb Walker","floor":35,"turns":2},{"damage":2,"enemies":"3 Shapes","floor":36,"turns":4},{"damage":9,"enemies":"Giant Head","floor":41,"turns":5},{"damage":0,"enemies":"Spire Growth","floor":42,"turns":3},{"damage":0,"enemies":"Nemesis","floor":44,"turns":3},{"damage":0,"enemies":"Reptomancer","floor":45,"turns":2},{"damage":0,"enemies":"4 Shapes","floor":46,"turns":1},{"damage":0,"enemies":"Nemesis","floor":48,"turns":3},{"damage":18,"enemies":"Donu and Deca","floor":50,"turns":4}],"seed_played":"1622439789011073517","potions_obtained":[{"floor":10,"key":"Dexterity Potion"},{"floor":11,"key":"SteroidPotion"},{"floor":13,"key":"EntropicBrew"},{"floor":16,"key":"Weak Potion"},{"floor":20,"key":"EssenceOfSteel"},{"floor":22,"key":"Poison Potion"},{"floor":23,"key":"PowerPotion"},{"floor":31,"key":"Dexterity Potion"},{"floor":35,"key":"Dexterity Potion"},{"floor":42,"key":"Energy Potion"},{"floor":45,"key":"Ancient Potion"},{"floor":48,"key":"SkillPotion"}],"is_trial":false,"path_per_floor":["M","?","?","?","M","R","E","R","T","M","E","M","E","M","R","B",null,"M","?","?","M","M","E","M","E","T","M","E","M","R","M","R","B",null,"M","M","?","$","?","R","E","M","T","E","E","M","$","E","R","B"],"character_chosen":"THE_SILENT","items_purchased":["TwistedFunnel","Noxious Fumes","Quick Slash","Die Die Die","Regal Pillow","Pen Nib"],"campfire_rested":4,"item_purchase_floors":[38,38,38,38,38,38],"current_hp_per_floor":[45,33,56,56,49,49,19,40,40,42,36,38,39,39,39,21,70,68,68,52,54,56,38,40,42,42,44,46,48,48,50,70,51,70,70,68,70,70,70,70,61,61,61,61,61,61,61,61,61,43],"gold":80,"neow_bonus":"RANDOM_COLORLESS_2","is_prod":false,"is_daily":false,"chose_seed":false,"campfire_upgraded":0,"win_rate":0,"timestamp":1540524104,"path_taken":["M","?","?","?","M","R","E","R","T","M","E","M","E","M","R","BOSS","M","?","?","M","M","E","M","E","T","M","E","?","R","M","R","BOSS","M","M","?","$","?","R","E","M","T","E","E","M","$","E","R","BOSS"],"build_version":"2018-10-25","purchased_purges":1,"victory":true,"max_hp_per_floor":[70,70,70,70,70,70,70,70,70,70,70,70,70,70,70,70,70,70,70,70,70,70,70,70,70,70,70,70,70,70,70,70,70,70,70,70,70,70,70,70,70,70,70,70,70,70,70,70,70,70],"card_choices":[{"not_picked":["Choke","Outmaneuver"],"picked":"Accuracy","floor":1},{"not_picked":["PiercingWail","Accuracy"],"picked":"Riddle With Holes","floor":5},{"not_picked":["Leg Sweep","Accuracy"],"picked":"Corpse Explosion","floor":7},{"not_picked":["Flying Knee","Acrobatics"],"picked":"Dagger Spray","floor":10},{"not_picked":["Concentrate","Dodge and Roll"],"picked":"Outmaneuver","floor":11},{"not_picked":["Cloak And Dagger","Deadly Poison"],"picked":"Dagger Spray","floor":12},{"not_picked":["Acrobatics","Underhanded Strike"],"picked":"Distraction","floor":13},{"not_picked":["Tactician","Predator"],"picked":"Masterful Stab","floor":14},{"not_picked":["Doppelganger","Night Terror"],"picked":"A Thousand Cuts","floor":16},{"not_picked":["Caltrops+1","Crippling Poison","Deadly Poison"],"picked":"SKIP","floor":18},{"not_picked":["Choke","Deadly Poison"],"picked":"Flying Knee","floor":20},{"not_picked":["Deflect","Dagger Throw"],"picked":"Flying Knee","floor":21},{"not_picked":["Dagger Throw","PiercingWail+1"],"picked":"Sucker Punch+1","floor":22},{"not_picked":["Backflip+1","Blur"],"picked":"Dagger Spray","floor":23},{"not_picked":["Outmaneuver","Bullet Time"],"picked":"Acrobatics","floor":24},{"not_picked":["Prepared+1","PiercingWail"],"picked":"Acrobatics+1","floor":25},{"not_picked":["Expertise+1","Poisoned Stab"],"picked":"Dagger Spray","floor":27},{"not_picked":["Flechettes+1","Dash"],"picked":"Bane","floor":28},{"not_picked":["Dagger Throw","PiercingWail"],"picked":"Acrobatics","floor":29},{"not_picked":["Well Laid Plans","Caltrops+1"],"picked":"Storm of Steel","floor":31},{"not_picked":["Deflect","Cloak And Dagger"],"picked":"Poisoned Stab+1","floor":32},{"not_picked":["Glass Knife","After Image"],"picked":"Die Die Die","floor":33},{"not_picked":["Dodge and Roll","Leg Sweep"],"picked":"Sucker Punch","floor":35},{"not_picked":["Outmaneuver+1","Well Laid Plans+1"],"picked":"Backflip+1","floor":36},{"not_picked":["Slice","Cloak And Dagger"],"picked":"Dagger Spray+1","floor":40},{"not_picked":["Prepared","Dash+1"],"picked":"Acrobatics","floor":41},{"not_picked":["Accuracy","Backflip"],"picked":"Quick Slash+1","floor":42},{"not_picked":["Poisoned Stab+1","Prepared+1"],"picked":"Blur","floor":44},{"not_picked":["Tools of the Trade","Deadly Poison"],"picked":"Corpse Explosion","floor":45},{"not_picked":["Sucker Punch","Acrobatics"],"picked":"Distraction+1","floor":46},{"not_picked":["Slice+1","Terror+1"],"picked":"Bane+1","floor":48},{"not_picked":["Prepared","Slice"],"picked":"Acrobatics+1","floor":49}],"player_experience":135329,"relics_obtained":[{"floor":7,"key":"Whetstone"},{"floor":9,"key":"Blood Vial"},{"floor":11,"key":"Mummified Hand"},{"floor":13,"key":"War Paint"},{"floor":20,"key":"The Specimen"},{"floor":20,"key":"Sundial"},{"floor":23,"key":"Dead Branch"},{"floor":25,"key":"Centennial Puzzle"},{"floor":26,"key":"Dream Catcher"},{"floor":28,"key":"Turnip"},{"floor":41,"key":"Orichalcum"},{"floor":43,"key":"WingedGreaves"},{"floor":44,"key":"Gremlin Horn"},{"floor":45,"key":"Juzu Bracelet"},{"floor":48,"key":"Oddly Smooth Stone"}],"event_choices":[{"damage_healed":0,"gold_gain":0,"player_choice":"Success","damage_taken":12,"relics_obtained":["Girya"],"max_hp_gain":0,"max_hp_loss":0,"event_name":"Scrap Ooze","floor":2,"gold_loss":0},{"damage_healed":23,"gold_gain":0,"player_choice":"Banana","damage_taken":0,"max_hp_gain":0,"max_hp_loss":0,"event_name":"Big Fish","floor":3,"gold_loss":0},{"damage_healed":0,"gold_gain":0,"player_choice":"Left Gold","damage_taken":0,"max_hp_gain":0,"max_hp_loss":0,"event_name":"World of Goop","floor":4,"gold_loss":47},{"damage_healed":0,"gold_gain":0,"player_choice":"Inject Mutagens","damage_taken":0,"relics_obtained":["MutagenicStrength"],"max_hp_gain":0,"max_hp_loss":0,"event_name":"Drug Dealer","floor":19,"gold_loss":0},{"damage_healed":0,"gold_gain":0,"player_choice":"Fight","damage_taken":0,"max_hp_gain":0,"max_hp_loss":0,"event_name":"Colosseum","floor":20,"gold_loss":0},{"damage_healed":0,"gold_gain":0,"player_choice":"Fought Nobs","damage_taken":0,"max_hp_gain":0,"max_hp_loss":0,"event_name":"Colosseum","floor":20,"gold_loss":0},{"damage_healed":2,"gold_gain":0,"player_choice":"Full Heal","damage_taken":0,"max_hp_gain":0,"max_hp_loss":0,"event_name":"Wheel of Change","floor":37,"gold_loss":0},{"damage_healed":0,"gold_gain":0,"player_choice":"Upgrade","damage_taken":0,"relics_obtained":["Mark of the Bloom"],"max_hp_gain":0,"max_hp_loss":0,"event_name":"MindBloom","floor":39,"gold_loss":0,"cards_upgraded":["Defend_G","Defend_G","Defend_G","Strike_G","Strike_G","Strike_G","Strike_G","Survivor","Neutralize","Dark Shackles","PanicButton","Accuracy","Corpse Explosion","Dagger Spray","Outmaneuver","Dagger Spray","Distraction","Masterful Stab","A Thousand Cuts","Flying Knee","Flying Knee","Dagger Spray","Acrobatics","Dagger Spray","Bane","Acrobatics","Storm of Steel","Die Die Die","Sucker Punch","Noxious Fumes","Quick Slash","Die Die Die"]}],"is_beta":false,"boss_relics":[{"not_picked":["Calling Bell","Snecko Eye"],"picked":"Fusion Hammer"},{"not_picked":["Cursed Key","Lizard Tail"],"picked":"Runic Pyramid"}],"items_purged_floors":[47],"is_endless":false,"potions_floor_spawned":[10,11,13,16,20,22,23,24,31,35,42,45,48],"ascension_level":3}