{"gold_per_floor":[117,192,192,49,63,63,92,92,92,127,25,25,39,50,50,153,153,172,48,48,58,58,58],"floor_reached":23,"playtime":1555,"items_purged":["Strike_G","Strike_G"],"score":283,"play_id":"b74de3ab-a1db-473d-9959-b1d2fe13a162","local_time":"20181007152853","is_ascension_mode":true,"campfire_choices":[{"data":"Accuracy","floor":6,"key":"SMITH"},{"floor":12,"key":"REST"},{"floor":15,"key":"REST"}],"neow_cost":"NONE","seed_source_timestamp":1857095036643584,"circlet_count":0,"master_deck":["Defend_G","Defend_G","Defend_G","Defend_G","Strike_G","Strike_G","Strike_G","Neutralize","Poisoned Stab","Noxious Fumes","Accuracy+1","Well Laid Plans","Tactician","Accuracy","Acrobatics","Accuracy","Accuracy","Night Terror","Flying Knee","Dagger Spray","Shame","Blade Dance","Ghostly","Ghostly","Ghostly","Ghostly","Ghostly"],"relics":["Ring of the Snake","NeowsBlessing","Regal Pillow","Gremlin Horn","Kunai","WristBlade","Matryoshka"],"potions_floor_usage":[14,16,18,21,23],"damage_taken":[{"damage":0,"enemies":"2 Louse","floor":1,"turns":1},{"damage":0,"enemies":"Cultist","floor":5,"turns":1},{"damage":0,"enemies":"Gremlin Nob","floor":7,"turns":1},{"damage":35,"enemies":"Lagavulin","floor":10,"turns":7},{"damage":3,"enemies":"Small Slimes","floor":13,"turns":4},{"damage":2,"enemies":"3 Louse","floor":14,"turns":2},{"damage":26,"enemies":"The Guardian","floor":16,"turns":13},{"damage":20,"enemies":"3 Byrds","floor":18,"turns":6},{"damage":40,"enemies":"Shell Parasite","floor":21,"turns":9},{"damage":18,"enemies":"Book of Stabbing","floor":23,"turns":6}],"seed_played":"-647165175023231106","potions_obtained":[{"floor":10,"key":"Dexterity Potion"},{"floor":13,"key":"Fire Potion"},{"floor":16,"key":"PowerPotion"},{"floor":18,"key":"Weak Potion"},{"floor":21,"key":"Strength Potion"}],"is_trial":false,"path_per_floor":["M","?","?","$","M","R","E","?","T","E","$","R","M","M","R","B",null,"M","$","?","M","?"],"character_chosen":"THE_SILENT","items_purchased":["Noxious Fumes","Accuracy","Acrobatics","Dagger Spray"],"campfire_rested":2,"item_purchase_floors":[4,11,11,19],"current_hp_per_floor":[70,59,59,59,59,59,59,52,52,17,17,53,50,48,70,44,70,50,50,50,10,10,0],"gold":58,"neow_bonus":"THREE_ENEMY_KILL","is_prod":false,"is_daily":false,"chose_seed":false,"campfire_upgraded":1,"win_rate":0,"timestamp":1538947733,"path_taken":["M","?","?","$","M","R","E","?","T","E","$","R","M","M","R","BOSS","M","$","?","M","?","E"],"build_version":"2018-10-04v2","purchased_purges":2,"victory":false,"max_hp_per_floor":[70,70,70,70,70,70,70,70,70,70,70,70,70,70,70,70,70,70,70,70,70,35,35],"card_choices":[{"not_picked":["Backflip","Deflect"],"picked":"Poisoned Stab","floor":1},{"not_picked":["Dodge and Roll","Flying Knee"],"picked":"Accuracy","floor":5},{"not_picked":["Bouncing Flask","Masterful Stab"],"picked":"Well Laid Plans","floor":7},{"not_picked":["Deadly Poison","Dagger Throw"],"picked":"Tactician","floor":10},{"not_picked":["Underhanded Strike","Choke"],"picked":"Accuracy","floor":13},{"not_picked":["Unload","Deadly Poison"],"picked":"Accuracy","floor":14},{"not_picked":["Doppelganger","Malaise"],"picked":"Night Terror","floor":16},{"not_picked":["Outmaneuver+1","Dagger Spray"],"picked":"Flying Knee","floor":18},{"not_picked":["Sucker Punch","Blur"],"picked":"Blade Dance","floor":21}],"player_experience":68134,"relics_obtained":[{"floor":7,"key":"Regal Pillow"},{"floor":9,"key":"Gremlin Horn"},{"floor":10,"key":"Kunai"}],"event_choices":[{"event_name":"World of Goop","player_choice":"Gather Gold","floor":2,"damage_taken":0},{"event_name":"Bonfire Elementals","player_choice":"BASIC","floor":3,"damage_taken":0},{"event_name":"Golden Wing","player_choice":"Card Removal","floor":8,"damage_taken":0},{"event_name":"Addict","player_choice":"Stole Relic","floor":20,"damage_taken":0},{"event_name":"Ghosts","player_choice":"Became a Ghost","floor":22,"damage_taken":0}],"is_beta":false,"boss_relics":[{"not_picked":["Orrery","Ring of the Serpent"],"picked":"WristBlade"}],"items_purged_floors":[4,19],"is_endless":false,"potions_floor_spawned":[10,13,16,18,21],"killed_by":"Book of Stabbing","ascension_level":1}