{"gold_per_floor":[116,136,153,167,180,180,190,221,221,221,221,221,254,354,354,431,431,446,446,463,463],"floor_reached":21,"playtime":1426,"items_purged":[],"score":315,"play_id":"f4a2e0fa-fa8a-400f-bb9b-ecc1cfac539c","local_time":"20190626164916","is_ascension_mode":true,"campfire_choices":[{"data":"Zap","floor":6,"key":"SMITH"},{"floor":12,"key":"REST"},{"floor":15,"key":"REST"}],"neow_cost":"NONE","seed_source_timestamp":0,"circlet_count":0,"master_deck":["AscendersBane","Strike_B","Strike_B","Strike_B","Defend_B","Defend_B","Defend_B","Defend_B","Zap+1","Dualcast","Impatience","Steam","Barrage","Coolheaded","Compile Driver","Electrodynamics","Reinforced Body","Seek","Gash"],"special_seed":0,"relics":["Cracked Core","Blue Candle","Ginger","Kunai","Inserter","Blood Vial"],"potions_floor_usage":[8,16],"damage_taken":[{"damage":2.0,"enemies":"2 Louse","floor":1.0,"turns":4.0},{"damage":0.0,"enemies":"Jaw Worm","floor":2.0,"turns":3.0},{"damage":1.0,"enemies":"Cultist","floor":3.0,"turns":4.0},{"damage":4.0,"enemies":"Red Slaver","floor":4.0,"turns":4.0},{"damage":8.0,"enemies":"Blue Slaver","floor":5.0,"turns":4.0},{"damage":5,"enemies":"2 Fungi Beasts","floor":7,"turns":4},{"damage":26,"enemies":"Lagavulin","floor":8,"turns":6},{"damage":39,"enemies":"3 Sentries","floor":13,"turns":8},{"damage":22,"enemies":"Slime Boss","floor":16,"turns":8},{"damage":24,"enemies":"Shell Parasite","floor":18,"turns":6},{"damage":26,"enemies":"2 Thieves","floor":20,"turns":4},{"damage":18,"enemies":"Centurion and Healer","floor":21,"turns":2}],"seed_played":"-4940748108717112765","potions_obtained":[{"floor":1.0,"key":"Regen Potion"},{"floor":5.0,"key":"Poison Potion"},{"floor":7,"key":"FocusPotion"},{"floor":16,"key":"Weak Potion"},{"floor":18,"key":"SteroidPotion"},{"floor":20,"key":"Ancient Potion"}],"is_trial":false,"path_per_floor":["M","M","M","M","M","R","M","E","T","?","?","R","E","?","R","B",null,"M","T","M","M"],"character_chosen":"DEFECT","items_purchased":[],"campfire_rested":2,"item_purchase_floors":[],"current_hp_per_floor":[66,66,65,61,53,53,48,31,31,31,31,53,14,14,36,14,60,36,36,12,0],"gold":463,"neow_bonus":"RANDOM_COLORLESS","is_prod":false,"is_daily":false,"chose_seed":false,"campfire_upgraded":1,"win_rate":0,"timestamp":1561538956,"path_taken":["M","M","M","M","M","R","M","E","T","?","?","R","E","?","R","BOSS","M","?","?","M"],"build_version":"2019-01-23","purchased_purges":0,"victory":false,"max_hp_per_floor":[75,75,75,75,75,75,75,75,75,75,75,75,75,75,75,75,75,75,75,75,75],"card_choices":[{"not_picked":["Hologram","Stack"],"picked":"Steam","floor":1.0},{"not_picked":["Beam Cell","Gash","Rebound"],"picked":"SKIP","floor":2.0},{"not_picked":["Force Field","Double Energy"],"picked":"Barrage","floor":3.0},{"not_picked":["Barrage","Go for the Eyes","Chaos"],"picked":"SKIP","floor":4.0},{"not_picked":["Darkness","Rebound"],"picked":"Coolheaded","floor":5.0},{"not_picked":["Conserve Battery","Beam Cell"],"picked":"Compile Driver","floor":7},{"not_picked":["Barrage","Ball Lightning"],"picked":"Electrodynamics","floor":8},{"not_picked":["Streamline","Barrage"],"picked":"Reinforced Body","floor":13},{"not_picked":["Hyperbeam","Thunder Strike"],"picked":"Seek","floor":16},{"not_picked":["Barrage","Blizzard","Recycle"],"picked":"SKIP","floor":18},{"not_picked":["Hologram+1","Leap"],"picked":"Gash","floor":20}],"player_experience":797915,"relics_obtained":[{"floor":8,"key":"Blue Candle"},{"floor":9,"key":"Ginger"},{"floor":13,"key":"Kunai"},{"floor":19,"key":"Blood Vial"}],"event_choices":[{"cards_removed":["Strike_B"],"damage_healed":0,"gold_gain":0,"player_choice":"Forget","damage_taken":0,"max_hp_gain":0,"max_hp_loss":0,"event_name":"Living Wall","floor":10,"gold_loss":0},{"damage_healed":0,"gold_gain":0,"player_choice":"Ignored","damage_taken":0,"max_hp_gain":0,"max_hp_loss":0,"event_name":"Golden Wing","floor":11,"gold_loss":0},{"damage_healed":0,"gold_gain":100,"player_choice":"Pray","damage_taken":0,"max_hp_gain":0,"max_hp_loss":0,"event_name":"Golden Shrine","floor":14,"gold_loss":0}],"is_beta":false,"boss_relics":[{"not_picked":["Philosopher\u0027s Stone","Busted Crown"],"picked":"Inserter"}],"items_purged_floors":[],"is_endless":false,"potions_floor_spawned":[1,5,7,16,18,20],"killed_by":"Centurion and Healer","ascension_level":13}