{"gold_per_floor":[117,131,131,156,181,212,192,223,223,258,16,57,82,123,123,249,249,283,297,338,377,416,416,455,455,482,482,526,547,547],"floor_reached":30,"playtime":2231,"items_purged":[],"score":450,"play_id":"3a077b8f-c3d5-4bce-a0b2-a00e2fc0714a","local_time":"20190612180740","is_ascension_mode":true,"campfire_choices":[{"data":"Zap","floor":15.0,"key":"SMITH"},{"floor":23.0,"key":"REST"},{"floor":25.0,"key":"REST"},{"floor":27.0,"key":"REST"}],"neow_cost":"NONE","seed_source_timestamp":0,"circlet_count":0,"master_deck":["Strike_B","Strike_B","Strike_B","Strike_B","Defend_B","Defend_B","Defend_B","Defend_B","Zap+1","Dualcast","Scrape","Rebound","Ball Lightning","Glacier","Sunder","Meteor Strike","Turbo+1","HandOfGreed","Hologram+1","Redo+1","Creative AI","Streamline","Meteor Strike","Chill+1","Steam Power+1","Hello World","Turbo+1","Hologram+1","Capacitor","Heatsinks","Turbo+1"],"special_seed":0,"relics":["Cracked Core","NeowsBlessing","Golden Idol","Mummified Hand","Blue Candle","Toxic Egg 2","Dodecahedron","Cursed Key","Omamori","Orichalcum","Shovel"],"potions_floor_usage":[30],"damage_taken":[{"damage":0.0,"enemies":"Jaw Worm","floor":1.0,"turns":1.0},{"damage":0.0,"enemies":"Small Slimes","floor":2.0,"turns":1.0},{"damage":0.0,"enemies":"Cultist","floor":4.0,"turns":1.0},{"damage":6.0,"enemies":"Blue Slaver","floor":5.0,"turns":3.0},{"damage":12.0,"enemies":"3 Sentries","floor":6.0,"turns":8.0},{"damage":12.0,"enemies":"Lagavulin","floor":8.0,"turns":7.0},{"damage":17.0,"enemies":"Gremlin Nob","floor":10.0,"turns":4.0},{"damage":0.0,"enemies":"Exordium Wildlife","floor":12.0,"turns":3.0},{"damage":0.0,"enemies":"3 Louse","floor":13.0,"turns":2.0},{"damage":0.0,"enemies":"2 Fungi Beasts","floor":14.0,"turns":2.0},{"damage":0.0,"enemies":"Slime Boss","floor":16.0,"turns":7.0},{"damage":7.0,"enemies":"Chosen","floor":18.0,"turns":3.0},{"damage":4.0,"enemies":"Shell Parasite","floor":19.0,"turns":4.0},{"damage":17.0,"enemies":"Snake Plant","floor":20.0,"turns":2.0},{"damage":10.0,"enemies":"Centurion and Healer","floor":21.0,"turns":3.0},{"damage":0.0,"enemies":"Chosen and Byrds","floor":22.0,"turns":4.0},{"damage":33.0,"enemies":"Book of Stabbing","floor":24.0,"turns":5.0},{"damage":4.0,"enemies":"Slavers","floor":28.0,"turns":5.0},{"damage":15.0,"enemies":"Snake Plant","floor":29.0,"turns":4.0},{"damage":34,"enemies":"Book of Stabbing","floor":30,"turns":3}],"seed_played":"-7896182968869399509","potions_obtained":[{"floor":1.0,"key":"Swift Potion"},{"floor":2.0,"key":"Ancient Potion"},{"floor":7.0,"key":"Fire Potion"},{"floor":8.0,"key":"SteroidPotion"},{"floor":14.0,"key":"Dexterity Potion"},{"floor":18.0,"key":"SpeedPotion"},{"floor":20.0,"key":"GamblersBrew"},{"floor":28.0,"key":"EssenceOfSteel"},{"floor":29.0,"key":"Fruit Juice"}],"is_trial":false,"path_per_floor":["M","M","?","M","M","E","?","E","T","E","$","M","M","M","R","B",null,"M","M","M","M","M","R","E","R","T","R","E","M","E"],"character_chosen":"DEFECT","items_purchased":["HandOfGreed","Hologram+1"],"campfire_rested":3,"item_purchase_floors":[11,11],"current_hp_per_floor":[68,68,68,68,62,50,50,38,38,21,21,21,21,21,21,21,57,50,46,29,19,19,39,6,26,26,46,42,32,0],"gold":547,"neow_bonus":"THREE_ENEMY_KILL","is_prod":false,"is_daily":false,"chose_seed":false,"campfire_upgraded":1,"win_rate":0,"timestamp":1560384460,"path_taken":["M","M","?","M","M","E","?","E","T","E","$","M","M","?","R","BOSS","M","M","M","M","M","R","E","R","T","R","E","M","E"],"build_version":"2019-01-23","purchased_purges":0,"victory":false,"max_hp_per_floor":[75,75,69,69,69,69,69,69,69,69,69,69,69,69,69,69,69,69,69,69,69,69,69,69,69,69,69,69,74,74],"card_choices":[{"not_picked":["Darkness","Steam"],"picked":"Scrape","floor":1.0},{"not_picked":["Steam","Go for the Eyes"],"picked":"Rebound","floor":2.0},{"not_picked":["Capacitor","Beam Cell"],"picked":"Ball Lightning","floor":4.0},{"not_picked":["Turbo","Go for the Eyes"],"picked":"Glacier","floor":5.0},{"not_picked":["Sweeping Beam","Leap"],"picked":"Sunder","floor":6.0},{"not_picked":["FTL","Self Repair"],"picked":"Meteor Strike","floor":8.0},{"not_picked":["Steam+1","Darkness+1"],"picked":"Turbo+1","floor":10.0},{"not_picked":["Gash","Chaos+1"],"picked":"Redo+1","floor":12.0},{"not_picked":["Skim+1","Heatsinks"],"picked":"Creative AI","floor":13.0},{"not_picked":["Steam+1","Coolheaded+1"],"picked":"Streamline","floor":14.0},{"not_picked":["Buffer","Fission+1"],"picked":"Meteor Strike","floor":16.0},{"not_picked":["Stack+1","Melter"],"picked":"Chill+1","floor":18.0},{"not_picked":["Ball Lightning","Coolheaded+1"],"picked":"Steam Power+1","floor":19.0},{"not_picked":["Barrage+1","Aggregate+1"],"picked":"Hello World","floor":20.0},{"not_picked":["Auto Shields+1","Cold Snap+1"],"picked":"Turbo+1","floor":21.0},{"not_picked":["Rebound+1","Redo+1"],"picked":"Hologram+1","floor":22.0},{"not_picked":["Consume+1","Reprogram+1"],"picked":"Capacitor","floor":24.0},{"not_picked":["Reprogram+1","Capacitor"],"picked":"Heatsinks","floor":28.0},{"not_picked":["Sweeping Beam","Steam+1"],"picked":"Turbo+1","floor":29.0}],"player_experience":348375,"relics_obtained":[{"floor":6.0,"key":"Mummified Hand"},{"floor":8.0,"key":"Blue Candle"},{"floor":9.0,"key":"Toxic Egg 2"},{"floor":10.0,"key":"Dodecahedron"},{"floor":24.0,"key":"Omamori"},{"floor":26.0,"key":"Orichalcum"},{"floor":28.0,"key":"Shovel"}],"event_choices":[{"damage_healed":0.0,"max_hp_gain":0.0,"max_hp_loss":6.0,"gold_gain":0.0,"event_name":"Golden Idol","player_choice":"Lose Max HP","floor":3.0,"gold_loss":0.0,"damage_taken":0.0,"relics_obtained":["Golden Idol"]},{"damage_healed":0.0,"max_hp_gain":0.0,"max_hp_loss":0.0,"gold_gain":0.0,"event_name":"The Woman in Blue","player_choice":"Bought 1 Potion","floor":7.0,"gold_loss":0.0,"damage_taken":0.0}],"is_beta":false,"boss_relics":[{"not_picked":["Ectoplasm","Busted Crown"],"picked":"Cursed Key"}],"items_purged_floors":[],"is_endless":false,"potions_floor_spawned":[1,2,8,14,18,20,28,29],"killed_by":"Book of Stabbing","ascension_level":6}