{"gold_per_floor":[117,130,149,149,162,162,177,177,177,177],"floor_reached":10,"playtime":293,"items_purged":[],"score":120,"play_id":"0940bfff-af02-4a2f-a5fd-a951826a135b","local_time":"20190514222914","is_ascension_mode":true,"campfire_choices":[{"data":"Clothesline","floor":6,"key":"SMITH"},{"floor":8,"key":"REST"}],"neow_cost":"NONE","seed_source_timestamp":105092141645000,"circlet_count":0,"master_deck":["AscendersBane","Strike_R","Strike_R","Strike_R","Strike_R","Strike_R","Defend_R","Defend_R","Defend_R","Defend_R","Bash","Clothesline+1","Burning Pact","Twin Strike","Sword Boomerang","Cleave","True Grit"],"relics":["Burning Blood","Golden Idol","Orichalcum"],"potions_floor_usage":[7,10],"damage_taken":[{"damage":5,"enemies":"Small Slimes","floor":1,"turns":3},{"damage":4,"enemies":"Jaw Worm","floor":2,"turns":5},{"damage":6,"enemies":"Cultist","floor":3,"turns":3},{"damage":15,"enemies":"2 Fungi Beasts","floor":5,"turns":4},{"damage":33,"enemies":"Large Slime","floor":7,"turns":6},{"damage":32,"enemies":"Lagavulin","floor":10,"turns":5}],"seed_played":"149872576105875338","potions_obtained":[{"floor":1,"key":"Explosive Potion"},{"floor":3,"key":"Swift Potion"},{"floor":5,"key":"SkillPotion"}],"is_trial":false,"path_per_floor":["M","M","M","?","M","R","M","R","T","E"],"character_chosen":"IRONCLAD","items_purchased":[],"campfire_rested":1,"item_purchase_floors":[],"current_hp_per_floor":[69,71,71,45,36,36,9,31,31,0],"gold":177,"neow_bonus":"THREE_CARDS","is_prod":false,"is_daily":false,"chose_seed":false,"campfire_upgraded":1,"win_rate":0,"timestamp":1557865754,"path_taken":["M","M","M","?","M","R","M","R","T","E"],"build_version":"2019-05-07","purchased_purges":0,"victory":false,"max_hp_per_floor":[75,75,75,75,75,75,75,75,75,75],"card_choices":[{"not_picked":["Armaments","Havoc"],"picked":"Clothesline","floor":0},{"not_picked":["Flex","Power Through"],"picked":"Burning Pact","floor":1},{"not_picked":["Clothesline","Corruption"],"picked":"Twin Strike","floor":2},{"not_picked":["Combust","Flex"],"picked":"Sword Boomerang","floor":3},{"not_picked":["Wild Strike","Blood for Blood"],"picked":"Cleave","floor":5},{"not_picked":["Rupture","Cleave"],"picked":"True Grit","floor":7}],"player_experience":707831,"relics_obtained":[{"floor":9,"key":"Orichalcum"}],"event_choices":[{"damage_healed":0,"gold_gain":0,"player_choice":"Take Damage","damage_taken":26,"relics_obtained":["Golden Idol"],"max_hp_gain":0,"max_hp_loss":0,"event_name":"Golden Idol","floor":4,"gold_loss":0}],"is_beta":true,"boss_relics":[],"items_purged_floors":[],"is_endless":false,"potions_floor_spawned":[1,3,5],"killed_by":"Lagavulin","ascension_level":20}