{"gold_per_floor":[113,133,148,160,45,45,72,72,96,113,128,146,146,163,163,258,258,271,171,185,185,185,210,210,226,226,226,249,262,361,371,371,371],"floor_reached":33,"playtime":2654,"items_purged":["Defend_B","Strike_B"],"score":271,"play_id":"4080b22a-4b07-4238-acd7-6b693e83b826","local_time":"20190623214338","is_ascension_mode":false,"campfire_choices":[{"data":"Genetic Algorithm","floor":6,"key":"SMITH"},{"floor":8,"key":"REST"},{"floor":13,"key":"REST"},{"floor":15,"key":"RECALL"},{"floor":24,"key":"REST"},{"floor":27,"key":"REST"},{"floor":32,"key":"REST"}],"neow_cost":"NONE","seed_source_timestamp":703629241740062,"circlet_count":0,"master_deck":["Strike_B","Strike_B","Defend_B","Defend_B","Defend_B","Zap","Dualcast","Cold Snap","Skim","Undo","Genetic Algorithm+1","Melter","Consume","Sweeping Beam","Streamline","Beam Cell","Electrodynamics","Streamline+1","Defragment","Sweeping Beam+1"],"relics":["Cracked Core","Oddly Smooth Stone","Inserter","Juzu Bracelet","Molten Egg 2","Art of War"],"potions_floor_usage":[7,16,20,23,33,33],"damage_taken":[{"damage":0,"enemies":"2 Louse","floor":1,"turns":3},{"damage":5,"enemies":"Small Slimes","floor":2,"turns":3},{"damage":1,"enemies":"Jaw Worm","floor":3,"turns":7},{"damage":0,"enemies":"Large Slime","floor":4,"turns":7},{"damage":22,"enemies":"3 Sentries","floor":7,"turns":8},{"damage":3,"enemies":"Exordium Wildlife","floor":10,"turns":5},{"damage":10,"enemies":"Exordium Thugs","floor":11,"turns":4},{"damage":0,"enemies":"2 Fungi Beasts","floor":12,"turns":3},{"damage":0,"enemies":"3 Louse","floor":14,"turns":3},{"damage":14,"enemies":"Slime Boss","floor":16,"turns":16},{"damage":1,"enemies":"Spheric Guardian","floor":18,"turns":4},{"damage":5,"enemies":"3 Byrds","floor":20,"turns":4},{"damage":55,"enemies":"Book of Stabbing","floor":23,"turns":8},{"damage":12,"enemies":"Cultist and Chosen","floor":25,"turns":6},{"damage":41,"enemies":"3 Cultists","floor":29,"turns":5},{"damage":0,"enemies":"Sentry and Sphere","floor":31,"turns":4},{"damage":30,"enemies":"Champ","floor":33,"turns":7}],"seed_played":"3816188053504855903","potions_obtained":[{"floor":1,"key":"FocusPotion"},{"floor":3,"key":"FocusPotion"},{"floor":10,"key":"Strength Potion"},{"floor":12,"key":"Poison Potion"},{"floor":16,"key":"Energy Potion"},{"floor":29,"key":"Fire Potion"},{"floor":31,"key":"Strength Potion"}],"is_trial":false,"path_per_floor":["M","M","M","M","$","R","E","R","T","M","M","M","R","M","R","B",null,"M","$","M","?","?","E","R","M","T","R","T","M","?","M","R","B"],"character_chosen":"DEFECT","items_purchased":["Melter"],"campfire_rested":5,"item_purchase_floors":[5],"current_hp_per_floor":[75,70,69,69,69,69,47,69,69,66,56,56,75,75,75,61,75,74,74,69,69,69,14,36,24,24,46,46,5,5,5,27,0],"gold":371,"neow_bonus":"REMOVE_CARD","is_prod":false,"is_daily":false,"chose_seed":false,"campfire_upgraded":1,"win_rate":0,"timestamp":1561340618,"path_taken":["M","M","M","M","$","R","E","R","T","M","M","M","R","M","R","BOSS","M","$","M","?","?","E","R","M","T","R","?","M","?","M","R","BOSS"],"build_version":"2019-01-23","purchased_purges":2,"victory":false,"max_hp_per_floor":[75,75,75,75,75,75,75,75,75,75,75,75,75,75,75,75,75,75,75,75,75,75,75,75,75,75,75,75,75,75,75,75,75],"card_choices":[{"not_picked":["Static Discharge","Barrage"],"picked":"Cold Snap","floor":1},{"not_picked":["Cold Snap","Leap"],"picked":"Skim","floor":2},{"not_picked":["Gash","Hyperbeam"],"picked":"Undo","floor":3},{"not_picked":["Chaos","Reinforced Body"],"picked":"Genetic Algorithm","floor":4},{"not_picked":["Hologram","Turbo"],"picked":"Consume","floor":7},{"not_picked":["Steam Power","Meteor Strike"],"picked":"Sweeping Beam","floor":10},{"not_picked":["Compile Driver","Scrape"],"picked":"Streamline","floor":11},{"not_picked":["Turbo","Cold Snap","Stack"],"picked":"SKIP","floor":12},{"not_picked":["Streamline","Recycle"],"picked":"Beam Cell","floor":14},{"not_picked":["Thunder Strike","Echo Form"],"picked":"Electrodynamics","floor":16},{"not_picked":["Static Discharge+1","Sweeping Beam"],"picked":"Streamline+1","floor":18},{"not_picked":["Steam Power","Redo"],"picked":"Defragment","floor":20},{"not_picked":["Scrape","Redo+1"],"picked":"Sweeping Beam+1","floor":23},{"not_picked":["Rebound","Steam","Capacitor"],"picked":"SKIP","floor":25},{"not_picked":["Chill","Steam","Sweeping Beam+1"],"picked":"SKIP","floor":29},{"not_picked":["Redo","Cold Snap+1","Consume"],"picked":"SKIP","floor":31}],"player_experience":120831,"relics_obtained":[{"floor":7,"key":"Oddly Smooth Stone"},{"floor":23,"key":"Juzu Bracelet"},{"floor":26,"key":"Molten Egg 2"},{"floor":28,"key":"Art of War"}],"event_choices":[{"damage_healed":0,"gold_gain":0,"player_choice":"Ignored","damage_taken":0,"max_hp_gain":0,"max_hp_loss":0,"event_name":"Vampires","floor":21,"gold_loss":0},{"damage_healed":0,"gold_gain":0,"player_choice":"Ignored","damage_taken":0,"max_hp_gain":0,"max_hp_loss":0,"event_name":"Cursed Tome","floor":22,"gold_loss":0},{"damage_healed":0,"gold_gain":99,"player_choice":"Stole From Cult","damage_taken":0,"max_hp_gain":0,"max_hp_loss":0,"event_name":"Nest","floor":30,"gold_loss":0}],"is_beta":false,"boss_relics":[{"not_picked":["Busted Crown","Runic Pyramid"],"picked":"Inserter"}],"items_purged_floors":[5,19],"is_endless":false,"potions_floor_spawned":[1,3,10,12,16,29,31],"killed_by":"Champ","ascension_level":0}