{"gold_per_floor":[111,122,134,134,150,150,162,192,192,162,162,180,207,225,225,302,302,322,342,342,342,356,356,373,373,397,425,441,40,40,40,40,117,117,127,127,138,138],"floor_reached":38,"playtime":1708,"items_purged":["Writhe"],"score":800,"play_id":"6c1ffe3d-4c93-4b45-82a0-ab1f2921ed04","local_time":"20190512234730","is_ascension_mode":true,"campfire_choices":[{"data":"Uppercut","floor":6.0,"key":"SMITH"},{"data":"Havoc","floor":15.0,"key":"SMITH"},{"floor":23.0,"key":"REST"},{"floor":25.0,"key":"REST"},{"floor":30.0,"key":"REST"},{"data":"Strike_R","floor":32.0,"key":"PURGE"}],"neow_cost":"NONE","seed_source_timestamp":127859466336500,"circlet_count":0,"master_deck":["AscendersBane","Strike_R","Strike_R","Defend_R","Defend_R","Defend_R","Defend_R","Bash","Exhume","Anger","Spot Weakness","Uppercut+1","Shrug It Off","Havoc+1","True Grit","Metallicize","Sentinel","Burning Pact","Feed","Warcry","Seeing Red+1","Pommel Strike+1","Fiend Fire","Shame","Pain","Regret","Ghostly Armor","Madness","Madness","Seeing Red"],"special_seed":0,"relics":["Burning Blood","Pantograph","Dead Branch","Dodecahedron","Fusion Hammer","Peace Pipe","Centennial Puzzle","Boot","Regal Pillow","Ancient Tea Set","Calling Bell","Unceasing Top","Letter Opener","Bag of Preparation"],"potions_floor_usage":[38],"damage_taken":[{"damage":9.0,"enemies":"2 Louse","floor":1.0,"turns":2.0},{"damage":9.0,"enemies":"Jaw Worm","floor":2.0,"turns":3.0},{"damage":6.0,"enemies":"Cultist","floor":3.0,"turns":3.0},{"damage":9.0,"enemies":"Looter","floor":5.0,"turns":3.0},{"damage":7.0,"enemies":"3 Louse","floor":7.0,"turns":4.0},{"damage":24.0,"enemies":"Gremlin Nob","floor":8.0,"turns":4.0},{"damage":13.0,"enemies":"Exordium Thugs","floor":10.0,"turns":4.0},{"damage":13.0,"enemies":"Large Slime","floor":12.0,"turns":6.0},{"damage":5.0,"enemies":"3 Sentries","floor":13.0,"turns":8.0},{"damage":16.0,"enemies":"Blue Slaver","floor":14.0,"turns":7.0},{"damage":38.0,"enemies":"Slime Boss","floor":16.0,"turns":8.0},{"damage":33.0,"enemies":"3 Byrds","floor":18.0,"turns":7.0},{"damage":9.0,"enemies":"Spheric Guardian","floor":19.0,"turns":3.0},{"damage":46.0,"enemies":"Snecko","floor":22.0,"turns":5.0},{"damage":21.0,"enemies":"Shelled Parasite and Fungi","floor":24.0,"turns":3.0},{"damage":17.0,"enemies":"Book of Stabbing","floor":27.0,"turns":9.0},{"damage":18.0,"enemies":"Snake Plant","floor":28.0,"turns":4.0},{"damage":24.0,"enemies":"Champ","floor":33.0,"turns":10.0},{"damage":2.0,"enemies":"3 Shapes","floor":35.0,"turns":4.0},{"damage":20.0,"enemies":"3 Darklings","floor":37.0,"turns":4.0},{"damage":80,"enemies":"Transient","floor":38,"turns":6}],"seed_played":"4337952557795740825","potions_obtained":[{"floor":7.0,"key":"Dexterity Potion"},{"floor":8.0,"key":"EssenceOfSteel"},{"floor":13.0,"key":"Swift Potion"},{"floor":14.0,"key":"Strength Potion"},{"floor":18.0,"key":"Dexterity Potion"},{"floor":28.0,"key":"LiquidBronze"},{"floor":33.0,"key":"Poison Potion"}],"is_trial":false,"path_per_floor":["M","M","M","?","M","R","M","E","T","M","?","M","E","M","R","B",null,"M","M","?","?","M","R","M","R","T","E","M","$","R","$","R","B",null,"M","?","M","M"],"character_chosen":"IRONCLAD","items_purchased":["Regal Pillow","Ancient Tea Set"],"campfire_rested":3,"item_purchase_floors":[29,29],"current_hp_per_floor":[65,62,62,55,52,52,51,33,33,34,85,78,79,69,69,53,77,50,47,47,47,7,32,20,46,46,38,26,26,68,68,68,73,87,94,77,63,0],"gold":138,"neow_bonus":"TRANSFORM_CARD","is_prod":false,"is_daily":false,"chose_seed":false,"campfire_upgraded":2,"win_rate":0,"timestamp":1557697650,"path_taken":["M","M","M","?","M","R","M","E","T","M","?","M","E","?","R","BOSS","M","M","?","?","M","R","M","R","T","E","M","$","R","$","R","BOSS","M","?","M","M"],"build_version":"2019-05-07","purchased_purges":1,"victory":false,"max_hp_per_floor":[75,75,75,75,75,75,75,75,75,75,85,85,85,85,85,85,85,85,85,85,85,85,85,88,88,88,91,91,91,91,91,91,91,91,94,94,94,94],"card_choices":[{"not_picked":["Shrug It Off","Armaments"],"picked":"Anger","floor":1.0},{"not_picked":["Infernal Blade","Shrug It Off"],"picked":"Spot Weakness","floor":2.0},{"not_picked":["Flame Barrier","Metallicize"],"picked":"Uppercut","floor":3.0},{"not_picked":["Perfected Strike","Infernal Blade"],"picked":"Shrug It Off","floor":5.0},{"not_picked":["Thunderclap","Perfected Strike"],"picked":"Havoc","floor":7.0},{"not_picked":["Heavy Blade","Cleave"],"picked":"Reaper","floor":8.0},{"not_picked":["Clothesline","Twin Strike"],"picked":"True Grit","floor":10.0},{"not_picked":["Rupture","Clothesline"],"picked":"Metallicize","floor":12.0},{"not_picked":["Wild Strike","Disarm"],"picked":"Sentinel","floor":13.0},{"not_picked":["Seeing Red","Clash"],"picked":"Burning Pact","floor":14.0},{"not_picked":["Immolate","Bludgeon"],"picked":"Feed","floor":16.0},{"not_picked":["Clash","Burning Pact","Armaments"],"picked":"SKIP","floor":18.0},{"not_picked":["Flex","Armaments","Twin Strike"],"picked":"SKIP","floor":19.0},{"not_picked":["Flex","Perfected Strike+1"],"picked":"Warcry","floor":22.0},{"not_picked":["Combust","Sword Boomerang","Anger"],"picked":"SKIP","floor":24.0},{"not_picked":["Perfected Strike","Bloodletting"],"picked":"Seeing Red+1","floor":27.0},{"not_picked":["Shrug It Off","Inflame+1"],"picked":"Pommel Strike+1","floor":28.0},{"not_picked":["Barricade","Juggernaut"],"picked":"Fiend Fire","floor":33.0},{"not_picked":["Combust+1","Clothesline"],"picked":"Ghostly Armor","floor":35.0},{"not_picked":["Cleave","Clash"],"picked":"Seeing Red","floor":37.0}],"player_experience":690955,"relics_obtained":[{"floor":8.0,"key":"Pantograph"},{"floor":9.0,"key":"Dead Branch"},{"floor":13.0,"key":"Dodecahedron"},{"floor":26.0,"key":"Centennial Puzzle"},{"floor":27.0,"key":"Boot"},{"floor":34.0,"key":"Unceasing Top"},{"floor":34.0,"key":"Letter Opener"},{"floor":34.0,"key":"Bag of Preparation"}],"event_choices":[{"cards_removed":["Strike_R"],"damage_healed":0.0,"max_hp_gain":0.0,"max_hp_loss":0.0,"gold_gain":0.0,"event_name":"Golden Wing","player_choice":"Card Removal","floor":4.0,"gold_loss":0.0,"damage_taken":7.0},{"cards_removed":["Reaper"],"damage_healed":41.0,"max_hp_gain":10.0,"max_hp_loss":0.0,"gold_gain":0.0,"event_name":"Bonfire Elementals","player_choice":"Offered Rare","floor":11.0,"gold_loss":0.0,"damage_taken":0.0},{"damage_healed":0.0,"max_hp_gain":0.0,"max_hp_loss":0.0,"gold_gain":0.0,"event_name":"Vampires","player_choice":"Ignored","floor":20.0,"gold_loss":0.0,"damage_taken":0.0},{"damage_healed":0.0,"max_hp_gain":0.0,"max_hp_loss":0.0,"gold_gain":0.0,"event_name":"The Mausoleum","player_choice":"Opened","floor":21.0,"gold_loss":0.0,"damage_taken":0.0,"relics_obtained":["Peace Pipe"],"cards_obtained":["Writhe"]},{"damage_healed":0.0,"max_hp_gain":0.0,"max_hp_loss":0.0,"gold_gain":0.0,"event_name":"Winding Halls","player_choice":"Embrace Madness","floor":36.0,"gold_loss":0.0,"damage_taken":17.0,"cards_obtained":["Madness","Madness"]}],"is_beta":true,"boss_relics":[{"not_picked":["Astrolabe","Sozu"],"picked":"Fusion Hammer"},{"not_picked":["Coffee Dripper","Philosopher\u0027s Stone"],"picked":"Calling Bell"}],"items_purged_floors":[29],"is_endless":false,"potions_floor_spawned":[7,8,10,12,13,14,18,28,33],"killed_by":"Transient","ascension_level":19}