{"gold_per_floor":[211,161,184,194,26,26,26,84,107,107,107,119,119,130,130,228,228,242,242,257,277,296,296,296],"floor_reached":24,"playtime":1975,"items_purged":[],"score":186,"play_id":"55c3eadc-d643-4227-a2d8-61d988f716c7","local_time":"20190606202723","is_ascension_mode":false,"campfire_choices":[{"floor":10,"key":"RECALL"},{"floor":13,"key":"REST"},{"data":"Armaments","floor":15,"key":"SMITH"},{"floor":23,"key":"REST"}],"neow_cost":"NONE","seed_source_timestamp":6959013227853,"circlet_count":0,"master_deck":["Strike_R","Strike_R+1","Strike_R","Strike_R","Defend_R","Defend_R","Defend_R","Defend_R","Bash","Body Slam+1","Twin Strike","Pommel Strike","Iron Wave","Armaments+1","Thunderclap","Limit Break","Cleave","Heavy Blade","Rage","Dual Wield"],"relics":["Burning Blood","Orichalcum","Dodecahedron","Ginger","Bag of Preparation"],"potions_floor_usage":[16,20,21,22,24],"damage_taken":[{"damage":5,"enemies":"Jaw Worm","floor":1,"turns":4},{"damage":2,"enemies":"Cultist","floor":4,"turns":5},{"damage":19,"enemies":"3 Sentries","floor":8,"turns":9},{"damage":2,"enemies":"2 Louse","floor":12,"turns":2},{"damage":3,"enemies":"2 Fungi Beasts","floor":14,"turns":5},{"damage":30,"enemies":"Hexaghost","floor":16,"turns":11},{"damage":14,"enemies":"2 Thieves","floor":18,"turns":5},{"damage":0,"enemies":"Chosen","floor":20,"turns":4},{"damage":21,"enemies":"Snecko","floor":21,"turns":6},{"damage":24,"enemies":"Snake Plant","floor":22,"turns":6},{"damage":77,"enemies":"Book of Stabbing","floor":24,"turns":7}],"seed_played":"8517518536309600554","potions_obtained":[{"floor":4,"key":"Block Potion"},{"floor":16,"key":"Fire Potion"},{"floor":18,"key":"SteroidPotion"},{"floor":19,"key":"BloodPotion"},{"floor":22,"key":"GamblersBrew"}],"is_trial":false,"path_per_floor":["M","?","T","M","$","T","$","?","T","R","?","M","R","M","R","B",null,"M","?","M","M","M","R","E"],"character_chosen":"IRONCLAD","items_purchased":["Orichalcum","Pommel Strike"],"campfire_rested":2,"item_purchase_floors":[5,5],"current_hp_per_floor":[80,80,80,80,80,80,80,67,67,67,51,55,79,80,80,56,80,72,72,78,63,53,77,0],"gold":296,"neow_bonus":"HUNDRED_GOLD","is_prod":false,"is_daily":false,"chose_seed":false,"campfire_upgraded":1,"win_rate":0,"timestamp":1559867243,"path_taken":["M","?","?","?","$","?","?","?","T","R","?","M","R","?","R","BOSS","M","?","M","M","M","R","E"],"build_version":"2019-01-23","purchased_purges":0,"victory":false,"max_hp_per_floor":[80,80,80,80,80,80,80,80,80,80,80,80,80,80,80,80,80,80,80,80,80,80,80,80],"card_choices":[{"not_picked":["Sword Boomerang","Carnage"],"picked":"Body Slam","floor":1},{"not_picked":["Blood for Blood","Hemokinesis"],"picked":"Twin Strike","floor":4},{"not_picked":["Second Wind","Sword Boomerang"],"picked":"Iron Wave","floor":8},{"not_picked":["Sword Boomerang","Fire Breathing"],"picked":"Armaments","floor":12},{"not_picked":["Intimidate","Searing Blow"],"picked":"Thunderclap","floor":14},{"not_picked":["Double Tap","Immolate"],"picked":"Limit Break","floor":16},{"not_picked":["Twin Strike","Clothesline"],"picked":"Cleave","floor":18},{"not_picked":["Iron Wave","Perfected Strike"],"picked":"Heavy Blade","floor":20},{"not_picked":["Twin Strike","Wild Strike"],"picked":"Rage","floor":21},{"not_picked":["Anger","Clash"],"picked":"Dual Wield","floor":22}],"player_experience":35269,"relics_obtained":[{"floor":6,"key":"Dodecahedron"},{"floor":8,"key":"Ginger"},{"floor":9,"key":"Bag of Preparation"}],"event_choices":[{"cards_removed":["Strike_R"],"damage_healed":0,"gold_gain":0,"player_choice":"Card Removal","damage_taken":0,"max_hp_gain":0,"max_hp_loss":0,"event_name":"The Cleric","floor":2,"gold_loss":50},{"damage_healed":0,"gold_gain":0,"player_choice":"Searched \u00271\u0027 times","damage_taken":0,"max_hp_gain":0,"max_hp_loss":0,"event_name":"Dead Adventurer","floor":8,"gold_loss":0},{"damage_healed":0,"gold_gain":0,"player_choice":"Entered Light","damage_taken":16,"max_hp_gain":0,"max_hp_loss":0,"event_name":"Shining Light","floor":11,"gold_loss":0,"cards_upgraded":["Body Slam","Strike_R"]},{"damage_healed":0,"gold_gain":0,"player_choice":"Got Potions","damage_taken":0,"max_hp_gain":0,"max_hp_loss":0,"event_name":"Lab","floor":19,"gold_loss":0}],"is_beta":false,"boss_relics":[{"not_picked":["Coffee Dripper","Runic Dome","Snecko Eye"]}],"items_purged_floors":[],"is_endless":false,"potions_floor_spawned":[4,16,18,22],"killed_by":"Book of Stabbing","ascension_level":0}