{"gold_per_floor":[110,126,146,160,179,211,230,246,318,336,45,64,95,112,112,212,212,227,240,240,69,69,99,114,114,114,29,57,71,71,71],"floor_reached":31,"playtime":1888,"items_purged":[],"score":402,"play_id":"89bad4e4-05d8-4d40-9583-e7f0515228b1","local_time":"20190603010544","is_ascension_mode":true,"campfire_choices":[{"data":"Defragment","floor":15,"key":"SMITH"},{"data":"1","floor":25,"key":"LIFT"}],"neow_cost":"TEN_PERCENT_HP_LOSS","seed_source_timestamp":1122572814664793,"circlet_count":0,"master_deck":["Strike_B","Strike_B","Strike_B","Strike_B","Defend_B","Defend_B","Defend_B","Defend_B","Zap","Dualcast","Mind Blast","Forethought","BootSequence","Cold Snap","Conserve Battery","Undo","Barrage","Thunder Strike","Redo","Barrage","Electrodynamics","Defragment+1","Leap","Compile Driver","Ball Lightning","Sunder","Ball Lightning","Echo Form","BootSequence","Barrage+1","Capacitor","Conserve Battery","Barrage","Compile Driver+1","Conserve Battery","Self Repair","Cold Snap","Defragment+1","Compile Driver"],"relics":["Cracked Core","Pen Nib","Question Card","Tiny Chest","Dream Catcher","Sozu","Girya","Bird Faced Urn","Turnip"],"potions_floor_usage":[4,5,8,8,16,16,23],"damage_taken":[{"damage":3,"enemies":"2 Louse","floor":1,"turns":3},{"damage":3,"enemies":"Small Slimes","floor":2,"turns":3},{"damage":0,"enemies":"Cultist","floor":3,"turns":3},{"damage":8,"enemies":"Lots of Slimes","floor":4,"turns":4},{"damage":0,"enemies":"Red Slaver","floor":5,"turns":5},{"damage":4,"enemies":"Lagavulin","floor":6,"turns":10},{"damage":3,"enemies":"Blue Slaver","floor":7,"turns":2},{"damage":1,"enemies":"Looter","floor":8,"turns":3},{"damage":0,"enemies":"3 Louse","floor":10,"turns":2},{"damage":2,"enemies":"Exordium Wildlife","floor":12,"turns":2},{"damage":16,"enemies":"Gremlin Nob","floor":13,"turns":4},{"damage":0,"enemies":"2 Fungi Beasts","floor":14,"turns":1},{"damage":5,"enemies":"Hexaghost","floor":16,"turns":8},{"damage":0,"enemies":"Chosen","floor":18,"turns":4},{"damage":26,"enemies":"2 Thieves","floor":19,"turns":4},{"damage":22,"enemies":"Gremlin Leader","floor":23,"turns":5},{"damage":11,"enemies":"Chosen and Byrds","floor":24,"turns":5},{"damage":8,"enemies":"Slavers","floor":28,"turns":5},{"damage":18,"enemies":"Shelled Parasite and Fungi","floor":29,"turns":5},{"damage":33,"enemies":"Book of Stabbing","floor":31,"turns":3}],"seed_played":"3851942281529641806","potions_obtained":[{"floor":1,"key":"LiquidBronze"},{"floor":2,"key":"Dexterity Potion"},{"floor":7,"key":"EntropicBrew"},{"floor":8,"key":"Block Potion"},{"floor":13,"key":"Regen Potion"},{"floor":14,"key":"Energy Potion"}],"is_trial":false,"path_per_floor":["M","M","M","M","M","E","M","M","T","M","$","M","E","M","R","B",null,"M","M","?","$","?","E","M","R","T","$","E","M","?","E"],"character_chosen":"DEFECT","items_purchased":["Defragment","Tiny Chest","Leap","Compile Driver","Capacitor","Conserve Battery","Barrage","Self Repair","Cold Snap"],"campfire_rested":0,"item_purchase_floors":[11,11,11,11,21,21,21,27,27],"current_hp_per_floor":[65,62,62,54,54,50,47,46,46,46,46,44,28,28,28,23,68,68,42,42,42,64,42,31,31,31,31,29,24,24,0],"gold":71,"neow_bonus":"RANDOM_COLORLESS_2","is_prod":false,"is_daily":false,"chose_seed":false,"campfire_upgraded":1,"win_rate":0,"timestamp":1559545544,"path_taken":["M","M","M","M","M","E","M","M","T","M","$","M","E","M","R","BOSS","M","M","?","$","?","E","M","R","T","$","E","M","?","E"],"build_version":"2019-01-23","purchased_purges":0,"victory":false,"max_hp_per_floor":[68,68,68,68,68,68,68,68,68,68,68,68,68,68,68,68,68,68,68,68,68,68,68,68,68,68,68,68,68,68,68],"card_choices":[{"not_picked":["Compile Driver","Coolheaded"],"picked":"BootSequence","floor":1},{"not_picked":["Steam","Stack"],"picked":"Cold Snap","floor":2},{"not_picked":["Force Field","Go for the Eyes"],"picked":"Conserve Battery","floor":3},{"not_picked":["Beam Cell","Auto Shields"],"picked":"Undo","floor":4},{"not_picked":["Compile Driver","Stack"],"picked":"Barrage","floor":5},{"not_picked":["Turbo","Rainbow"],"picked":"Thunder Strike","floor":6},{"not_picked":["Beam Cell","Turbo"],"picked":"Redo","floor":7},{"not_picked":["Compile Driver","Leap"],"picked":"Barrage","floor":8},{"not_picked":["Streamline","Stack","Cold Snap"],"picked":"Electrodynamics","floor":10},{"not_picked":["Conserve Battery","Beam Cell","Compile Driver"],"picked":"Ball Lightning","floor":12},{"not_picked":["Hologram","Sweeping Beam","Turbo"],"picked":"Sunder","floor":13},{"not_picked":["Aggregate","Recycle","Steam"],"picked":"Ball Lightning","floor":14},{"not_picked":["Hyperbeam","Thunder Strike","Amplify"],"picked":"Echo Form","floor":16},{"not_picked":["Streamline","Steam","Sunder"],"picked":"BootSequence","floor":18},{"not_picked":["Streamline+1","Go for the Eyes+1","Lockon"],"picked":"Barrage+1","floor":19},{"not_picked":["Chaos","Go for the Eyes","Double Energy+1"],"picked":"Compile Driver+1","floor":23},{"not_picked":["Cold Snap","Steam","Fusion"],"picked":"Conserve Battery","floor":24},{"not_picked":["Turbo","Steam","Doom and Gloom+1"],"picked":"Defragment","floor":28},{"not_picked":["Sweeping Beam","Reprogram","Skim"],"picked":"Compile Driver","floor":29}],"player_experience":279390,"relics_obtained":[{"floor":6,"key":"Pen Nib"},{"floor":9,"key":"Question Card"},{"floor":13,"key":"Dream Catcher"},{"floor":23,"key":"Girya"},{"floor":26,"key":"Bird Faced Urn"},{"floor":28,"key":"Turnip"}],"event_choices":[{"damage_healed":0,"gold_gain":0,"player_choice":"Ignored","damage_taken":0,"max_hp_gain":0,"max_hp_loss":0,"event_name":"Beggar","floor":20,"gold_loss":0},{"damage_healed":22,"gold_gain":0,"player_choice":"Heal","damage_taken":0,"max_hp_gain":0,"max_hp_loss":0,"event_name":"The Library","floor":22,"gold_loss":0},{"damage_healed":0,"gold_gain":0,"player_choice":"Upgraded","damage_taken":0,"max_hp_gain":0,"max_hp_loss":0,"event_name":"Upgrade Shrine","floor":30,"gold_loss":0,"cards_upgraded":["Defragment"]}],"is_beta":false,"boss_relics":[{"not_picked":["Runic Dome","Tiny House"],"picked":"Sozu"}],"items_purged_floors":[],"is_endless":false,"potions_floor_spawned":[1,2,7,8,13,14,18,19,24,28],"killed_by":"Book of Stabbing","ascension_level":4}