{"gold_per_floor":[111,111,131,146,158,158,171,171,171,171,171],"floor_reached":11,"playtime":211,"items_purged":[],"score":130,"play_id":"d3be05ba-c88f-46a0-ac55-f3bf56c83d66","local_time":"20190515115230","is_ascension_mode":true,"campfire_choices":[{"floor":6,"key":"REST"},{"data":"Bash","floor":8,"key":"SMITH"}],"neow_cost":"NONE","seed_source_timestamp":7921465113700,"circlet_count":0,"master_deck":["AscendersBane","Strike_R","Strike_R","Strike_R","Strike_R","Defend_R","Defend_R","Defend_R","Defend_R","Bash+1","Juggernaut","Combust","Wild Strike","Evolve","Headbutt","Carnage"],"relics":["Burning Blood","Darkstone Periapt","Golden Idol"],"potions_floor_usage":[],"damage_taken":[{"damage":17,"enemies":"Cultist","floor":1,"turns":4},{"damage":14,"enemies":"Small Slimes","floor":3,"turns":3},{"damage":14,"enemies":"Jaw Worm","floor":4,"turns":4},{"damage":19,"enemies":"Red Slaver","floor":5,"turns":5},{"damage":14,"enemies":"Exordium Wildlife","floor":7,"turns":3},{"damage":18,"enemies":"Gremlin Gang","floor":11,"turns":2}],"seed_played":"-6817452884159888532","potions_obtained":[{"floor":1,"key":"SteroidPotion"},{"floor":7,"key":"Energy Potion"}],"is_trial":false,"path_per_floor":["M","?","M","M","M","R","M","R","T","?","M"],"character_chosen":"IRONCLAD","items_purchased":[],"campfire_rested":1,"item_purchase_floors":[],"current_hp_per_floor":[57,57,49,41,28,50,42,42,42,16,0],"gold":171,"neow_bonus":"ONE_RANDOM_RARE_CARD","is_prod":false,"is_daily":false,"chose_seed":false,"campfire_upgraded":1,"win_rate":0,"timestamp":1557913950,"path_taken":["M","?","M","M","?","R","M","R","T","?","M"],"build_version":"2019-05-07","purchased_purges":0,"victory":false,"max_hp_per_floor":[75,75,75,75,75,75,75,75,75,75,75],"card_choices":[{"not_picked":["True Grit","Armaments"],"picked":"Combust","floor":1},{"not_picked":["Flex","Shrug It Off"],"picked":"Wild Strike","floor":3},{"not_picked":["Pummel","Cleave"],"picked":"Evolve","floor":4},{"not_picked":["Shrug It Off","Evolve"],"picked":"Headbutt","floor":5},{"not_picked":["Intimidate","Second Wind"],"picked":"Carnage","floor":7}],"player_experience":715048,"relics_obtained":[{"floor":9,"key":"Darkstone Periapt"}],"event_choices":[{"cards_removed":["Strike_R"],"damage_healed":0,"gold_gain":0,"player_choice":"Offered Basic","damage_taken":0,"max_hp_gain":0,"max_hp_loss":0,"event_name":"Bonfire Elementals","floor":2,"gold_loss":0},{"damage_healed":0,"gold_gain":0,"player_choice":"Take Damage","damage_taken":26,"relics_obtained":["Golden Idol"],"max_hp_gain":0,"max_hp_loss":0,"event_name":"Golden Idol","floor":10,"gold_loss":0}],"is_beta":true,"boss_relics":[],"items_purged_floors":[],"is_endless":false,"potions_floor_spawned":[1,7],"killed_by":"Gremlin Gang","ascension_level":20}