{"gold_per_floor":[113,127,83,102,252,252,286,296,296,296,328,39,39,59,59,137,137,152,166,166,166,177,177,205,205],"floor_reached":25,"playtime":874,"items_purged":["Strike_G"],"score":462,"play_id":"a2413ed2-8935-41b2-ac70-aba622591ed5","local_time":"20190614001305","is_ascension_mode":true,"campfire_choices":[{"data":"Cloak And Dagger","floor":10.0,"key":"SMITH"},{"data":"Malaise","floor":13.0,"key":"SMITH"},{"floor":15.0,"key":"REST"},{"floor":23.0,"key":"REST"}],"neow_cost":"NONE","seed_source_timestamp":50480370260700,"circlet_count":0,"master_deck":["AscendersBane","Strike_G","Strike_G","Strike_G","Defend_G","Defend_G","Defend_G","Defend_G","Defend_G","Survivor","Neutralize","Poisoned Stab","Slice","Infinite Blades","Cloak And Dagger+1","Backstab","Blade Dance","Malaise+1","Dodge and Roll","Noxious Fumes","Storm of Steel","Well Laid Plans","Cloak And Dagger","Die Die Die","Envenom"],"special_seed":0,"relics":["Ring of the Snake","Omamori","Shuriken","Mercury Hourglass","Ornamental Fan","Happy Flower","Black Star","Nloth\u0027s Gift","Pen Nib","Letter Opener"],"potions_floor_usage":[],"damage_taken":[{"damage":0.0,"enemies":"Cultist","floor":1.0,"turns":4.0},{"damage":1.0,"enemies":"Jaw Worm","floor":2.0,"turns":3.0},{"damage":2.0,"enemies":"2 Louse","floor":4.0,"turns":3.0},{"damage":24.0,"enemies":"Gremlin Nob","floor":7.0,"turns":4.0},{"damage":0.0,"enemies":"Blue Slaver","floor":8.0,"turns":2.0},{"damage":12.0,"enemies":"Lagavulin","floor":11.0,"turns":4.0},{"damage":0.0,"enemies":"2 Fungi Beasts","floor":14.0,"turns":2.0},{"damage":1.0,"enemies":"The Guardian","floor":16.0,"turns":9.0},{"damage":5.0,"enemies":"Chosen","floor":18.0,"turns":5.0},{"damage":22.0,"enemies":"2 Thieves","floor":19.0,"turns":4.0},{"damage":15.0,"enemies":"Centurion and Healer","floor":22.0,"turns":7.0},{"damage":5.0,"enemies":"Book of Stabbing","floor":24.0,"turns":6.0},{"damage":41,"enemies":"Snecko","floor":25,"turns":4}],"seed_played":"-3073053491520249697","potions_obtained":[{"floor":1.0,"key":"AttackPotion"},{"floor":2.0,"key":"Ancient Potion"},{"floor":8.0,"key":"Fire Potion"},{"floor":19.0,"key":"Dexterity Potion"},{"floor":22.0,"key":"Block Potion"}],"is_trial":false,"path_per_floor":["M","M","$","M","?","?","E","M","T","R","E","$","R","M","R","B",null,"M","M","?","?","M","R","E","M"],"character_chosen":"THE_SILENT","items_purchased":["Infinite Blades","Dodge and Roll","Potion Belt"],"campfire_rested":2,"item_purchase_floors":[3,12,12],"current_hp_per_floor":[59,58,58,56,56,56,32,32,32,32,20,20,20,20,39,38,59,54,32,32,32,17,36,31,0],"gold":205,"neow_bonus":"RANDOM_COMMON_RELIC","is_prod":false,"is_daily":false,"chose_seed":false,"campfire_upgraded":2,"win_rate":0,"timestamp":1560463985,"path_taken":["M","M","?","M","?","?","E","M","T","R","E","$","R","M","R","BOSS","M","M","?","?","?","R","E","M"],"build_version":"2019-06-12","purchased_purges":1,"victory":false,"max_hp_per_floor":[66,66,66,66,66,66,66,66,66,66,66,66,66,66,66,66,66,66,66,66,66,66,66,66,66],"card_choices":[{"not_picked":["Expertise","Sucker Punch"],"picked":"Poisoned Stab","floor":1.0},{"not_picked":["Underhanded Strike","Poisoned Stab"],"picked":"Slice","floor":2.0},{"not_picked":["Slice","Deadly Poison"],"picked":"Cloak And Dagger","floor":4.0},{"not_picked":["Endless Agony","Dagger Spray"],"picked":"Backstab","floor":7.0},{"not_picked":["Deadly Poison","Dodge and Roll"],"picked":"Blade Dance","floor":8.0},{"not_picked":["Dagger Throw","Corpse Explosion"],"picked":"Malaise","floor":11.0},{"not_picked":["Quick Slash","Backflip"],"picked":"Noxious Fumes","floor":14.0},{"not_picked":["Glass Knife","Wraith Form v2"],"picked":"Storm of Steel","floor":16.0},{"not_picked":["Underhanded Strike","Dodge and Roll"],"picked":"Well Laid Plans","floor":18.0},{"not_picked":["Choke","Tactician"],"picked":"Cloak And Dagger","floor":19.0},{"not_picked":["Underhanded Strike","Bane"],"picked":"Die Die Die","floor":22.0},{"not_picked":["Flying Knee","Quick Slash"],"picked":"Envenom","floor":24.0}],"player_experience":828212,"relics_obtained":[{"floor":7.0,"key":"Mercury Hourglass"},{"floor":9.0,"key":"Ornamental Fan"},{"floor":11.0,"key":"Happy Flower"},{"floor":24.0,"key":"Pen Nib"},{"floor":24.0,"key":"Letter Opener"}],"event_choices":[{"damage_healed":0.0,"max_hp_gain":0.0,"max_hp_loss":0.0,"gold_gain":150.0,"event_name":"Liars Game","player_choice":"AGREE","floor":5.0,"gold_loss":0.0,"damage_taken":0.0,"cards_obtained":["Doubt"]},{"damage_healed":0.0,"max_hp_gain":0.0,"max_hp_loss":0.0,"gold_gain":0.0,"event_name":"Big Fish","player_choice":"Box","floor":6.0,"gold_loss":0.0,"damage_taken":0.0,"relics_obtained":["Shuriken"],"cards_obtained":["Regret"]},{"cards_removed":["Strike_G"],"damage_healed":0.0,"max_hp_gain":0.0,"max_hp_loss":0.0,"gold_gain":0.0,"event_name":"Back to Basics","player_choice":"Elegance","floor":20.0,"gold_loss":0.0,"damage_taken":0.0},{"damage_healed":0.0,"max_hp_gain":0.0,"max_hp_loss":0.0,"gold_gain":0.0,"event_name":"N\u0027loth","player_choice":"Traded Relic","floor":21.0,"relics_lost":["Potion Belt"],"gold_loss":0.0,"damage_taken":0.0,"relics_obtained":["Nloth\u0027s Gift"]}],"is_beta":true,"boss_relics":[{"not_picked":["Calling Bell","Lizard Tail"],"picked":"Black Star"}],"items_purged_floors":[12],"is_endless":false,"potions_floor_spawned":[1,2,8,19,22],"killed_by":"Snecko","ascension_level":20}