{"gold_per_floor":[115,95,110,35,49,83,97,109,109,109,9,9,24,24,24,24],"floor_reached":16,"playtime":432,"items_purged":["Strike_R","Strike_R"],"score":204,"play_id":"2695623d-7d28-42d6-ba66-0df186f54c2c","local_time":"20190515184418","is_ascension_mode":true,"campfire_choices":[{"floor":10.0,"key":"REST"},{"data":"Bash","floor":15.0,"key":"SMITH"}],"neow_cost":"NONE","seed_source_timestamp":32278883708800,"circlet_count":0,"master_deck":["AscendersBane","Strike_R","Defend_R","Defend_R","Defend_R","Defend_R","Bash+1","Carnage","Rampage","Thunderclap","Shrug It Off","True Grit","Shrug It Off","Pommel Strike"],"special_seed":0,"relics":["Burning Blood","Kunai","Calipers"],"potions_floor_usage":[16],"damage_taken":[{"damage":10.0,"enemies":"Small Slimes","floor":1.0,"turns":3.0},{"damage":2.0,"enemies":"Cultist","floor":3.0,"turns":4.0},{"damage":7.0,"enemies":"Jaw Worm","floor":5.0,"turns":3.0},{"damage":30.0,"enemies":"3 Sentries","floor":6.0,"turns":8.0},{"damage":21.0,"enemies":"3 Louse","floor":7.0,"turns":4.0},{"damage":8.0,"enemies":"2 Fungi Beasts","floor":8.0,"turns":4.0},{"damage":10.0,"enemies":"Red Slaver","floor":13.0,"turns":5.0},{"damage":45,"enemies":"Slime Boss","floor":16,"turns":7}],"seed_played":"-5983323155110108395","potions_obtained":[{"floor":1.0,"key":"Fire Potion"},{"floor":2.0,"key":"SpeedPotion"},{"floor":8.0,"key":"SteroidPotion"}],"is_trial":false,"path_per_floor":["M","?","M","$","M","E","M","M","T","R","$","?","M","$","R","B"],"character_chosen":"IRONCLAD","items_purchased":[],"campfire_rested":1,"item_purchase_floors":[],"current_hp_per_floor":[64,64,68,68,67,43,28,26,26,48,48,41,37,37,37,0],"gold":24,"neow_bonus":"REMOVE_CARD","is_prod":false,"is_daily":false,"chose_seed":false,"campfire_upgraded":1,"win_rate":0,"timestamp":1557938658,"path_taken":["M","?","M","?","M","E","M","M","T","R","$","?","M","?","R","BOSS"],"build_version":"2019-05-07","purchased_purges":2,"victory":false,"max_hp_per_floor":[75,75,75,75,75,75,75,75,75,75,75,75,75,75,75,75],"card_choices":[{"not_picked":["Body Slam","Uppercut"],"picked":"Carnage","floor":1.0},{"not_picked":["Spot Weakness","Wild Strike"],"picked":"Rampage","floor":3.0},{"not_picked":["Perfected Strike","Iron Wave"],"picked":"Thunderclap","floor":5.0},{"not_picked":["Headbutt","Battle Trance"],"picked":"Shrug It Off","floor":6.0},{"not_picked":["Rampage","Flex"],"picked":"True Grit","floor":7.0},{"not_picked":["Cleave","Anger"],"picked":"Shrug It Off","floor":8.0},{"not_picked":["Rampage","Armaments"],"picked":"Pommel Strike","floor":13.0}],"player_experience":719908,"relics_obtained":[{"floor":6.0,"key":"Kunai"},{"floor":9.0,"key":"Calipers"}],"event_choices":[{"damage_healed":0.0,"max_hp_gain":0.0,"max_hp_loss":0.0,"gold_gain":0.0,"event_name":"The Woman in Blue","player_choice":"Bought 1 Potion","floor":2.0,"gold_loss":0.0,"damage_taken":0.0},{"cards_removed":["Strike_R"],"damage_healed":0.0,"max_hp_gain":0.0,"max_hp_loss":0.0,"gold_gain":0.0,"event_name":"Golden Wing","player_choice":"Card Removal","floor":12.0,"gold_loss":0.0,"damage_taken":7.0}],"is_beta":true,"boss_relics":[],"items_purged_floors":[4,11],"is_endless":false,"potions_floor_spawned":[1,3,5,8],"killed_by":"Slime Boss","ascension_level":20}