{"gold_per_floor":[115,115,135,135,154,154,172,172,172,203,221,201,201,214,214,288,288,265,276,276,292,292],"floor_reached":22,"playtime":683,"items_purged":[],"score":376,"play_id":"6738d6da-1ccb-4df8-b6e5-792144cea01f","local_time":"20190625225140","is_ascension_mode":true,"campfire_choices":[{"floor":6.0,"key":"REST"},{"floor":8.0,"key":"REST"},{"floor":13.0,"key":"REST"},{"floor":15.0,"key":"REST"}],"neow_cost":"NONE","seed_source_timestamp":70181862285300,"circlet_count":0,"master_deck":["AscendersBane","Strike_B","Strike_B","Strike_B","Strike_B+1","Defend_B","Defend_B","Defend_B+1","Zap","Dualcast","Coolheaded","Gash","BootSequence","Gash","Beam Cell","Cold Snap","Chill","Echo Form","Genetic Algorithm","Sweeping Beam+1","Loop"],"special_seed":0,"relics":["Cracked Core","NeowsBlessing","Dead Branch","WingedGreaves","Runic Pyramid"],"potions_floor_usage":[21,21],"damage_taken":[{"damage":0.0,"enemies":"Cultist","floor":1.0,"turns":1.0},{"damage":0.0,"enemies":"Small Slimes","floor":3.0,"turns":1.0},{"damage":0.0,"enemies":"2 Louse","floor":5.0,"turns":1.0},{"damage":21.0,"enemies":"Exordium Thugs","floor":7.0,"turns":4.0},{"damage":52.0,"enemies":"Gremlin Nob","floor":10.0,"turns":5.0},{"damage":2.0,"enemies":"3 Louse","floor":11.0,"turns":2.0},{"damage":1.0,"enemies":"Gremlin Gang","floor":14.0,"turns":4.0},{"damage":46.0,"enemies":"Hexaghost","floor":16.0,"turns":11.0},{"damage":23.0,"enemies":"2 Thieves","floor":18.0,"turns":4.0},{"damage":0.0,"enemies":"3 Byrds","floor":19.0,"turns":5.0},{"damage":37,"enemies":"Cultist and Chosen","floor":21,"turns":7},{"damage":14,"enemies":"Snake Plant","floor":22,"turns":1}],"seed_played":"8899242302454425023","potions_obtained":[{"floor":3.0,"key":"EssenceOfSteel"},{"floor":10.0,"key":"SkillPotion"},{"floor":11.0,"key":"GamblersBrew"},{"floor":14.0,"key":"Ancient Potion"},{"floor":18.0,"key":"SneckoOil"},{"floor":19.0,"key":"Regen Potion"}],"is_trial":false,"path_per_floor":["M","?","M","?","M","R","M","R","T","E","M","?","R","M","R","B",null,"M","M","?","M","M"],"character_chosen":"DEFECT","items_purchased":[],"campfire_rested":4,"item_purchase_floors":[],"current_hp_per_floor":[64,43,43,43,43,64,43,64,64,12,10,10,31,30,51,5,55,32,32,32,10,0],"gold":292,"neow_bonus":"THREE_ENEMY_KILL","is_prod":false,"is_daily":false,"chose_seed":false,"campfire_upgraded":0,"win_rate":0,"timestamp":1561474300,"path_taken":["M","?","M","?","M","R","?","R","T","E","M","?","R","M","R","BOSS","M","M","?","M","M"],"build_version":"2019-01-23","purchased_purges":0,"victory":false,"max_hp_per_floor":[71,71,71,71,71,71,71,71,71,71,71,71,71,71,71,71,71,71,71,71,71,71],"card_choices":[{"not_picked":["Steam","Beam Cell"],"picked":"Coolheaded","floor":1.0},{"not_picked":["Hologram","Barrage"],"picked":"Gash","floor":3.0},{"not_picked":["Sweeping Beam","Coolheaded"],"picked":"Gash","floor":5.0},{"not_picked":["Sweeping Beam","Fission"],"picked":"Beam Cell","floor":7.0},{"not_picked":["Steam","Streamline","Barrage"],"picked":"SKIP","floor":10.0},{"not_picked":["Stack","Beam Cell"],"picked":"Cold Snap","floor":11.0},{"not_picked":["Rebound","Hologram"],"picked":"Chill","floor":14.0},{"not_picked":["Biased Cognition","Rainbow"],"picked":"Echo Form","floor":16.0},{"not_picked":["Barrage","Beam Cell"],"picked":"Genetic Algorithm","floor":18.0},{"not_picked":["Skim","Beam Cell"],"picked":"Sweeping Beam+1","floor":19.0},{"not_picked":["Turbo","Static Discharge"],"picked":"Loop","floor":21}],"player_experience":735315,"relics_obtained":[{"floor":9.0,"key":"Dead Branch"},{"floor":10.0,"key":"WingedGreaves"}],"event_choices":[{"damage_healed":0.0,"max_hp_gain":0.0,"max_hp_loss":0.0,"gold_gain":0.0,"event_name":"Shining Light","player_choice":"Entered Light","floor":2.0,"gold_loss":0.0,"damage_taken":21.0,"cards_upgraded":["Defend_B","Strike_B"]},{"damage_healed":0.0,"max_hp_gain":0.0,"max_hp_loss":0.0,"gold_gain":0.0,"cards_transformed":["Defend_B"],"event_name":"Transmorgrifier","player_choice":"Transformed","floor":4.0,"gold_loss":0.0,"damage_taken":0.0,"cards_obtained":["BootSequence"]},{"damage_healed":0.0,"max_hp_gain":0.0,"max_hp_loss":0.0,"gold_gain":0.0,"event_name":"The Woman in Blue","player_choice":"Bought 1 Potion","floor":12.0,"gold_loss":0.0,"damage_taken":0.0},{"damage_healed":0.0,"max_hp_gain":0.0,"max_hp_loss":0.0,"gold_gain":0.0,"event_name":"Cursed Tome","player_choice":"Ignored","floor":20.0,"gold_loss":0.0,"damage_taken":0.0}],"is_beta":false,"boss_relics":[{"not_picked":["Lizard Tail","Coffee Dripper"],"picked":"Runic Pyramid"}],"items_purged_floors":[],"is_endless":false,"potions_floor_spawned":[3,10,11,14,18,19],"killed_by":"Snake Plant","ascension_level":20}