{"gold_per_floor":[114,128,128,143,167,181,181,199,245,256,256,281,281,312,312,408,408,428,449,449,210,235,235,245,245,268,295,295,126,126,226,226,303,303,321,321,335,335,73,98,113,113],"floor_reached":42,"playtime":1519,"items_purged":["Strike_R","Cleave"],"score":942,"play_id":"d7303a07-2a12-4bb7-ac7b-32c2cd0fcce7","local_time":"20190514131739","is_ascension_mode":true,"campfire_choices":[{"data":"Bash","floor":7.0,"key":"SMITH"},{"floor":13.0,"key":"REST"},{"data":"True Grit","floor":15.0,"key":"SMITH"},{"data":"Evolve","floor":23.0,"key":"SMITH"},{"data":"Demon Form","floor":25.0,"key":"SMITH"},{"data":"Armaments","floor":28.0,"key":"SMITH"},{"data":"Inflame","floor":30.0,"key":"SMITH"},{"data":"Havoc","floor":32.0,"key":"SMITH"}],"neow_cost":"NONE","seed_source_timestamp":0,"circlet_count":0,"master_deck":["AscendersBane","Bash+1","Ghostly Armor","Thunderclap","Evolve+1","Whirlwind","True Grit+1","Reckless Charge","Armaments+1","Havoc+1","Demon Form+1","Power Through","Pommel Strike","Inflame+1","Ghostly Armor","Impervious","Uppercut","True Grit","Ghostly Armor","Entrench","Whirlwind","Rupture","Headbutt","Body Slam","Madness","Madness","Impervious"],"special_seed":0,"relics":["Burning Blood","Vajra","Blood Vial","Potion Belt","Bloody Idol","Kunai","Mark of Pain","Bag of Preparation","Pen Nib","Bag of Marbles","Pear","Lantern","WingedGreaves","Paper Frog","Pandora\u0027s Box","Oddly Smooth Stone","Dead Branch"],"potions_floor_usage":[],"damage_taken":[{"damage":7.0,"enemies":"Small Slimes","floor":1.0,"turns":3.0},{"damage":6.0,"enemies":"Cultist","floor":2.0,"turns":4.0},{"damage":0.0,"enemies":"Jaw Worm","floor":4.0,"turns":3.0},{"damage":16.0,"enemies":"Blue Slaver","floor":6.0,"turns":4.0},{"damage":17.0,"enemies":"Exordium Thugs","floor":8.0,"turns":5.0},{"damage":14.0,"enemies":"Exordium Wildlife","floor":10.0,"turns":5.0},{"damage":14.0,"enemies":"Large Slime","floor":12.0,"turns":5.0},{"damage":25.0,"enemies":"3 Sentries","floor":14.0,"turns":7.0},{"damage":31.0,"enemies":"The Guardian","floor":16.0,"turns":17.0},{"damage":0.0,"enemies":"3 Byrds","floor":18.0,"turns":3.0},{"damage":13.0,"enemies":"Spheric Guardian","floor":19.0,"turns":6.0},{"damage":42.0,"enemies":"Chosen and Byrds","floor":24.0,"turns":7.0},{"damage":0.0,"enemies":"Slavers","floor":27.0,"turns":1.0},{"damage":3.0,"enemies":"Colosseum Slavers","floor":31.0,"turns":3.0},{"damage":6.0,"enemies":"Colosseum Nobs","floor":31.0,"turns":5.0},{"damage":24.0,"enemies":"Champ","floor":33.0,"turns":10.0},{"damage":0.0,"enemies":"3 Darklings","floor":35.0,"turns":1.0},{"damage":4.0,"enemies":"3 Shapes","floor":37.0,"turns":4.0},{"damage":84.0,"enemies":"Reptomancer","floor":40.0,"turns":6.0},{"damage":22,"enemies":"Writhing Mass","floor":41,"turns":7},{"damage":18,"enemies":"3 Darklings","floor":42,"turns":2}],"seed_played":"4418945474138096566","potions_obtained":[{"floor":1.0,"key":"Regen Potion"},{"floor":2.0,"key":"BloodPotion"},{"floor":3.0,"key":"Fruit Juice"},{"floor":3.0,"key":"Ancient Potion"},{"floor":10.0,"key":"Block Potion"},{"floor":12.0,"key":"Fire Potion"},{"floor":16.0,"key":"AttackPotion"},{"floor":18.0,"key":"Energy Potion"},{"floor":19.0,"key":"Energy Potion"},{"floor":24.0,"key":"Poison Potion"},{"floor":33.0,"key":"SteroidPotion"},{"floor":37.0,"key":"Regen Potion"},{"floor":40.0,"key":"Ancient Potion"}],"is_trial":false,"path_per_floor":["M","M","?","M","T","M","R","M","T","M","?","M","R","E","R","B",null,"M","M","?","$","T","R","M","R","T","E","R","$","R","?","R","B",null,"M","?","M","?","$","E","M","M"],"character_chosen":"IRONCLAD","items_purchased":["Bag of Preparation","Lantern","Oddly Smooth Stone"],"campfire_rested":1,"item_purchase_floors":[21,29,39],"current_hp_per_floor":[67,67,72,78,78,70,70,61,61,55,27,29,53,36,36,13,63,71,66,66,66,71,71,42,42,47,70,70,70,70,82,82,71,85,90,74,83,83,83,24,15,0],"gold":113,"neow_bonus":"RANDOM_COMMON_RELIC","is_prod":false,"is_daily":false,"chose_seed":false,"campfire_upgraded":7,"win_rate":0,"timestamp":1557832659,"path_taken":["M","M","?","?","?","M","R","M","T","M","?","M","R","E","R","BOSS","M","M","?","?","?","R","M","R","T","E","R","$","R","?","R","BOSS","M","?","M","?","$","E","?","M"],"build_version":"2019-05-07","purchased_purges":2,"victory":false,"max_hp_per_floor":[75,75,80,80,80,80,80,80,80,80,80,80,80,80,80,80,80,80,80,80,80,80,80,80,80,80,90,90,90,90,90,90,90,90,90,90,90,90,90,90,90,90],"card_choices":[{"not_picked":["Searing Blow","Rage"],"picked":"Ghostly Armor","floor":1.0},{"not_picked":["Combust","Wild Strike"],"picked":"Thunderclap","floor":2.0},{"not_picked":["Corruption","Flame Barrier"],"picked":"Evolve","floor":4.0},{"not_picked":["Ghostly Armor","Wild Strike"],"picked":"Whirlwind","floor":6.0},{"not_picked":["Thunderclap","Sever Soul"],"picked":"True Grit","floor":8.0},{"not_picked":["Blood for Blood","Intimidate"],"picked":"Reckless Charge","floor":10.0},{"not_picked":["Searing Blow","Clothesline"],"picked":"Armaments","floor":12.0},{"not_picked":["Double Tap","Warcry"],"picked":"Havoc","floor":14.0},{"not_picked":["Limit Break","Barricade"],"picked":"Demon Form","floor":16.0},{"not_picked":["Wild Strike","Thunderclap"],"picked":"Power Through","floor":18.0},{"not_picked":["True Grit","Warcry"],"picked":"Pommel Strike","floor":19.0},{"not_picked":["Clash","Warcry"],"picked":"Inflame","floor":24.0},{"not_picked":["Reckless Charge","Carnage"],"picked":"Ghostly Armor","floor":27.0},{"not_picked":["Limit Break","Exhume"],"picked":"Impervious","floor":33.0},{"not_picked":["Clash","Pommel Strike"],"picked":"Body Slam","floor":35.0},{"not_picked":["Pummel","Cleave+1","Hemokinesis"],"picked":"SKIP","floor":37.0},{"not_picked":["Clash","Flex","Dropkick"],"picked":"SKIP","floor":40.0},{"not_picked":["Pommel Strike","Flex","Uppercut"],"picked":"SKIP","floor":41}],"player_experience":704452,"relics_obtained":[{"floor":5.0,"key":"Blood Vial"},{"floor":9.0,"key":"Potion Belt"},{"floor":14.0,"key":"Kunai"},{"floor":22.0,"key":"Pen Nib"},{"floor":26.0,"key":"Bag of Marbles"},{"floor":27.0,"key":"Pear"},{"floor":31.0,"key":"WingedGreaves"},{"floor":31.0,"key":"Paper Frog"},{"floor":40.0,"key":"Dead Branch"}],"event_choices":[{"damage_healed":0.0,"max_hp_gain":0.0,"max_hp_loss":0.0,"gold_gain":0.0,"event_name":"Lab","player_choice":"Got Potions","floor":3.0,"gold_loss":0.0,"damage_taken":0.0},{"damage_healed":0.0,"max_hp_gain":0.0,"max_hp_loss":0.0,"gold_gain":0.0,"event_name":"Golden Idol","player_choice":"Take Damage","floor":11.0,"gold_loss":0.0,"damage_taken":28.0,"relics_obtained":["Golden Idol"]},{"damage_healed":0.0,"max_hp_gain":0.0,"max_hp_loss":0.0,"gold_gain":0.0,"event_name":"Forgotten Altar","player_choice":"Gave Idol","floor":20.0,"relics_lost":["Golden Idol"],"gold_loss":0.0,"damage_taken":0.0,"relics_obtained":["Bloody Idol"]},{"damage_healed":0.0,"max_hp_gain":0.0,"max_hp_loss":0.0,"gold_gain":0.0,"event_name":"Colosseum","player_choice":"Fight","floor":31.0,"gold_loss":0.0,"damage_taken":0.0},{"damage_healed":0.0,"max_hp_gain":0.0,"max_hp_loss":0.0,"gold_gain":0.0,"event_name":"Colosseum","player_choice":"Fought Nobs","floor":31.0,"gold_loss":0.0,"damage_taken":0.0},{"damage_healed":0.0,"max_hp_gain":0.0,"max_hp_loss":0.0,"gold_gain":0.0,"event_name":"Winding Halls","player_choice":"Embrace Madness","floor":36.0,"gold_loss":0.0,"damage_taken":16.0,"cards_obtained":["Madness","Madness"]},{"damage_healed":0.0,"max_hp_gain":0.0,"max_hp_loss":0.0,"gold_gain":0.0,"event_name":"Duplicator","player_choice":"Copied","floor":38.0,"gold_loss":0.0,"damage_taken":0.0,"cards_obtained":["Impervious"]}],"is_beta":true,"boss_relics":[{"not_picked":["Sozu","Lizard Tail"],"picked":"Mark of Pain"},{"not_picked":["Runic Dome","Black Star"],"picked":"Pandora\u0027s Box"}],"items_purged_floors":[21,39],"is_endless":false,"potions_floor_spawned":[1,2,10,12,16,18,19,24,33,37,40],"killed_by":"3 Darklings","ascension_level":20}