{"gold_per_floor":[216,234,234,234,253,253,284,284,284,298,298,80,80,80,80,80],"floor_reached":16,"playtime":391,"items_purged":["Strike_R"],"score":196,"play_id":"d1ee9a2c-0b00-4cbd-8145-5aecf2d82852","local_time":"20190513125318","is_ascension_mode":true,"campfire_choices":[{"data":"Bash","floor":6,"key":"SMITH"},{"floor":8,"key":"REST"},{"data":"Body Slam","floor":13,"key":"SMITH"},{"data":"Pommel Strike","floor":15,"key":"SMITH"}],"neow_cost":"NONE","seed_source_timestamp":176504438593600,"circlet_count":0,"master_deck":["AscendersBane","Strike_R","Strike_R","Defend_R","Defend_R","Defend_R","Defend_R","Bash+1","Havoc","Battle Trance","Pommel Strike+1","Body Slam+1"],"relics":["Burning Blood","Juzu Bracelet","Blood Vial","Blue Candle","Tiny Chest"],"potions_floor_usage":[16],"damage_taken":[{"damage":1,"enemies":"Cultist","floor":1,"turns":3},{"damage":2,"enemies":"2 Louse","floor":2,"turns":3},{"damage":9,"enemies":"Small Slimes","floor":5,"turns":5},{"damage":47,"enemies":"Lagavulin","floor":7,"turns":7},{"damage":16,"enemies":"3 Louse","floor":10,"turns":5},{"damage":42,"enemies":"Hexaghost","floor":16,"turns":8}],"seed_played":"-8880128994332266666","potions_obtained":[{"floor":10,"key":"PowerPotion"}],"is_trial":false,"path_per_floor":["M","M","?","?","M","R","E","R","T","M","?","$","R","?","R","B"],"character_chosen":"IRONCLAD","items_purchased":["Tiny Chest"],"campfire_rested":1,"item_purchase_floors":[12],"current_hp_per_floor":[73,75,70,70,67,67,26,48,48,40,40,40,40,40,40,0],"gold":80,"neow_bonus":"HUNDRED_GOLD","is_prod":false,"is_daily":false,"chose_seed":false,"campfire_upgraded":3,"win_rate":0,"timestamp":1557744798,"path_taken":["M","M","?","?","M","R","E","R","T","M","?","$","R","?","R","BOSS"],"build_version":"2019-05-07","purchased_purges":1,"victory":false,"max_hp_per_floor":[75,75,75,75,75,75,75,75,75,75,75,75,75,75,75,75],"card_choices":[{"not_picked":["Iron Wave","Body Slam"],"picked":"Havoc","floor":1},{"not_picked":["True Grit","Armaments"],"picked":"Battle Trance","floor":2},{"not_picked":["Burning Pact","Headbutt"],"picked":"Pommel Strike","floor":5},{"not_picked":["Dual Wield","Bloodletting"],"picked":"Body Slam","floor":7},{"not_picked":["Searing Blow","Clash","Iron Wave"],"picked":"SKIP","floor":10}],"player_experience":696325,"relics_obtained":[{"floor":7,"key":"Blood Vial"},{"floor":9,"key":"Blue Candle"}],"event_choices":[{"damage_healed":0,"gold_gain":0,"player_choice":"Success","damage_taken":5,"relics_obtained":["Juzu Bracelet"],"max_hp_gain":0,"max_hp_loss":0,"event_name":"Scrap Ooze","floor":3,"gold_loss":0},{"cards_removed":["Strike_R"],"damage_healed":0,"gold_gain":0,"player_choice":"Forget","damage_taken":0,"max_hp_gain":0,"max_hp_loss":0,"event_name":"Living Wall","floor":4,"gold_loss":0},{"cards_removed":["Strike_R"],"damage_healed":0,"gold_gain":0,"player_choice":"Offered Basic","damage_taken":0,"max_hp_gain":0,"max_hp_loss":0,"event_name":"Bonfire Elementals","floor":11,"gold_loss":0},{"damage_healed":0,"gold_gain":0,"player_choice":"Ignored","damage_taken":0,"max_hp_gain":0,"max_hp_loss":0,"event_name":"Liars Game","floor":14,"gold_loss":0}],"is_beta":true,"boss_relics":[],"items_purged_floors":[12],"is_endless":false,"potions_floor_spawned":[10],"killed_by":"Hexaghost","ascension_level":20}