{"gold_per_floor":[116,14,14,31,206,235,250,280,280,280,295,329,345,358,358,358],"floor_reached":16,"playtime":870,"items_purged":[],"score":176,"play_id":"961af172-49b7-4c73-a344-3ae4afe412cc","local_time":"20190505183243","is_ascension_mode":true,"campfire_choices":[{"data":"Infinite Blades","floor":10,"key":"SMITH"},{"data":"Calculated Gamble","floor":15,"key":"SMITH"}],"neow_cost":"NONE","seed_source_timestamp":1998618368791496,"circlet_count":0,"master_deck":["Defend_G","Defend_G","Defend_G","Defend_G","Defend_G","Strike_G","Strike_G","Strike_G","Strike_G","Strike_G","Survivor","Neutralize","Noxious Fumes+1","Prepared","Calculated Gamble","Bane","Doubt","Infinite Blades+1","Underhanded Strike","Die Die Die","Choke","Calculated Gamble+1","Bane","Underhanded Strike"],"relics":["Ring of the Snake","NeowsBlessing","Shuriken","Tough Bandages","Gremlin Horn","Bag of Marbles"],"potions_floor_usage":[8,8,12,16],"damage_taken":[{"damage":0,"enemies":"2 Louse","floor":1,"turns":1},{"damage":0,"enemies":"Cultist","floor":4,"turns":1},{"damage":0,"enemies":"Lagavulin","floor":6,"turns":1},{"damage":2,"enemies":"Jaw Worm","floor":7,"turns":4},{"damage":12,"enemies":"Gremlin Nob","floor":8,"turns":4},{"damage":1,"enemies":"Large Slime","floor":11,"turns":5},{"damage":16,"enemies":"Lagavulin","floor":12,"turns":5},{"damage":0,"enemies":"3 Louse","floor":13,"turns":2},{"damage":0,"enemies":"Exordium Wildlife","floor":14,"turns":1},{"damage":40,"enemies":"The Guardian","floor":16,"turns":8}],"seed_played":"5942082876023817793","potions_obtained":[{"floor":1,"key":"GhostInAJar"},{"floor":7,"key":"Strength Potion"},{"floor":11,"key":"PowerPotion"},{"floor":12,"key":"PowerPotion"}],"is_trial":false,"path_per_floor":["M","$","?","M","?","E","M","E","T","R","M","E","M","M","R","B"],"character_chosen":"THE_SILENT","items_purchased":["Prepared","Calculated Gamble"],"campfire_rested":0,"item_purchase_floors":[2,2],"current_hp_per_floor":[70,70,70,70,70,70,68,56,56,56,55,39,39,39,39,0],"gold":358,"neow_bonus":"THREE_ENEMY_KILL","is_prod":false,"is_daily":false,"chose_seed":false,"campfire_upgraded":2,"win_rate":0,"timestamp":1557102763,"path_taken":["M","$","?","?","?","E","M","E","T","R","M","E","M","M","R","BOSS"],"build_version":"2019-01-23","purchased_purges":0,"victory":false,"max_hp_per_floor":[70,70,70,70,70,70,70,70,70,70,70,70,70,70,70,70],"card_choices":[{"not_picked":["Acrobatics","Dagger Throw"],"picked":"Noxious Fumes","floor":1},{"not_picked":["Skewer","Finisher"],"picked":"Bane","floor":4},{"not_picked":["Quick Slash","Slice"],"picked":"Infinite Blades","floor":6},{"not_picked":["Distraction","Flying Knee"],"picked":"Underhanded Strike","floor":7},{"not_picked":["Caltrops","Blade Dance"],"picked":"Die Die Die","floor":8},{"not_picked":["Calculated Gamble","Endless Agony"],"picked":"Choke","floor":11},{"not_picked":["Footwork","Setup"],"picked":"Calculated Gamble","floor":12},{"not_picked":["Quick Slash","Riddle With Holes"],"picked":"Bane","floor":13},{"not_picked":["Heel Hook","Deadly Poison"],"picked":"Underhanded Strike","floor":14}],"player_experience":162054,"relics_obtained":[{"floor":6,"key":"Shuriken"},{"floor":8,"key":"Tough Bandages"},{"floor":9,"key":"Gremlin Horn"},{"floor":12,"key":"Bag of Marbles"}],"event_choices":[{"damage_healed":0,"gold_gain":0,"player_choice":"Upgraded","damage_taken":0,"max_hp_gain":0,"max_hp_loss":0,"event_name":"Upgrade Shrine","floor":3,"gold_loss":0,"cards_upgraded":["Noxious Fumes"]},{"damage_healed":0,"gold_gain":175,"player_choice":"AGREE","damage_taken":0,"max_hp_gain":0,"max_hp_loss":0,"event_name":"Liars Game","floor":5,"gold_loss":0,"cards_obtained":["Doubt"]}],"is_beta":false,"boss_relics":[],"items_purged_floors":[],"is_endless":false,"potions_floor_spawned":[1,7,11,12],"killed_by":"The Guardian","ascension_level":4}