{"gold_per_floor":[117,128,138,156,166,196,206,241,241,241,261,295,295,323,323,396,396,416,416,431,451,451,451,451,451,451,480,496,514,524,58,58,132,132,149,196,215,215,235,263,263,263,290,302,332,344,370,411,423,435],"floor_reached":51,"playtime":1975,"items_purged":["Strike_B"],"score":1414,"play_id":"8dbe5e1a-b489-4330-8f1c-d54f249e2356","local_time":"20190615180805","is_ascension_mode":true,"campfire_choices":[{"floor":13,"key":"REST"},{"data":"Coolheaded","floor":15,"key":"SMITH"},{"floor":23,"key":"REST"},{"floor":25,"key":"REST"},{"data":"Multi-Cast","floor":32,"key":"SMITH"},{"data":"Biased Cognition","floor":42,"key":"SMITH"},{"data":"Core Surge","floor":44,"key":"SMITH"},{"data":"Reboot","floor":49,"key":"SMITH"}],"neow_cost":"NONE","seed_source_timestamp":200340751713800,"circlet_count":0,"master_deck":["AscendersBane","Strike_B","Strike_B","Strike_B","Defend_B","Defend_B+1","Defend_B","Zap","Dualcast","Sweeping Beam","Ball Lightning","Beam Cell","Melter","Go for the Eyes","Core Surge+1","Ball Lightning","Conserve Battery","Turbo","Meteor Strike","Coolheaded+1","Reboot+1","Compile Driver","Undo+1","Cold Snap","Necronomicurse","Conserve Battery","Leap","Sunder","Multi-Cast+1","Biased Cognition+1","Hologram+1","Compile Driver","Cold Snap+1","Ball Lightning+1","Leap+1"],"relics":["Cracked Core","Centennial Puzzle","Omamori","Ancient Tea Set","Gremlin Horn","Blood Vial","Shuriken","Odd Mushroom","Snecko Eye","WarpedTongs","Necronomicon","Dodecahedron","War Paint","Mango","Busted Crown","Prayer Wheel","Kunai","MawBank","Dead Branch"],"potions_floor_usage":[6,8,12,27,33,39,40,40,50],"damage_taken":[{"damage":1,"enemies":"Cultist","floor":1,"turns":4},{"damage":0,"enemies":"2 Louse","floor":2,"turns":2},{"damage":0,"enemies":"Small Slimes","floor":3,"turns":2},{"damage":4,"enemies":"3 Louse","floor":4,"turns":3},{"damage":1,"enemies":"Looter","floor":5,"turns":2},{"damage":25,"enemies":"Lagavulin","floor":6,"turns":5},{"damage":0,"enemies":"Large Slime","floor":7,"turns":3},{"damage":4,"enemies":"Gremlin Nob","floor":8,"turns":3},{"damage":6,"enemies":"2 Fungi Beasts","floor":11,"turns":2},{"damage":15,"enemies":"3 Sentries","floor":12,"turns":5},{"damage":0,"enemies":"The Mushroom Lair","floor":14,"turns":2},{"damage":26,"enemies":"Slime Boss","floor":16,"turns":5},{"damage":5,"enemies":"Chosen","floor":18,"turns":4},{"damage":13,"enemies":"2 Thieves","floor":20,"turns":3},{"damage":7,"enemies":"Shelled Parasite and Fungi","floor":21,"turns":2},{"damage":1,"enemies":"Slavers","floor":27,"turns":3},{"damage":14,"enemies":"Snake Plant","floor":28,"turns":2},{"damage":0,"enemies":"Cultist and Chosen","floor":29,"turns":3},{"damage":5,"enemies":"Shelled Parasite and Fungi","floor":30,"turns":3},{"damage":27,"enemies":"Collector","floor":33,"turns":6},{"damage":0,"enemies":"3 Darklings","floor":35,"turns":3},{"damage":9,"enemies":"2 Orb Walkers","floor":36,"turns":3},{"damage":0,"enemies":"Orb Walker","floor":37,"turns":3},{"damage":2,"enemies":"Writhing Mass","floor":39,"turns":5},{"damage":0,"enemies":"Giant Head","floor":40,"turns":5},{"damage":0,"enemies":"Maw","floor":45,"turns":4},{"damage":23,"enemies":"3 Darklings","floor":47,"turns":3},{"damage":0,"enemies":"Reptomancer","floor":48,"turns":3},{"damage":14,"enemies":"Awakened One","floor":50,"turns":10}],"seed_played":"7296677916049652229","potions_obtained":[{"floor":3,"key":"SpeedPotion"},{"floor":4,"key":"SkillPotion"},{"floor":7,"key":"Block Potion"},{"floor":11,"key":"Poison Potion"},{"floor":12,"key":"Explosive Potion"},{"floor":16,"key":"SkillPotion"},{"floor":28,"key":"AttackPotion"},{"floor":39,"key":"EntropicBrew"},{"floor":47,"key":"Block Potion"}],"is_trial":false,"path_per_floor":["M","M","M","M","M","E","M","E","T","?","M","E","R","?","R","B",null,"M","?","M","M","?","R","?","R","T","E","M","M","M","$","R","B",null,"M","?","M","?","M","E","?","R","T","R","M","?","M","E","R","B",null],"character_chosen":"DEFECT","items_purchased":["Multi-Cast","Mango"],"campfire_rested":3,"item_purchase_floors":[31,31],"current_hp_per_floor":[63,63,63,59,58,33,33,29,29,29,25,12,33,35,35,11,56,53,53,42,37,16,37,17,39,39,40,28,30,27,41,41,16,72,74,67,69,69,69,71,71,71,71,71,73,73,52,54,54,42],"gold":447,"neow_bonus":"RANDOM_COMMON_RELIC","is_prod":false,"is_daily":false,"chose_seed":false,"campfire_upgraded":5,"win_rate":0,"timestamp":1560614885,"path_taken":["M","M","M","M","M","E","M","E","T","?","M","E","R","?","R","BOSS","M","?","M","?","?","R","?","R","T","E","M","M","M","$","R","BOSS","M","?","M","?","M","E","?","R","T","R","M","?","M","E","R","BOSS"],"build_version":"2019-06-13","purchased_purges":1,"victory":true,"max_hp_per_floor":[71,71,71,71,71,71,71,71,71,71,71,71,71,71,71,71,71,71,71,71,71,71,71,76,76,76,76,76,76,76,90,90,90,90,90,90,90,90,90,90,90,90,90,90,90,90,90,90,90,90],"card_choices":[{"not_picked":["Redo","Auto Shields"],"picked":"Sweeping Beam","floor":1},{"not_picked":["Beam Cell","BootSequence"],"picked":"Ball Lightning","floor":2},{"not_picked":["Skim","Steam"],"picked":"Beam Cell","floor":3},{"not_picked":["Barrage","Go for the Eyes"],"picked":"Melter","floor":4},{"not_picked":["Fusion","Stack"],"picked":"Go for the Eyes","floor":5},{"not_picked":["Double Energy","Beam Cell"],"picked":"Core Surge","floor":6},{"not_picked":["Scrape","Sweeping Beam"],"picked":"Ball Lightning","floor":7},{"not_picked":["Ball Lightning","Turbo"],"picked":"Conserve Battery","floor":8},{"not_picked":["Force Field","Stack"],"picked":"Turbo","floor":11},{"not_picked":["Rip and Tear","Consume"],"picked":"Meteor Strike","floor":12},{"not_picked":["Barrage","Lockon"],"picked":"Coolheaded","floor":14},{"not_picked":["Hyperbeam","Rainbow"],"picked":"Reboot","floor":16},{"not_picked":["Streamline","Chill"],"picked":"Compile Driver","floor":18},{"not_picked":["Coolheaded","Genetic Algorithm"],"picked":"Undo","floor":20},{"not_picked":["Sweeping Beam","Streamline"],"picked":"Cold Snap","floor":21},{"not_picked":["Aggregate","Consume"],"picked":"Conserve Battery","floor":27},{"not_picked":["Lockon","Loop","Beam Cell"],"picked":"SKIP","floor":28},{"not_picked":["Coolheaded","Go for the Eyes"],"picked":"Leap","floor":29},{"not_picked":["Compile Driver","Conserve Battery"],"picked":"Sunder","floor":30},{"not_picked":["Hyperbeam","Reboot"],"picked":"Biased Cognition","floor":33},{"not_picked":[],"picked":"Hologram+1","floor":35},{"not_picked":[],"picked":"Compile Driver","floor":37},{"not_picked":["Cold Snap"],"picked":"SKIP","floor":37},{"not_picked":["Reprogram"],"picked":"SKIP","floor":39},{"not_picked":["Scrape"],"picked":"SKIP","floor":39},{"not_picked":[],"picked":"Cold Snap+1","floor":40},{"not_picked":["Hello World"],"picked":"SKIP","floor":45},{"not_picked":["Hologram"],"picked":"SKIP","floor":45},{"not_picked":[],"picked":"Ball Lightning+1","floor":47},{"not_picked":["Barrage"],"picked":"SKIP","floor":47},{"not_picked":[],"picked":"Leap+1","floor":48}],"player_experience":845714,"relics_obtained":[{"floor":6,"key":"Omamori"},{"floor":8,"key":"Ancient Tea Set"},{"floor":9,"key":"Gremlin Horn"},{"floor":12,"key":"Shuriken"},{"floor":14,"key":"Odd Mushroom"},{"floor":22,"key":"Necronomicon"},{"floor":26,"key":"Dodecahedron"},{"floor":27,"key":"War Paint"},{"floor":36,"key":"Prayer Wheel"},{"floor":40,"key":"Kunai"},{"floor":43,"key":"MawBank"},{"floor":48,"key":"Dead Branch"}],"event_choices":[{"damage_healed":0,"gold_gain":0,"player_choice":"Box","damage_taken":0,"relics_obtained":["Blood Vial"],"max_hp_gain":0,"max_hp_loss":0,"event_name":"Big Fish","floor":10,"gold_loss":0,"cards_obtained":["Regret"]},{"damage_healed":0,"gold_gain":0,"player_choice":"Fought Mushrooms","damage_taken":0,"max_hp_gain":0,"max_hp_loss":0,"event_name":"Mushrooms","floor":14,"gold_loss":0},{"damage_healed":0,"gold_gain":0,"player_choice":"Rummage","damage_taken":0,"relics_obtained":["WarpedTongs"],"max_hp_gain":0,"max_hp_loss":0,"event_name":"Accursed Blacksmith","floor":19,"gold_loss":0,"cards_obtained":["Pain"]},{"damage_healed":0,"gold_gain":0,"player_choice":"Obtained Book","damage_taken":21,"max_hp_gain":0,"max_hp_loss":0,"event_name":"Cursed Tome","floor":22,"gold_loss":0},{"damage_healed":0,"gold_gain":0,"player_choice":"Shed Blood","damage_taken":25,"max_hp_gain":5,"max_hp_loss":0,"event_name":"Forgotten Altar","floor":24,"gold_loss":0},{"damage_healed":0,"gold_gain":0,"player_choice":"Fight","damage_taken":0,"max_hp_gain":0,"max_hp_loss":0,"event_name":"Mysterious Sphere","floor":36,"gold_loss":0},{"cards_removed":["Defend_B"],"damage_healed":0,"gold_gain":0,"player_choice":"Removed Skill","damage_taken":0,"max_hp_gain":0,"max_hp_loss":0,"event_name":"Falling","floor":38,"gold_loss":0},{"damage_healed":0,"gold_gain":0,"player_choice":"Ignored","damage_taken":0,"max_hp_gain":0,"max_hp_loss":0,"event_name":"Tomb of Lord Red Mask","floor":41,"gold_loss":0},{"damage_healed":0,"gold_gain":0,"player_choice":"Memory 1","damage_taken":0,"max_hp_gain":0,"max_hp_loss":0,"event_name":"SensoryStone","floor":46,"gold_loss":0}],"is_beta":true,"boss_relics":[{"not_picked":["Astrolabe","Fusion Hammer"],"picked":"Snecko Eye"},{"not_picked":["Cursed Key","Philosopher\u0027s Stone"],"picked":"Busted Crown"}],"items_purged_floors":[31],"is_endless":false,"potions_floor_spawned":[3,4,7,11,12,16,20,28,29,39,47,48],"ascension_level":15}