{"gold_per_floor":[112,125,135,148,168,168,168,168,194,255,255,267,284,300,300,405,405,417,436,535,535,229,246,246,272,272,290,309,309,326,338,338,441,441,441,456,472,472,472,472,501,501,501,501,515,117,117,136,136,136,136,136,24,57,57],"floor_reached":56,"playtime":3805,"items_purged":["Strike_R","Strike_R","Strike_R"],"score":1155,"play_id":"13de1473-6472-457b-97ee-08c4b781cd04","local_time":"20190624225000","is_ascension_mode":false,"campfire_choices":[{"data":"Armaments","floor":6,"key":"SMITH"},{"floor":8,"key":"RECALL"},{"data":"Bash","floor":11,"key":"SMITH"},{"data":"Whirlwind","floor":15,"key":"SMITH"},{"floor":29,"key":"REST"},{"floor":32,"key":"REST"},{"floor":40,"key":"REST"},{"floor":42,"key":"REST"},{"floor":49,"key":"REST"},{"floor":52,"key":"REST"}],"neow_cost":"NONE","seed_source_timestamp":792790827247082,"circlet_count":0,"master_deck":["Strike_R","Defend_R","Defend_R","Defend_R+1","Defend_R","Bash+1","Thunderclap","Shrug It Off+1","Headbutt","Armaments+1","Reaper","Whirlwind+1","Twin Strike","Limit Break+1","Flex+1","Spot Weakness","Twin Strike","Limit Break"],"relics":["Burning Blood","Happy Flower","GremlinMask","Tiny Chest","Fusion Hammer","Membership Card","Orichalcum","Red Skull","Matryoshka","Lizard Tail","Vajra","Letter Opener","Juzu Bracelet","Torii","Blue Candle","War Paint","Incense Burner","Bottled Lightning"],"potions_floor_usage":[5,10,14,16,25,25,30,33,33,35,37,41,45,48,50,54,54,54,54,54,54,54,55,55],"damage_taken":[{"damage":1,"enemies":"Cultist","floor":1,"turns":3},{"damage":3,"enemies":"Jaw Worm","floor":2,"turns":4},{"damage":0,"enemies":"2 Louse","floor":3,"turns":2},{"damage":6,"enemies":"Large Slime","floor":4,"turns":7},{"damage":13,"enemies":"Lots of Slimes","floor":5,"turns":2},{"damage":31,"enemies":"Gremlin Nob","floor":10,"turns":5},{"damage":23,"enemies":"Gremlin Gang","floor":12,"turns":5},{"damage":0,"enemies":"Large Slime","floor":13,"turns":7},{"damage":2,"enemies":"3 Louse","floor":14,"turns":4},{"damage":30,"enemies":"Slime Boss","floor":16,"turns":9},{"damage":23,"enemies":"Shell Parasite","floor":18,"turns":6},{"damage":17,"enemies":"Spheric Guardian","floor":19,"turns":4},{"damage":7,"enemies":"Centurion and Healer","floor":23,"turns":4},{"damage":17,"enemies":"Slavers","floor":25,"turns":3},{"damage":16,"enemies":"Cultist and Chosen","floor":27,"turns":5},{"damage":23,"enemies":"Shelled Parasite and Fungi","floor":28,"turns":5},{"damage":12,"enemies":"Chosen and Byrds","floor":30,"turns":5},{"damage":24,"enemies":"Snake Plant","floor":31,"turns":4},{"damage":21,"enemies":"Automaton","floor":33,"turns":6},{"damage":0,"enemies":"3 Darklings","floor":35,"turns":2},{"damage":29,"enemies":"3 Shapes","floor":36,"turns":12},{"damage":39,"enemies":"Spire Growth","floor":37,"turns":4},{"damage":79,"enemies":"Reptomancer","floor":41,"turns":6},{"damage":10,"enemies":"3 Darklings","floor":45,"turns":4},{"damage":17,"enemies":"Maw","floor":48,"turns":6},{"damage":60,"enemies":"Donu and Deca","floor":50,"turns":6},{"damage":42,"enemies":"Shield and Spear","floor":54,"turns":3},{"damage":95,"enemies":"The Heart","floor":55,"turns":8}],"seed_played":"3268901329016875103","potions_obtained":[{"floor":2,"key":"Regen Potion"},{"floor":3,"key":"AttackPotion"},{"floor":5,"key":"SpeedPotion"},{"floor":12,"key":"EssenceOfSteel"},{"floor":16,"key":"EssenceOfSteel"},{"floor":24,"key":"Dexterity Potion"},{"floor":24,"key":"PowerPotion"},{"floor":28,"key":"SneckoOil"},{"floor":30,"key":"Energy Potion"},{"floor":33,"key":"SmokeBomb"},{"floor":36,"key":"EssenceOfSteel"},{"floor":37,"key":"AttackPotion"},{"floor":41,"key":"Fire Potion"},{"floor":54,"key":"EssenceOfSteel"}],"is_trial":false,"path_per_floor":["M","M","M","M","M","R","?","R","T","E","R","M","M","M","R","B",null,"M","M","?","?","$","M","?","E","T","M","M","R","M","M","R","B",null,"M","M","M","?","?","R","E","R","T","?","M","$","T","M","R","B",null,"R","$","E","B",null],"character_chosen":"IRONCLAD","items_purchased":["Membership Card","Orichalcum","Torii","Blue Candle","PowerPotion","PowerPotion","Fire Potion","EntropicBrew"],"campfire_rested":6,"item_purchase_floors":[22,22,46,46,46,46,46,53],"current_hp_per_floor":[80,80,80,80,73,73,73,73,73,60,60,55,67,79,79,60,80,63,52,52,78,78,80,80,80,80,75,58,80,74,56,80,65,80,80,64,40,40,40,64,27,51,51,51,68,68,68,68,80,26,80,80,80,44,80],"gold":57,"neow_bonus":"RANDOM_COMMON_RELIC","is_prod":false,"is_daily":false,"chose_seed":false,"campfire_upgraded":3,"win_rate":0,"timestamp":1561431000,"path_taken":["M","M","M","M","M","R","?","R","T","E","R","M","M","?","R","BOSS","M","M","?","?","$","M","?","E","T","M","M","R","M","?","R","BOSS","M","M","?","?","?","R","E","R","T","?","M","$","?","M","R","BOSS","R","$","E","BOSS"],"build_version":"2019-01-23","purchased_purges":3,"victory":true,"max_hp_per_floor":[80,80,80,80,80,80,80,80,80,80,80,80,80,80,80,80,80,80,80,80,80,80,80,80,80,80,80,80,80,80,80,80,80,80,80,80,80,80,80,80,80,80,80,80,80,80,80,80,80,80,80,80,80,80,80],"card_choices":[{"not_picked":["True Grit","Warcry"],"picked":"Thunderclap","floor":1},{"not_picked":["Seeing Red","Infernal Blade"],"picked":"Shrug It Off","floor":2},{"not_picked":["Shrug It Off","Clothesline"],"picked":"Headbutt","floor":3},{"not_picked":["Clash","Sword Boomerang","Bloodletting"],"picked":"SKIP","floor":4},{"not_picked":["Rampage","Anger"],"picked":"Armaments","floor":5},{"not_picked":["Anger","Fire Breathing"],"picked":"Reaper","floor":10},{"not_picked":["Bloodletting","Anger","Armaments"],"picked":"SKIP","floor":12},{"not_picked":["Pommel Strike","Rage"],"picked":"Whirlwind","floor":13},{"not_picked":["Iron Wave","Body Slam"],"picked":"Twin Strike","floor":14},{"not_picked":["Impervious","Immolate"],"picked":"Limit Break","floor":16},{"not_picked":["Burning Pact","Rage+1"],"picked":"Flex+1","floor":18},{"not_picked":["Ghostly Armor","Havoc"],"picked":"Spot Weakness","floor":19},{"not_picked":["Wild Strike","Havoc"],"picked":"Twin Strike","floor":23},{"not_picked":["Havoc","Pommel Strike","Dual Wield"],"picked":"SKIP","floor":25},{"not_picked":["Armaments","Dropkick","Anger"],"picked":"SKIP","floor":27},{"not_picked":["Flex","Dropkick+1","Thunderclap+1"],"picked":"SKIP","floor":28},{"not_picked":["Clothesline+1","Battle Trance","Immolate"],"picked":"SKIP","floor":30},{"not_picked":["Combust+1","Body Slam+1","Clothesline+1"],"picked":"SKIP","floor":31},{"not_picked":["Dark Embrace","Berserk"],"picked":"Limit Break","floor":33},{"not_picked":["Battle Trance+1","Spot Weakness+1","Twin Strike+1"],"picked":"SKIP","floor":36},{"not_picked":["Sever Soul+1","Flame Barrier+1","Clothesline"],"picked":"SKIP","floor":37},{"not_picked":["Combust+1","Power Through+1","Wild Strike"],"picked":"SKIP","floor":41},{"not_picked":["Anger+1","Sever Soul+1","Pommel Strike"],"picked":"SKIP","floor":45},{"not_picked":["Clothesline","True Grit+1","Wild Strike"],"picked":"SKIP","floor":48},{"not_picked":["Burning Pact+1","True Grit+1","Twin Strike"],"picked":"SKIP","floor":54}],"player_experience":128640,"relics_obtained":[{"floor":10,"key":"Tiny Chest"},{"floor":25,"key":"Red Skull"},{"floor":26,"key":"Matryoshka"},{"floor":41,"key":"Vajra"},{"floor":43,"key":"Letter Opener"},{"floor":43,"key":"Juzu Bracelet"},{"floor":47,"key":"War Paint"},{"floor":47,"key":"Incense Burner"},{"floor":54,"key":"Bottled Lightning"}],"event_choices":[{"damage_healed":0,"gold_gain":0,"player_choice":"Trade","damage_taken":0,"relics_obtained":["GremlinMask"],"max_hp_gain":0,"max_hp_loss":0,"event_name":"FaceTrader","floor":7,"gold_loss":0},{"damage_healed":0,"gold_gain":99,"player_choice":"Stole From Cult","damage_taken":0,"max_hp_gain":0,"max_hp_loss":0,"event_name":"Nest","floor":20,"gold_loss":0},{"damage_healed":26,"gold_gain":0,"player_choice":"Heal","damage_taken":0,"max_hp_gain":0,"max_hp_loss":0,"event_name":"The Library","floor":21,"gold_loss":0},{"damage_healed":0,"gold_gain":0,"player_choice":"Got Potions","damage_taken":0,"max_hp_gain":0,"max_hp_loss":0,"event_name":"Lab","floor":24,"gold_loss":0},{"damage_healed":0,"gold_gain":0,"player_choice":"Memory 1","damage_taken":0,"max_hp_gain":0,"max_hp_loss":0,"event_name":"SensoryStone","floor":38,"gold_loss":0},{"damage_healed":0,"gold_gain":0,"player_choice":"Forge","damage_taken":0,"max_hp_gain":0,"max_hp_loss":0,"event_name":"Accursed Blacksmith","floor":39,"gold_loss":0,"cards_upgraded":["Limit Break"]},{"cards_removed":["Strike_R"],"damage_healed":0,"gold_gain":0,"player_choice":"Card Removal","damage_taken":0,"max_hp_gain":0,"max_hp_loss":0,"event_name":"Wheel of Change","floor":44,"gold_loss":0}],"is_beta":false,"boss_relics":[{"not_picked":["Runic Cube","Calling Bell"],"picked":"Fusion Hammer"},{"not_picked":["Orrery","Coffee Dripper"],"picked":"Lizard Tail"}],"items_purged_floors":[22,46,53],"is_endless":false,"potions_floor_spawned":[2,3,5,12,16,28,30,33,36,37,41,54],"ascension_level":0}