{"gold_per_floor":[113,38,57,57,12,12,41,41,41,41,64,64,103,129,129,129],"floor_reached":16,"playtime":793,"items_purged":["Strike_R"],"score":96,"play_id":"e94bdc07-21ba-4849-800c-ef2fffb8295e","local_time":"20190620215440","is_ascension_mode":false,"campfire_choices":[{"floor":6,"key":"RECALL"},{"data":"Bash","floor":15,"key":"SMITH"}],"neow_cost":"NONE","seed_source_timestamp":446930321570668,"circlet_count":0,"master_deck":["Strike_R","Strike_R","Strike_R","Defend_R","Defend_R","Defend_R","Defend_R","Bash+1","Shrug It Off","Twin Strike","Clash","Flex","Cleave","Injury"],"relics":["Burning Blood","Odd Mushroom","Self Forming Clay","Golden Idol","Blood Vial"],"potions_floor_usage":[13,16],"damage_taken":[{"damage":3,"enemies":"Small Slimes","floor":1,"turns":4},{"damage":2,"enemies":"Cultist","floor":3,"turns":4},{"damage":14,"enemies":"The Mushroom Lair","floor":7,"turns":5},{"damage":0,"enemies":"2 Louse","floor":11,"turns":2},{"damage":10,"enemies":"Lagavulin","floor":13,"turns":6},{"damage":78,"enemies":"Hexaghost","floor":16,"turns":14}],"seed_played":"-4608489199015145054","potions_obtained":[{"floor":3,"key":"Block Potion"},{"floor":13,"key":"SkillPotion"}],"is_trial":false,"path_per_floor":["M","$","M","?","$","R","?","?","T","?","M","?","E","T","R","B"],"character_chosen":"IRONCLAD","items_purchased":["Flex"],"campfire_rested":0,"item_purchase_floors":[5],"current_hp_per_floor":[80,80,80,80,80,80,72,72,72,72,78,78,74,74,74,0],"gold":129,"neow_bonus":"THREE_CARDS","is_prod":false,"is_daily":false,"chose_seed":false,"campfire_upgraded":1,"win_rate":0,"timestamp":1561082080,"path_taken":["M","$","M","?","?","R","?","?","T","?","M","?","E","?","R","BOSS"],"build_version":"2019-01-23","purchased_purges":1,"victory":false,"max_hp_per_floor":[80,80,80,80,80,80,80,80,80,80,80,80,80,80,80,80],"card_choices":[{"not_picked":["True Grit","Clash"],"picked":"Shrug It Off","floor":0},{"not_picked":["Clash","Sword Boomerang"],"picked":"Twin Strike","floor":1},{"not_picked":["Sword Boomerang","Clash","Juggernaut"],"picked":"SKIP","floor":3},{"not_picked":["Shrug It Off","Havoc"],"picked":"Cleave","floor":7},{"not_picked":["Wild Strike","Pummel","Intimidate"],"picked":"SKIP","floor":11},{"not_picked":["True Grit","Anger","Immolate"],"picked":"SKIP","floor":13}],"player_experience":106403,"relics_obtained":[{"floor":7,"key":"Odd Mushroom"},{"floor":9,"key":"Self Forming Clay"},{"floor":13,"key":"Blood Vial"}],"event_choices":[{"damage_healed":0,"gold_gain":0,"cards_transformed":["Strike_R"],"player_choice":"Transformed","damage_taken":0,"max_hp_gain":0,"max_hp_loss":0,"event_name":"Transmorgrifier","floor":4,"gold_loss":0,"cards_obtained":["Clash"]},{"damage_healed":0,"gold_gain":0,"player_choice":"Fought Mushrooms","damage_taken":0,"max_hp_gain":0,"max_hp_loss":0,"event_name":"Mushrooms","floor":7,"gold_loss":0},{"damage_healed":0,"gold_gain":0,"player_choice":"Leave","damage_taken":0,"max_hp_gain":0,"max_hp_loss":0,"event_name":"The Cleric","floor":8,"gold_loss":0},{"damage_healed":0,"gold_gain":0,"player_choice":"Take Wound","damage_taken":0,"relics_obtained":["Golden Idol"],"max_hp_gain":0,"max_hp_loss":0,"event_name":"Golden Idol","floor":10,"gold_loss":0,"cards_obtained":["Injury"]},{"damage_healed":0,"gold_gain":0,"player_choice":"Ignored","damage_taken":0,"max_hp_gain":0,"max_hp_loss":0,"event_name":"Liars Game","floor":12,"gold_loss":0}],"is_beta":false,"boss_relics":[],"items_purged_floors":[2],"is_endless":false,"potions_floor_spawned":[3,13],"killed_by":"Hexaghost","ascension_level":0}