{"gold_per_floor":[17,17,35,35,47,82,99,133,133,148,158,158,188,222,222,222],"floor_reached":16,"playtime":1366,"items_purged":[],"score":165,"play_id":"4c467df1-058f-4049-a157-f58be5ad4b63","local_time":"20190529224248","is_ascension_mode":true,"campfire_choices":[{"floor":12,"key":"REST"},{"data":"Bullet Time","floor":15,"key":"SMITH"}],"neow_cost":"NO_GOLD","seed_source_timestamp":768833960304529,"circlet_count":0,"master_deck":["Defend_G","Defend_G","Defend_G","Defend_G","Defend_G","Strike_G","Strike_G","Survivor","Neutralize","Backflip","Blade Dance+1","Cloak And Dagger","Slice","Endless Agony+1","Cloak And Dagger","Blade Dance","Dodge and Roll","Bullet Time+1","Masterful Stab","Backstab","Blade Dance","Adrenaline"],"relics":["Ring of the Snake","Ice Cream","Singing Bowl","Incense Burner","Odd Mushroom","WingedGreaves"],"potions_floor_usage":[6,6,11],"damage_taken":[{"damage":0,"enemies":"Small Slimes","floor":1,"turns":4},{"damage":0,"enemies":"Cultist","floor":3,"turns":5},{"damage":0,"enemies":"2 Louse","floor":5,"turns":2},{"damage":10,"enemies":"Lagavulin","floor":6,"turns":5},{"damage":0,"enemies":"2 Fungi Beasts","floor":7,"turns":3},{"damage":18,"enemies":"3 Sentries","floor":8,"turns":9},{"damage":0,"enemies":"Lots of Slimes","floor":10,"turns":4},{"damage":18,"enemies":"Exordium Thugs","floor":11,"turns":5},{"damage":3,"enemies":"The Mushroom Lair","floor":13,"turns":4},{"damage":4,"enemies":"Lagavulin","floor":14,"turns":6},{"damage":17,"enemies":"Hexaghost","floor":16,"turns":9}],"seed_played":"-7053419068240393250","potions_obtained":[{"floor":3,"key":"Strength Potion"},{"floor":5,"key":"EssenceOfSteel"},{"floor":8,"key":"Poison Potion"},{"floor":11,"key":"Ancient Potion"}],"is_trial":false,"path_per_floor":["M","?","M","?","M","E","M","E","T","M","M","R","?","E","R","B"],"character_chosen":"THE_SILENT","items_purchased":[],"campfire_rested":1,"item_purchase_floors":[],"current_hp_per_floor":[63,63,63,49,49,39,39,21,21,21,3,24,21,17,17,0],"gold":222,"neow_bonus":"TRANSFORM_TWO_CARDS","is_prod":false,"is_daily":false,"chose_seed":false,"campfire_upgraded":1,"win_rate":0,"timestamp":1559191368,"path_taken":["M","?","?","?","M","E","M","E","T","M","M","R","?","E","R","BOSS"],"build_version":"2019-01-23","purchased_purges":0,"victory":false,"max_hp_per_floor":[70,70,70,70,70,70,70,70,70,70,70,70,70,70,70,70],"card_choices":[{"not_picked":["Dagger Throw","Endless Agony"],"picked":"Cloak And Dagger","floor":1},{"not_picked":["Dodge and Roll","Underhanded Strike"],"picked":"Endless Agony","floor":3},{"not_picked":["Dagger Throw","Heel Hook"],"picked":"Cloak And Dagger","floor":5},{"not_picked":["Heel Hook","Quick Slash"],"picked":"Blade Dance","floor":6},{"not_picked":["Skewer","All Out Attack"],"picked":"Dodge and Roll","floor":7},{"not_picked":["Choke","Dodge and Roll"],"picked":"Bullet Time","floor":8},{"not_picked":["Dagger Spray","Underhanded Strike"],"picked":"Masterful Stab","floor":10},{"not_picked":["Deadly Poison","Underhanded Strike"],"picked":"Backstab","floor":11},{"not_picked":["Deadly Poison","Acrobatics"],"picked":"Blade Dance","floor":13},{"not_picked":["Predator","Riddle With Holes"],"picked":"Adrenaline","floor":14}],"player_experience":257832,"relics_obtained":[{"floor":6,"key":"Ice Cream"},{"floor":8,"key":"Singing Bowl"},{"floor":9,"key":"Incense Burner"},{"floor":13,"key":"Odd Mushroom"},{"floor":14,"key":"WingedGreaves"}],"event_choices":[{"damage_healed":0,"gold_gain":0,"cards_transformed":["Strike_G"],"player_choice":"Transformed","damage_taken":0,"max_hp_gain":0,"max_hp_loss":0,"event_name":"Transmorgrifier","floor":2,"gold_loss":0,"cards_obtained":["Slice"]},{"damage_healed":0,"gold_gain":0,"player_choice":"Entered Light","damage_taken":14,"max_hp_gain":0,"max_hp_loss":0,"event_name":"Shining Light","floor":4,"gold_loss":0,"cards_upgraded":["Blade Dance","Endless Agony"]},{"damage_healed":0,"gold_gain":0,"player_choice":"Fought Mushrooms","damage_taken":0,"max_hp_gain":0,"max_hp_loss":0,"event_name":"Mushrooms","floor":13,"gold_loss":0}],"is_beta":false,"boss_relics":[],"items_purged_floors":[],"is_endless":false,"potions_floor_spawned":[3,5,8,11],"killed_by":"Hexaghost","ascension_level":7}