{"gold_per_floor":[215,225,239,164,164,164,164,164,164,4,38,50,50,81,81,158,158,175,195,205,480,499,499,499],"floor_reached":24,"playtime":661,"items_purged":[],"score":371,"play_id":"ba203237-22d1-4b2c-bc6b-b9b6a4296baa","local_time":"20190615223415","is_ascension_mode":true,"campfire_choices":[{"floor":6,"key":"REST"},{"floor":8,"key":"REST"},{"floor":15,"key":"REST"},{"data":"Regret","floor":23,"key":"PURGE"}],"neow_cost":"NONE","seed_source_timestamp":217631396768600,"circlet_count":0,"master_deck":["AscendersBane","Strike_B+1","Strike_B","Strike_B","Defend_B","Defend_B","Defend_B","Defend_B","Zap","Dualcast","Gash+1","Compile Driver","Glacier","Ball Lightning","Ball Lightning","Echo Form","Meteor Strike","Capacitor","Go for the Eyes","Genetic Algorithm","Sweeping Beam"],"relics":["Cracked Core","Dodecahedron","Ornamental Fan","Blood Vial","Happy Flower","Peace Pipe","Sozu"],"potions_floor_usage":[11,12,16],"damage_taken":[{"damage":0,"enemies":"Small Slimes","floor":1,"turns":3},{"damage":2,"enemies":"2 Louse","floor":2,"turns":2},{"damage":6,"enemies":"Jaw Worm","floor":3,"turns":4},{"damage":21,"enemies":"Gremlin Nob","floor":11,"turns":4},{"damage":2,"enemies":"3 Louse","floor":12,"turns":4},{"damage":15,"enemies":"Lagavulin","floor":14,"turns":5},{"damage":26,"enemies":"Slime Boss","floor":16,"turns":9},{"damage":6,"enemies":"Spheric Guardian","floor":18,"turns":4},{"damage":15,"enemies":"Chosen","floor":19,"turns":5},{"damage":4,"enemies":"Centurion and Healer","floor":20,"turns":4},{"damage":21,"enemies":"Cultist and Chosen","floor":22,"turns":7},{"damage":35,"enemies":"Gremlin Leader","floor":24,"turns":3}],"seed_played":"4190641030879864484","potions_obtained":[{"floor":1,"key":"FearPotion"},{"floor":2,"key":"LiquidBronze"},{"floor":12,"key":"Fruit Juice"},{"floor":16,"key":"FairyPotion"}],"is_trial":false,"path_per_floor":["M","M","M","?","?","R","?","R","T","$","E","M","$","E","R","B",null,"M","M","M","?","M","R","E"],"character_chosen":"DEFECT","items_purchased":["Blood Vial"],"campfire_rested":3,"item_purchase_floors":[10],"current_hp_per_floor":[64,62,56,56,21,42,21,42,42,42,23,28,28,15,37,13,60,56,43,41,41,22,22,0],"gold":499,"neow_bonus":"HUNDRED_GOLD","is_prod":false,"is_daily":false,"chose_seed":false,"campfire_upgraded":0,"win_rate":0,"timestamp":1560630855,"path_taken":["M","M","M","?","?","R","?","R","T","$","E","M","?","E","R","BOSS","M","M","M","?","M","R","E"],"build_version":"2019-06-13","purchased_purges":0,"victory":false,"max_hp_per_floor":[71,71,71,71,71,71,71,71,71,71,71,76,76,76,76,76,76,76,76,76,76,76,76,76],"card_choices":[{"not_picked":["Scrape","Turbo"],"picked":"Gash","floor":1},{"not_picked":["Coolheaded","Double Energy"],"picked":"Compile Driver","floor":2},{"not_picked":["Streamline","Turbo"],"picked":"Glacier","floor":3},{"not_picked":["Double Energy","Stack"],"picked":"Ball Lightning","floor":11},{"not_picked":["Stack","Chaos"],"picked":"Ball Lightning","floor":12},{"not_picked":["Beam Cell","Turbo"],"picked":"Echo Form","floor":14},{"not_picked":["Rainbow","Reboot"],"picked":"Meteor Strike","floor":16},{"not_picked":["Redo","Scrape"],"picked":"Capacitor","floor":18},{"not_picked":["Coolheaded","Capacitor"],"picked":"Go for the Eyes","floor":19},{"not_picked":["Stack+1","Static Discharge"],"picked":"Genetic Algorithm","floor":20},{"not_picked":["Amplify","Beam Cell"],"picked":"Sweeping Beam","floor":22}],"player_experience":848627,"relics_obtained":[{"floor":9,"key":"Ornamental Fan"},{"floor":11,"key":"Happy Flower"},{"floor":14,"key":"Peace Pipe"}],"event_choices":[{"cards_removed":["Strike_B"],"damage_healed":0,"gold_gain":0,"player_choice":"Card Removal","damage_taken":0,"max_hp_gain":0,"max_hp_loss":0,"event_name":"The Cleric","floor":4,"gold_loss":75},{"damage_healed":0,"gold_gain":0,"player_choice":"Success","damage_taken":35,"relics_obtained":["Dodecahedron"],"max_hp_gain":0,"max_hp_loss":0,"event_name":"Scrap Ooze","floor":5,"gold_loss":0},{"damage_healed":0,"gold_gain":0,"player_choice":"Entered Light","damage_taken":21,"max_hp_gain":0,"max_hp_loss":0,"event_name":"Shining Light","floor":7,"gold_loss":0,"cards_upgraded":["Gash","Strike_B"]},{"damage_healed":0,"gold_gain":275,"player_choice":"Desecrate","damage_taken":0,"max_hp_gain":0,"max_hp_loss":0,"event_name":"Golden Shrine","floor":21,"gold_loss":0,"cards_obtained":["Regret"]}],"is_beta":true,"boss_relics":[{"not_picked":["Runic Dome","Empty Cage"],"picked":"Sozu"}],"items_purged_floors":[],"is_endless":false,"potions_floor_spawned":[1,2,12,16,19],"killed_by":"Gremlin Leader","ascension_level":16}