{"gold_per_floor":[112,126,51,69,88,117,117,143,143,154,182,182,182,237,237,334,334,349,363,363,14,33,33,65,81,131,131,149,178,178,196,196,296,296,312,331,350,370,380,380,405,279,302,329,41,54,65,81,81,81],"floor_reached":51,"playtime":4495,"items_purged":["Normality"],"score":1355,"play_id":"ad4e72bb-e257-470d-be05-b40fd213dfc4","local_time":"20190612213213","is_ascension_mode":true,"campfire_choices":[{"data":"Noxious Fumes","floor":7.0,"key":"SMITH"},{"data":"A Thousand Cuts","floor":13.0,"key":"SMITH"},{"data":"Neutralize","floor":15,"key":"SMITH"},{"data":"Bullet Time","floor":23,"key":"SMITH"},{"data":"Footwork","floor":27,"key":"SMITH"},{"data":"Catalyst","floor":30,"key":"SMITH"},{"data":"Well Laid Plans","floor":32,"key":"SMITH"},{"data":"Noxious Fumes","floor":40,"key":"SMITH"},{"data":"After Image","floor":49,"key":"SMITH"}],"neow_cost":"CURSE","seed_source_timestamp":57677179874947,"circlet_count":0,"master_deck":["AscendersBane","Defend_G","Defend_G","Defend_G","Defend_G","Defend_G","Strike_G","Strike_G","Strike_G","Strike_G","Survivor","Neutralize+1","Deadly Poison","PiercingWail","Crippling Poison","Acrobatics","Noxious Fumes+1","Bane","Poisoned Stab","Footwork+1","A Thousand Cuts+1","Noxious Fumes+1","Bullet Time+1","Well Laid Plans+1","Cloak And Dagger+1","Blur","Deadly Poison","Accuracy","Catalyst+1","Infinite Blades","Die Die Die","Bane+1","Noxious Fumes","Bane+1","Backflip","Acrobatics+1","Quick Slash+1","After Image+1","PiercingWail+1","Blind+1","Blade Dance+1","Leg Sweep+1","Escape Plan+1"],"special_seed":0,"relics":["Ring of the Snake","Thread and Needle","Sundial","Mummified Hand","Paper Crane","Mercury Hourglass","Tiny Chest","Coffee Dripper","Letter Opener","Lantern","Toy Ornithopter","Turnip","Oddly Smooth Stone","Happy Flower","Lizard Tail","Toxic Egg 2","Kunai","Bronze Scales","Darkstone Periapt","Vajra"],"potions_floor_usage":[22,24,28,36,41,47,48,50,50],"damage_taken":[{"damage":0.0,"enemies":"Small Slimes","floor":1.0,"turns":5.0},{"damage":3.0,"enemies":"Cultist","floor":2.0,"turns":4.0},{"damage":0.0,"enemies":"2 Louse","floor":4.0,"turns":3.0},{"damage":0.0,"enemies":"Gremlin Gang","floor":5.0,"turns":4.0},{"damage":18.0,"enemies":"Gremlin Nob","floor":6.0,"turns":5.0},{"damage":13.0,"enemies":"3 Sentries","floor":8.0,"turns":6.0},{"damage":5.0,"enemies":"Large Slime","floor":10.0,"turns":6.0},{"damage":0.0,"enemies":"Lagavulin","floor":11.0,"turns":7.0},{"damage":9,"enemies":"3 Sentries","floor":14,"turns":5},{"damage":2,"enemies":"Hexaghost","floor":16,"turns":7},{"damage":13,"enemies":"Spheric Guardian","floor":18,"turns":4},{"damage":1,"enemies":"Shell Parasite","floor":19,"turns":5},{"damage":0,"enemies":"3 Cultists","floor":22,"turns":3},{"damage":21,"enemies":"Gremlin Leader","floor":24,"turns":5},{"damage":0,"enemies":"Snecko","floor":25,"turns":4},{"damage":2,"enemies":"Snake Plant","floor":28,"turns":4},{"damage":8,"enemies":"Slavers","floor":29,"turns":4},{"damage":0,"enemies":"Shelled Parasite and Fungi","floor":31,"turns":4},{"damage":0,"enemies":"Collector","floor":33,"turns":7},{"damage":0,"enemies":"3 Darklings","floor":35,"turns":4},{"damage":5,"enemies":"Orb Walker","floor":36,"turns":4},{"damage":40,"enemies":"Jaw Worm Horde","floor":37,"turns":4},{"damage":17,"enemies":"Transient","floor":38,"turns":5},{"damage":0,"enemies":"Sphere and 2 Shapes","floor":39,"turns":4},{"damage":0,"enemies":"Reptomancer","floor":41,"turns":4},{"damage":0,"enemies":"Nemesis","floor":44,"turns":5},{"damage":0,"enemies":"Spire Growth","floor":46,"turns":4},{"damage":0,"enemies":"Maw","floor":47,"turns":6},{"damage":0,"enemies":"Transient","floor":48,"turns":5},{"damage":1,"enemies":"Donu and Deca","floor":50,"turns":8}],"seed_played":"1461872925258775480","potions_obtained":[{"floor":1.0,"key":"FearPotion"},{"floor":5.0,"key":"Strength Potion"},{"floor":6.0,"key":"Poison Potion"},{"floor":16,"key":"LiquidBronze"},{"floor":19,"key":"SpeedPotion"},{"floor":24,"key":"GhostInAJar"},{"floor":29,"key":"GamblersBrew"},{"floor":39,"key":"AttackPotion"},{"floor":44,"key":"EssenceOfSteel"},{"floor":46,"key":"FearPotion"},{"floor":47,"key":"Poison Potion"},{"floor":48,"key":"Ancient Potion"}],"is_trial":false,"path_per_floor":["M","M","$","M","M","E","R","E","T","M","E","?","R","E","R","B",null,"M","M","T","$","M","R","E","M","T","R","M","E","R","M","R","B",null,"M","M","M","M","M","R","E","?","T","E","$","M","M","M","R","B",null],"character_chosen":"THE_SILENT","items_purchased":["Lantern","Toy Ornithopter","Vajra","PiercingWail+1","Blind+1"],"campfire_rested":0,"item_purchase_floors":[21,21,45,45,45],"current_hp_per_floor":[63,60,60,60,60,42,42,29,29,24,24,24,24,15,15,13,56,43,42,42,42,47,47,31,31,31,31,34,26,26,26,26,26,59,59,59,19,2,2,2,7,7,7,7,7,7,12,17,17,26],"gold":81,"neow_bonus":"ONE_RARE_RELIC","is_prod":false,"is_daily":false,"chose_seed":false,"campfire_upgraded":9,"win_rate":0,"timestamp":1560396733,"path_taken":["M","M","$","M","M","E","R","E","T","M","E","?","R","E","R","BOSS","M","M","?","$","M","R","E","M","T","R","M","E","R","M","R","BOSS","M","M","M","M","M","R","E","?","T","E","$","M","M","M","R","BOSS"],"build_version":"2019-01-23","purchased_purges":1,"victory":true,"max_hp_per_floor":[70,70,70,70,70,70,70,70,70,70,70,70,70,70,70,70,70,70,70,70,70,70,70,70,70,70,70,70,70,70,70,70,70,70,70,70,70,70,70,70,70,70,70,70,70,70,70,70,70,70],"card_choices":[{"not_picked":["Setup","Underhanded Strike"],"picked":"Deadly Poison","floor":1.0},{"not_picked":["Masterful Stab","Sucker Punch"],"picked":"PiercingWail","floor":2.0},{"not_picked":["Slice","Quick Slash"],"picked":"Crippling Poison","floor":4.0},{"not_picked":["Quick Slash","Skewer"],"picked":"Acrobatics","floor":5.0},{"not_picked":["Dagger Throw","Dagger Spray"],"picked":"Noxious Fumes","floor":6.0},{"not_picked":["Dagger Spray","Riddle With Holes"],"picked":"Bane","floor":8.0},{"not_picked":["Eviscerate","Dagger Throw"],"picked":"Poisoned Stab","floor":10.0},{"not_picked":["Grand Finale","Flying Knee"],"picked":"Footwork","floor":11.0},{"not_picked":["Sucker Punch","Riddle With Holes"],"picked":"Noxious Fumes","floor":14},{"not_picked":["Glass Knife","Phantasmal Killer"],"picked":"Bullet Time","floor":16},{"not_picked":["Calculated Gamble","Finisher"],"picked":"Well Laid Plans","floor":18},{"not_picked":["Sucker Punch","Outmaneuver"],"picked":"Cloak And Dagger+1","floor":19},{"not_picked":["Slice","Flying Knee"],"picked":"Blur","floor":22},{"not_picked":["Prepared+1","Tools of the Trade"],"picked":"Deadly Poison","floor":24},{"not_picked":["Finisher","Underhanded Strike"],"picked":"Accuracy","floor":25},{"not_picked":["Accuracy","Deadly Poison"],"picked":"Catalyst","floor":28},{"not_picked":["Calculated Gamble","Flying Knee"],"picked":"Infinite Blades","floor":29},{"not_picked":["Masterful Stab","Quick Slash","Flying Knee"],"picked":"SKIP","floor":31},{"not_picked":["Grand Finale","Unload"],"picked":"Die Die Die","floor":33},{"not_picked":["Reflex","Blade Dance+1"],"picked":"Bane+1","floor":35},{"not_picked":["Skewer","Catalyst"],"picked":"Noxious Fumes","floor":36},{"not_picked":["Poisoned Stab","Dagger Throw"],"picked":"Bane+1","floor":37},{"not_picked":["Deflect","Endless Agony"],"picked":"Backflip","floor":38},{"not_picked":["Outmaneuver+1","Flying Knee+1"],"picked":"Acrobatics+1","floor":39},{"not_picked":["Outmaneuver+1","Deadly Poison"],"picked":"Quick Slash+1","floor":41},{"not_picked":["Prepared+1","Concentrate+1"],"picked":"After Image","floor":44},{"not_picked":["Dagger Throw","Slice+1"],"picked":"Blade Dance+1","floor":46},{"not_picked":["Blade Dance+1","Dagger Spray"],"picked":"Leg Sweep+1","floor":47},{"not_picked":["Outmaneuver+1","Quick Slash+1"],"picked":"Escape Plan+1","floor":48}],"player_experience":354092,"relics_obtained":[{"floor":6.0,"key":"Sundial"},{"floor":8.0,"key":"Mummified Hand"},{"floor":9.0,"key":"Paper Crane"},{"floor":11.0,"key":"Mercury Hourglass"},{"floor":14,"key":"Tiny Chest"},{"floor":20,"key":"Letter Opener"},{"floor":24,"key":"Turnip"},{"floor":26,"key":"Oddly Smooth Stone"},{"floor":29,"key":"Happy Flower"},{"floor":41,"key":"Toxic Egg 2"},{"floor":43,"key":"Bronze Scales"},{"floor":44,"key":"Darkstone Periapt"}],"event_choices":[{"damage_healed":0.0,"max_hp_gain":0.0,"max_hp_loss":0.0,"gold_gain":0.0,"cards_transformed":["Strike_G"],"event_name":"Transmorgrifier","player_choice":"Transformed","floor":12.0,"gold_loss":0.0,"damage_taken":0.0,"cards_obtained":["A Thousand Cuts"]},{"damage_healed":0,"gold_gain":0,"player_choice":"Paid Gold","damage_taken":0,"relics_obtained":["Kunai"],"max_hp_gain":0,"max_hp_loss":0,"event_name":"WeMeetAgain","floor":42,"gold_loss":126}],"is_beta":false,"boss_relics":[{"not_picked":["Fusion Hammer","HoveringKite"],"picked":"Coffee Dripper"},{"not_picked":["Runic Dome","Calling Bell"],"picked":"Lizard Tail"}],"items_purged_floors":[3],"is_endless":false,"potions_floor_spawned":[1,5,6,16,19,24,29,39,44,46,47,48],"ascension_level":11}