{"gold_per_floor":[110,185,185,197,220,220,220,220,220,234,234,159,189,202,202,281,281,281],"floor_reached":18,"playtime":371,"items_purged":["Pain"],"score":308,"play_id":"61bf1bec-5757-4eae-b34b-d7db8a80d79f","local_time":"20190624101444","is_ascension_mode":true,"campfire_choices":[{"floor":6,"key":"REST"},{"floor":8,"key":"REST"},{"data":"1","floor":11,"key":"LIFT"},{"data":"2","floor":15,"key":"LIFT"}],"neow_cost":"CURSE","seed_source_timestamp":31634686967300,"circlet_count":0,"master_deck":["AscendersBane","Strike_B","Strike_B","Strike_B","Strike_B","Defend_B","Defend_B","Defend_B","Defend_B","Zap","Dualcast","Injury","Sweeping Beam","Reinforced Body","Steam","Auto Shields","Leap","Seek"],"relics":["Cracked Core","Girya","Ancient Tea Set","Lantern","WarpedTongs","Orichalcum","Frozen Egg 2","Eternal Feather"],"potions_floor_usage":[13,16,16],"damage_taken":[{"damage":4,"enemies":"Jaw Worm","floor":1,"turns":4},{"damage":9,"enemies":"Small Slimes","floor":4,"turns":4},{"damage":4,"enemies":"Cultist","floor":10,"turns":3},{"damage":16,"enemies":"3 Sentries","floor":13,"turns":6},{"damage":0,"enemies":"2 Fungi Beasts","floor":14,"turns":2},{"damage":22,"enemies":"The Guardian","floor":16,"turns":13},{"damage":14,"enemies":"Shell Parasite","floor":18,"turns":5}],"seed_played":"6276338016314448410","potions_obtained":[{"floor":1,"key":"LiquidBronze"},{"floor":10,"key":"Explosive Potion"},{"floor":13,"key":"Poison Potion"},{"floor":14,"key":"Dexterity Potion"}],"is_trial":false,"path_per_floor":["M","?","?","M","T","R","?","R","T","M","R","$","E","M","R","B",null,"M"],"character_chosen":"DEFECT","items_purchased":[],"campfire_rested":2,"item_purchase_floors":[],"current_hp_per_floor":[60,49,14,5,5,26,26,47,47,43,43,43,27,27,27,5,55,41],"gold":281,"neow_bonus":"ONE_RARE_RELIC","is_prod":false,"is_daily":false,"chose_seed":false,"campfire_upgraded":0,"win_rate":0,"timestamp":1561364084,"path_taken":["M","?","?","M","?","R","?","R","T","M","R","$","E","M","R","BOSS","M"],"build_version":"2019-06-21","purchased_purges":1,"victory":false,"max_hp_per_floor":[71,71,71,71,71,71,71,71,71,71,71,71,71,71,71,71,71,71],"card_choices":[{"not_picked":["Compile Driver","Consume"],"picked":"Sweeping Beam","floor":1},{"not_picked":["Steam","Coolheaded"],"picked":"Reinforced Body","floor":4},{"not_picked":["Fusion","Double Energy"],"picked":"Steam","floor":10},{"not_picked":["Rebound","Compile Driver"],"picked":"Auto Shields","floor":13},{"not_picked":["Blizzard","Rip and Tear"],"picked":"Leap","floor":14},{"not_picked":["Multi-Cast","Amplify"],"picked":"Seek","floor":16}],"player_experience":875542,"relics_obtained":[{"floor":5,"key":"Lantern"},{"floor":9,"key":"Orichalcum"},{"floor":13,"key":"Frozen Egg 2"}],"event_choices":[{"damage_healed":0,"gold_gain":75,"player_choice":"Gather Gold","damage_taken":11,"max_hp_gain":0,"max_hp_loss":0,"event_name":"World of Goop","floor":2,"gold_loss":0},{"damage_healed":0,"gold_gain":0,"player_choice":"Success","damage_taken":35,"relics_obtained":["Ancient Tea Set"],"max_hp_gain":0,"max_hp_loss":0,"event_name":"Scrap Ooze","floor":3,"gold_loss":0},{"damage_healed":0,"gold_gain":0,"player_choice":"Rummage","damage_taken":0,"relics_obtained":["WarpedTongs"],"max_hp_gain":0,"max_hp_loss":0,"event_name":"Accursed Blacksmith","floor":7,"gold_loss":0,"cards_obtained":["Pain"]}],"is_beta":true,"boss_relics":[{"not_picked":["Tiny House","Calling Bell"],"picked":"Eternal Feather"}],"items_purged_floors":[12],"is_endless":false,"potions_floor_spawned":[1,10,13,14],"killed_by":"Shell Parasite","ascension_level":19}