{"gold_per_floor":[110,126,137,62,76,76,76,105,129,28,107,134,149,164,164,164],"floor_reached":16,"playtime":454,"items_purged":["Strike_B"],"score":207,"play_id":"580cc37a-6565-4455-8461-bb673ba64e07","local_time":"20190617185458","is_ascension_mode":true,"campfire_choices":[{"data":"Zap","floor":6,"key":"SMITH"},{"floor":15,"key":"REST"}],"neow_cost":"NONE","seed_source_timestamp":377486974979600,"circlet_count":0,"master_deck":["AscendersBane","Strike_B","Strike_B","Defend_B","Defend_B","Defend_B","Defend_B","Zap+1","Dualcast","Gash","Scrape","Cold Snap","Beam Cell","Hyperbeam","Turbo","Rebound","Go for the Eyes","Steam","BootSequence"],"relics":["Cracked Core","Pen Nib","Strawberry","Dream Catcher","Potion Belt"],"potions_floor_usage":[16],"damage_taken":[{"damage":7,"enemies":"Jaw Worm","floor":1,"turns":3},{"damage":12,"enemies":"Small Slimes","floor":2,"turns":2},{"damage":1,"enemies":"Cultist","floor":3,"turns":3},{"damage":2,"enemies":"2 Fungi Beasts","floor":5,"turns":3},{"damage":22,"enemies":"3 Sentries","floor":8,"turns":7},{"damage":6,"enemies":"Gremlin Nob","floor":12,"turns":3},{"damage":10,"enemies":"Lots of Slimes","floor":13,"turns":4},{"damage":10,"enemies":"3 Louse","floor":14,"turns":3},{"damage":31,"enemies":"Slime Boss","floor":16,"turns":7}],"seed_played":"4105114670738490910","potions_obtained":[{"floor":3,"key":"SteroidPotion"},{"floor":5,"key":"SpeedPotion"},{"floor":14,"key":"EssenceOfSteel"}],"is_trial":false,"path_per_floor":["M","M","M","?","M","R","?","E","T","$","?","E","M","M","R","B"],"character_chosen":"DEFECT","items_purchased":["Turbo"],"campfire_rested":1,"item_purchase_floors":[10],"current_hp_per_floor":[57,45,44,44,42,42,47,32,32,32,32,26,16,6,30,0],"gold":164,"neow_bonus":"RANDOM_COMMON_RELIC","is_prod":false,"is_daily":false,"chose_seed":false,"campfire_upgraded":1,"win_rate":0,"timestamp":1560790498,"path_taken":["M","M","M","?","M","R","?","E","T","?","?","E","M","M","R","BOSS"],"build_version":"2019-06-13","purchased_purges":1,"victory":false,"max_hp_per_floor":[71,71,71,71,71,71,76,83,83,83,83,83,83,83,83,83],"card_choices":[{"not_picked":["Conserve Battery","Streamline"],"picked":"Gash","floor":1},{"not_picked":["Conserve Battery","Leap"],"picked":"Scrape","floor":2},{"not_picked":["Glacier","Conserve Battery"],"picked":"Cold Snap","floor":3},{"not_picked":["Ball Lightning","Hello World"],"picked":"Beam Cell","floor":5},{"not_picked":["Storm","Aggregate"],"picked":"Hyperbeam","floor":8},{"not_picked":["Cold Snap","Streamline"],"picked":"Rebound","floor":12},{"not_picked":["BootSequence","Auto Shields"],"picked":"Go for the Eyes","floor":13},{"not_picked":["Consume","Cold Snap"],"picked":"Steam","floor":14},{"not_picked":["Cold Snap","Sweeping Beam"],"picked":"BootSequence","floor":15}],"player_experience":855522,"relics_obtained":[{"floor":8,"key":"Strawberry"},{"floor":9,"key":"Dream Catcher"},{"floor":12,"key":"Potion Belt"}],"event_choices":[{"cards_removed":["Strike_B"],"damage_healed":0,"gold_gain":0,"player_choice":"Card Removal","damage_taken":0,"max_hp_gain":0,"max_hp_loss":0,"event_name":"The Cleric","floor":4,"gold_loss":75},{"damage_healed":0,"gold_gain":0,"player_choice":"Donut","damage_taken":0,"max_hp_gain":5,"max_hp_loss":0,"event_name":"Big Fish","floor":7,"gold_loss":0},{"damage_healed":0,"gold_gain":79,"player_choice":"Gained Gold","damage_taken":0,"max_hp_gain":0,"max_hp_loss":0,"event_name":"Golden Wing","floor":11,"gold_loss":0}],"is_beta":true,"boss_relics":[],"items_purged_floors":[10],"is_endless":false,"potions_floor_spawned":[3,5,14],"killed_by":"Slime Boss","ascension_level":17}