{"gold_per_floor":[115,115,131,150,164,198,198,210,261,16,36,54,54,66,66,168,168,168,168,168,168,44,44,44,44,44,44,44,44,44,44,44,44,44,44,44,44,44,44,44,44,44,44,44,44],"floor_reached":45,"playtime":4523,"items_purged":["Regret","Regret"],"score":468,"play_id":"d5ce4610-d6a1-4b8b-952c-19c5ea9e5dd9","local_time":"20180930040827","is_ascension_mode":false,"campfire_choices":[{"floor":7,"key":"REST"},{"floor":13,"key":"REST"},{"data":"Fusion","floor":15,"key":"SMITH"},{"data":"Dramatic Entrance","floor":23,"key":"SMITH"},{"floor":30,"key":"REST"},{"floor":32,"key":"REST"},{"floor":40,"key":"REST"},{"floor":42,"key":"REST"}],"neow_cost":"","seed_source_timestamp":1208360917643391,"circlet_count":0,"master_deck":["Strike_B","Strike_B","Strike_B","Defend_B","Defend_B","Defend_B","Defend_B","Zap","Dualcast","Redo","Beam Cell","Compile Driver","Fusion+1","Coolheaded","Stack","Dramatic Entrance+1","Sweeping Beam","Ball Lightning","Stack","White Noise","Leap","Electrodynamics","Reprogram+1","Redo","Conserve Battery+1","Stack","Steam Power+1","White Noise","Loop","Lockon+1","RitualDagger+1","Creative AI","Genetic Algorithm","Hologram+1","Capacitor","Beam Cell+1","Deep Breath","Zap","Sweeping Beam+1"],"relics":["Cracked Core","Potion Belt","Kunai","Bag of Preparation","Ectoplasm","Vajra","Molten Egg 2","Sozu","Ancient Tea Set"],"potions_floor_usage":[6,16,16,20,29,33,33,33,36,45],"damage_taken":[{"damage":1,"enemies":"2 Louse","floor":1,"turns":3},{"damage":9,"enemies":"Small Slimes","floor":3,"turns":3},{"damage":3,"enemies":"Cultist","floor":4,"turns":3},{"damage":12,"enemies":"Looter","floor":5,"turns":3},{"damage":27,"enemies":"Gremlin Nob","floor":6,"turns":5},{"damage":26,"enemies":"Exordium Thugs","floor":8,"turns":5},{"damage":0,"enemies":"3 Louse","floor":11,"turns":3},{"damage":8,"enemies":"Looter","floor":12,"turns":2},{"damage":0,"enemies":"2 Fungi Beasts","floor":14,"turns":2},{"damage":13,"enemies":"Hexaghost","floor":16,"turns":9},{"damage":0,"enemies":"Spheric Guardian","floor":18,"turns":4},{"damage":0,"enemies":"3 Byrds","floor":19,"turns":2},{"damage":21,"enemies":"Centurion and Healer","floor":20,"turns":4},{"damage":6,"enemies":"Gremlin Leader","floor":24,"turns":6},{"damage":0,"enemies":"Cultist and Chosen","floor":27,"turns":4},{"damage":15,"enemies":"Snake Plant","floor":28,"turns":4},{"damage":18,"enemies":"Chosen and Byrds","floor":29,"turns":6},{"damage":47,"enemies":"Champ","floor":33,"turns":12},{"damage":6,"enemies":"Orb Walker","floor":35,"turns":3},{"damage":6,"enemies":"3 Shapes","floor":36,"turns":4},{"damage":16,"enemies":"Reptomancer","floor":37,"turns":4},{"damage":33,"enemies":"4 Shapes","floor":38,"turns":4},{"damage":24,"enemies":"Sphere and 2 Shapes","floor":41,"turns":4},{"damage":69,"enemies":"Giant Head","floor":45,"turns":9}],"seed_played":"1202713414322097932","potions_obtained":[{"floor":1,"key":"Ancient Potion"},{"floor":3,"key":"Poison Potion"},{"floor":5,"key":"AttackPotion"},{"floor":12,"key":"AttackPotion"},{"floor":14,"key":"Dexterity Potion"},{"floor":18,"key":"GamblersBrew"},{"floor":19,"key":"Regen Potion"},{"floor":24,"key":"Energy Potion"},{"floor":29,"key":"Poison Potion"},{"floor":33,"key":"SkillPotion"}],"is_trial":false,"path_per_floor":["M","?","M","M","M","E","R","M","T","$","M","M","R","M","R","B",null,"M","M","M","?","$","R","E","$","T","M","M","M","R","?","R","B",null,"M","M","M","M","?","R","M","R","T","?"],"character_chosen":"DEFECT","items_purchased":["Dramatic Entrance","Sweeping Beam","Ball Lightning","Stack"],"campfire_rested":6,"item_purchase_floors":[10,10,10,22],"current_hp_per_floor":[74,74,65,62,50,23,45,19,19,19,19,11,33,33,33,27,75,75,75,63,63,63,63,57,57,57,57,42,24,46,40,62,15,75,69,63,47,21,21,43,26,48,48,48,0],"gold":44,"neow_bonus":"","is_prod":false,"is_daily":false,"chose_seed":false,"campfire_upgraded":2,"win_rate":1,"timestamp":1538302107,"path_taken":["M","?","M","M","M","E","R","?","T","$","M","M","R","M","R","BOSS","M","M","M","?","$","R","E","?","T","M","M","M","R","?","R","BOSS","M","M","M","M","?","R","M","R","T","?","E"],"build_version":"2018-09-27","purchased_purges":2,"victory":false,"max_hp_per_floor":[75,75,75,75,75,75,75,75,75,75,75,75,75,75,75,75,75,75,75,75,75,75,75,75,75,75,75,75,75,75,75,75,75,75,75,75,75,75,75,75,75,75,75,75,75],"card_choices":[{"not_picked":["Scrape","Barrage"],"picked":"Redo","floor":1},{"not_picked":["BootSequence","Gash"],"picked":"Beam Cell","floor":3},{"not_picked":["Double Energy","Redo"],"picked":"Compile Driver","floor":4},{"not_picked":["Leap","Static Discharge"],"picked":"Fusion","floor":5},{"not_picked":["Streamline","Hologram"],"picked":"Coolheaded","floor":6},{"not_picked":["Blizzard","All For One"],"picked":"Stack","floor":8},{"not_picked":["Lockon","Compile Driver"],"picked":"Stack","floor":11},{"not_picked":["Steam Power","Compile Driver"],"picked":"White Noise","floor":12},{"not_picked":["Stack","Go for the Eyes"],"picked":"Leap","floor":14},{"not_picked":["All For One","Buffer"],"picked":"Electrodynamics","floor":16},{"not_picked":["Hologram","Rebound"],"picked":"Reprogram+1","floor":18},{"not_picked":["Leap","Steam+1"],"picked":"Redo","floor":19},{"not_picked":["Doom and Gloom","Redo+1"],"picked":"Conserve Battery+1","floor":20},{"not_picked":["Compile Driver+1","Rebound"],"picked":"Steam Power+1","floor":24},{"not_picked":["Streamline+1","Hologram"],"picked":"White Noise","floor":27},{"not_picked":["Stack","Auto Shields"],"picked":"Loop","floor":28},{"not_picked":["Cold Snap+1","Reprogram+1"],"picked":"Lockon+1","floor":29},{"not_picked":["Machine Learning","Biased Cognition"],"picked":"Creative AI","floor":33},{"not_picked":["Darkness+1","Cold Snap+1"],"picked":"Genetic Algorithm","floor":35},{"not_picked":["Beam Cell+1","Streamline+1"],"picked":"Hologram+1","floor":36},{"not_picked":["Biased Cognition","Undo"],"picked":"Capacitor","floor":37},{"not_picked":["Go for the Eyes+1","Cold Snap+1"],"picked":"Beam Cell+1","floor":38},{"not_picked":["Gash+1","Cold Snap+1"],"picked":"Sweeping Beam+1","floor":41}],"player_experience":10657,"relics_obtained":[{"floor":6,"key":"Kunai"},{"floor":9,"key":"Bag of Preparation"},{"floor":24,"key":"Vajra"},{"floor":26,"key":"Molten Egg 2"},{"floor":43,"key":"Ancient Tea Set"}],"event_choices":[{"event_name":"Big Fish","player_choice":"Box","floor":2,"damage_taken":0},{"event_name":"Golden Shrine","player_choice":"Desecrate","floor":21,"damage_taken":0},{"event_name":"Nest","player_choice":"Joined the Cult","floor":31,"damage_taken":0},{"event_name":"Match and Keep!","player_choice":"2 cards matched","floor":39,"damage_taken":0},{"event_name":"Falling","player_choice":"Removed Attack","floor":44,"damage_taken":0}],"is_beta":false,"boss_relics":[{"not_picked":["Runic Dome","Cursed Key"],"picked":"Ectoplasm"},{"not_picked":["Black Star","White Beast Statue"],"picked":"Sozu"}],"items_purged_floors":[10,22],"is_endless":false,"potions_floor_spawned":[1,3,5,12,14,18,19,24,29,33,37,41],"killed_by":"Giant Head","ascension_level":0}