{"gold_per_floor":[17,33,49,49,124,155,155,168,168,168,187,187,204,229,229,327,327,341,360,360,43,53,88,88,118,143,153,153,170,184,84,84,179,179,189,202,202,302,302,329,329,355,380,392,404,435,435,468,468,468,468,468,56,88,88],"floor_reached":56,"playtime":4061,"items_purged":["Strike_B","Strike_B"],"score":1735,"play_id":"cc3f67b3-de45-4915-8c00-70fce318b941","local_time":"20190625224410","is_ascension_mode":true,"campfire_choices":[{"data":"Conserve Battery","floor":7.0,"key":"SMITH"},{"data":"Loop","floor":10.0,"key":"SMITH"},{"floor":12.0,"key":"REST"},{"data":"Cold Snap","floor":15.0,"key":"SMITH"},{"data":"Self Repair","floor":24.0,"key":"SMITH"},{"data":"Zap","floor":28.0,"key":"SMITH"},{"data":"Dualcast","floor":32.0,"key":"SMITH"},{"floor":41.0,"key":"RECALL"},{"data":"Loop","floor":49.0,"key":"SMITH"},{"data":"Cold Snap","floor":52.0,"key":"SMITH"}],"neow_cost":"NO_GOLD","seed_source_timestamp":406428086502479,"circlet_count":0,"master_deck":["Zap+1","Dualcast+1","Conserve Battery+1","Cold Snap+1","Loop+1","Cold Snap+1","Glacier+1","Electrodynamics","Conserve Battery+1","Conserve Battery+1","Loop+1","Self Repair+1","Fusion+1","Heatsinks+1","Genetic Algorithm+1","Double Energy+1","Defragment+1","BootSequence+1","Rainbow+1","Glacier+1","Hologram+1","Redo+1","Amplify+1","Chaos+1","Go for the Eyes+1","Chaos+1","Skim+1","Recycle+1","Loop+1"],"special_seed":0,"relics":["Cracked Core","Blue Candle","Gremlin Horn","Toxic Egg 2","Runic Pyramid","Frozen Egg 2","Dream Catcher","Matryoshka","DataDisk","Bronze Scales","Black Star","Turnip","Dodecahedron","Smiling Mask","Vajra","Symbiotic Virus","Mummified Hand","PreservedInsect","Happy Flower","FaceOfCleric","Blood Vial","Ornamental Fan","Runic Capacitor","Lantern","Incense Burner"],"potions_floor_usage":[55,55,55],"damage_taken":[{"damage":6.0,"enemies":"Jaw Worm","floor":1.0,"turns":3.0},{"damage":0.0,"enemies":"2 Louse","floor":2.0,"turns":2.0},{"damage":2.0,"enemies":"Small Slimes","floor":3.0,"turns":4.0},{"damage":29.0,"enemies":"Lagavulin","floor":6.0,"turns":6.0},{"damage":8.0,"enemies":"Gremlin Gang","floor":8.0,"turns":3.0},{"damage":9.0,"enemies":"3 Louse","floor":11.0,"turns":2.0},{"damage":10.0,"enemies":"Looter","floor":13.0,"turns":2.0},{"damage":2.0,"enemies":"Gremlin Nob","floor":14.0,"turns":3.0},{"damage":0.0,"enemies":"Slime Boss","floor":16.0,"turns":13.0},{"damage":0.0,"enemies":"3 Byrds","floor":18.0,"turns":2.0},{"damage":3.0,"enemies":"Chosen","floor":19.0,"turns":5.0},{"damage":8.0,"enemies":"Sentry and Sphere","floor":22.0,"turns":6.0},{"damage":14.0,"enemies":"Gremlin Leader","floor":23.0,"turns":7.0},{"damage":54.0,"enemies":"Slavers","floor":25.0,"turns":8.0},{"damage":0.0,"enemies":"Centurion and Healer","floor":27.0,"turns":7.0},{"damage":0.0,"enemies":"Snecko","floor":29.0,"turns":6.0},{"damage":4.0,"enemies":"Snake Plant","floor":30.0,"turns":3.0},{"damage":0.0,"enemies":"Collector","floor":33.0,"turns":12.0},{"damage":0.0,"enemies":"3 Darklings","floor":35.0,"turns":4.0},{"damage":3.0,"enemies":"Orb Walker","floor":36.0,"turns":3.0},{"damage":0.0,"enemies":"Mind Bloom Boss Battle","floor":38.0,"turns":7.0},{"damage":0.0,"enemies":"Giant Head","floor":40.0,"turns":9.0},{"damage":0.0,"enemies":"Reptomancer","floor":42.0,"turns":7.0},{"damage":0.0,"enemies":"Spire Growth","floor":44.0,"turns":4.0},{"damage":0.0,"enemies":"4 Shapes","floor":45.0,"turns":2.0},{"damage":0.0,"enemies":"Nemesis","floor":46.0,"turns":5.0},{"damage":0.0,"enemies":"Giant Head","floor":48.0,"turns":6.0},{"damage":0.0,"enemies":"Donu and Deca","floor":50.0,"turns":7.0},{"damage":0.0,"enemies":"Shield and Spear","floor":54.0,"turns":4.0},{"damage":0,"enemies":"The Heart","floor":55,"turns":8}],"seed_played":"-4909585010863538718","potions_obtained":[{"floor":1.0,"key":"SteroidPotion"},{"floor":8.0,"key":"PowerPotion"},{"floor":13.0,"key":"Strength Potion"},{"floor":16.0,"key":"Swift Potion"},{"floor":19.0,"key":"GamblersBrew"},{"floor":29.0,"key":"FearPotion"},{"floor":30.0,"key":"Fire Potion"},{"floor":38.0,"key":"Dexterity Potion"},{"floor":48.0,"key":"Dexterity Potion"}],"is_trial":false,"path_per_floor":["M","M","M","?","?","E","R","M","T","R","M","R","M","E","R","B",null,"M","M","?","$","M","E","R","E","T","M","R","M","M","$","R","B",null,"M","M","?","?","?","E","R","E","T","M","M","E","?","E","R","B",null,"R","$","E","B",null],"character_chosen":"DEFECT","items_purchased":["Frozen Egg 2","Runic Capacitor","Recycle+1","Loop+1","Ancient Potion"],"campfire_rested":1,"item_purchase_floors":[21,53,53,53,53],"current_hp_per_floor":[69,69,67,67,56,27,27,19,19,19,10,32,22,20,20,20,75,75,72,72,72,71,64,64,20,20,30,30,40,46,46,46,56,75,75,72,72,75,75,75,75,75,75,75,75,75,75,76,76,77,77,77,77,78,79],"gold":88,"neow_bonus":"REMOVE_TWO","is_prod":false,"is_daily":false,"chose_seed":false,"campfire_upgraded":8,"win_rate":0,"timestamp":1561527850,"path_taken":["M","M","M","?","?","E","R","M","T","R","M","R","M","E","R","BOSS","M","M","?","$","M","E","R","E","T","M","R","M","M","$","R","BOSS","M","M","?","?","?","E","R","E","T","?","M","E","?","E","R","BOSS","R","$","E","BOSS"],"build_version":"2019-01-23","purchased_purges":2,"victory":true,"max_hp_per_floor":[75,75,75,75,75,75,75,75,75,75,75,75,75,75,75,75,75,75,75,75,75,75,75,75,75,75,75,75,75,75,75,75,75,75,75,75,75,75,75,75,75,75,75,75,75,75,75,76,76,77,77,77,77,78,79],"card_choices":[{"not_picked":["Beam Cell","Recycle"],"picked":"Conserve Battery","floor":1.0},{"not_picked":["Rebound","Aggregate","Stack"],"picked":"SKIP","floor":2.0},{"not_picked":["Rebound","Redo"],"picked":"Streamline","floor":3.0},{"not_picked":["Seek","Auto Shields"],"picked":"Cold Snap","floor":6.0},{"not_picked":["Double Energy","Compile Driver"],"picked":"Loop","floor":8.0},{"not_picked":["Darkness","Turbo"],"picked":"Cold Snap","floor":11.0},{"not_picked":["Steam Power","Force Field","Fusion"],"picked":"SKIP","floor":13.0},{"not_picked":["Buffer","Beam Cell"],"picked":"Glacier","floor":14.0},{"not_picked":["Biased Cognition","Rainbow+1"],"picked":"Electrodynamics","floor":16.0},{"not_picked":["Storm+1","Leap+1"],"picked":"Conserve Battery+1","floor":18.0},{"not_picked":["Redo+1","Doom and Gloom"],"picked":"Conserve Battery+1","floor":19.0},{"not_picked":["Conserve Battery+1","Rebound"],"picked":"Fusion+1","floor":22.0},{"not_picked":["Fusion+1","BootSequence+1"],"picked":"Heatsinks+1","floor":23.0},{"not_picked":["Sweeping Beam","Ball Lightning+1"],"picked":"Genetic Algorithm+1","floor":25.0},{"not_picked":["Heatsinks+1","Gash"],"picked":"Double Energy+1","floor":27.0},{"not_picked":["Leap+1","Reboot+1"],"picked":"Defragment+1","floor":29.0},{"not_picked":["Stack+1","Leap+1"],"picked":"BootSequence+1","floor":30.0},{"not_picked":["Reboot+1","Seek+1"],"picked":"Rainbow+1","floor":33.0},{"not_picked":["Conserve Battery+1","Sweeping Beam+1","Compile Driver"],"picked":"SKIP","floor":35.0},{"not_picked":["Turbo+1","Beam Cell"],"picked":"Glacier+1","floor":36.0},{"not_picked":["Self Repair+1","Steam Power+1"],"picked":"Hologram+1","floor":38.0},{"not_picked":["BootSequence+1","Fusion+1"],"picked":"Amplify+1","floor":40.0},{"not_picked":["Turbo+1","FTL+1"],"picked":"Chaos+1","floor":42.0},{"not_picked":["Stack+1","Auto Shields+1"],"picked":"Go for the Eyes+1","floor":44.0},{"not_picked":["Compile Driver+1","Chill+1","Barrage+1"],"picked":"SKIP","floor":45.0},{"not_picked":["Chill+1","All For One"],"picked":"Chaos+1","floor":46.0},{"not_picked":["Conserve Battery+1","Glacier+1"],"picked":"Skim+1","floor":48.0},{"not_picked":["Genetic Algorithm+1","Steam+1","Aggregate+1"],"picked":"SKIP","floor":54.0}],"player_experience":362183,"relics_obtained":[{"floor":6.0,"key":"Blue Candle"},{"floor":9.0,"key":"Gremlin Horn"},{"floor":14.0,"key":"Toxic Egg 2"},{"floor":23.0,"key":"Dream Catcher"},{"floor":25.0,"key":"Matryoshka"},{"floor":26.0,"key":"DataDisk"},{"floor":26.0,"key":"Bronze Scales"},{"floor":38.0,"key":"Turnip"},{"floor":40.0,"key":"Dodecahedron"},{"floor":40.0,"key":"Smiling Mask"},{"floor":42.0,"key":"Vajra"},{"floor":42.0,"key":"Symbiotic Virus"},{"floor":43.0,"key":"Mummified Hand"},{"floor":46.0,"key":"PreservedInsect"},{"floor":46.0,"key":"Happy Flower"},{"floor":48.0,"key":"Blood Vial"},{"floor":48.0,"key":"Ornamental Fan"},{"floor":54.0,"key":"Lantern"},{"floor":54.0,"key":"Incense Burner"}],"event_choices":[{"cards_removed":["Defend_B"],"damage_healed":0.0,"max_hp_gain":0.0,"max_hp_loss":0.0,"gold_gain":0.0,"event_name":"Living Wall","player_choice":"Forget","floor":4.0,"gold_loss":0.0,"damage_taken":0.0},{"damage_healed":0.0,"max_hp_gain":0.0,"max_hp_loss":0.0,"gold_gain":75.0,"event_name":"World of Goop","player_choice":"Gather Gold","floor":5.0,"gold_loss":0.0,"damage_taken":11.0},{"damage_healed":0.0,"max_hp_gain":0.0,"max_hp_loss":0.0,"gold_gain":0.0,"cards_transformed":["Strike_B","Defend_B"],"event_name":"Drug Dealer","player_choice":"Became Test Subject","floor":20.0,"gold_loss":0.0,"damage_taken":0.0,"cards_obtained":["Loop","Self Repair"]},{"cards_removed":["Streamline"],"damage_healed":0.0,"max_hp_gain":0.0,"max_hp_loss":0.0,"gold_gain":0.0,"event_name":"Falling","player_choice":"Removed Attack","floor":37.0,"gold_loss":0.0,"damage_taken":0.0},{"damage_healed":0.0,"max_hp_gain":0.0,"max_hp_loss":0.0,"gold_gain":0.0,"event_name":"MindBloom","player_choice":"Fight","floor":38.0,"gold_loss":0.0,"damage_taken":0.0},{"damage_healed":0.0,"max_hp_gain":0.0,"max_hp_loss":0.0,"gold_gain":0.0,"cards_transformed":["Defend_B"],"event_name":"Transmorgrifier","player_choice":"Transformed","floor":39.0,"gold_loss":0.0,"damage_taken":0.0,"cards_obtained":["Redo"]},{"damage_healed":0.0,"max_hp_gain":0.0,"max_hp_loss":0.0,"gold_gain":0.0,"event_name":"FaceTrader","player_choice":"Trade","floor":47.0,"gold_loss":0.0,"damage_taken":0.0,"relics_obtained":["FaceOfCleric"]}],"is_beta":false,"boss_relics":[{"not_picked":["Astrolabe","Sozu"],"picked":"Runic Pyramid"},{"not_picked":["White Beast Statue","Snecko Eye"],"picked":"Black Star"}],"items_purged_floors":[21,31],"is_endless":false,"potions_floor_spawned":[1,8,13,16,19,23,29,30,33,38,40,48],"ascension_level":1}