{"gold_per_floor":[115,127,140,150,150,150,184,184,208,222,222,239,252,252,252,329,329,343,376,376,333,30,30,30,58,58,58,58],"floor_reached":28,"playtime":930,"items_purged":["Writhe"],"score":476,"play_id":"8126a393-873e-472d-8d4f-3b4afa066ad6","local_time":"20190625120648","is_ascension_mode":true,"campfire_choices":[{"floor":6,"key":"REST"},{"floor":8,"key":"REST"},{"floor":15,"key":"REST"},{"floor":23,"key":"REST"},{"floor":27,"key":"REST"}],"neow_cost":"NONE","seed_source_timestamp":124203183684000,"circlet_count":0,"master_deck":["AscendersBane","Strike_G","Strike_G","Strike_G","Strike_G","Strike_G","Defend_G","Defend_G","Defend_G","Defend_G","Defend_G","Survivor","Neutralize","Sucker Punch","Backstab","Storm of Steel","Dodge and Roll","Flechettes","Backstab","PiercingWail","Predator","Adrenaline","Blade Dance+1","Backflip","Wraith Form v2"],"relics":["Ring of the Snake","Potion Belt","Strawberry","Smiling Mask","Runic Pyramid","Red Mask","Blood Vial","Membership Card","MutagenicStrength","Prayer Wheel","Frozen Egg 2"],"potions_floor_usage":[7,7,7,7,16,16,18,19,19,19,19,25,28],"damage_taken":[{"damage":15,"enemies":"Jaw Worm","floor":1,"turns":5},{"damage":4,"enemies":"2 Louse","floor":2,"turns":3},{"damage":1,"enemies":"Small Slimes","floor":3,"turns":3},{"damage":16,"enemies":"Exordium Thugs","floor":4,"turns":8},{"damage":22,"enemies":"3 Sentries","floor":7,"turns":11},{"damage":3,"enemies":"Blue Slaver","floor":10,"turns":5},{"damage":0,"enemies":"2 Fungi Beasts","floor":12,"turns":2},{"damage":12,"enemies":"Exordium Wildlife","floor":13,"turns":9},{"damage":48,"enemies":"Slime Boss","floor":16,"turns":11},{"damage":11,"enemies":"Chosen","floor":18,"turns":6},{"damage":15,"enemies":"Masked Bandits","floor":19,"turns":4},{"damage":20,"enemies":"2 Thieves","floor":21,"turns":5},{"damage":13,"enemies":"Book of Stabbing","floor":25,"turns":4},{"damage":63,"enemies":"Slavers","floor":28,"turns":11}],"seed_played":"-5488234054932705436","potions_obtained":[{"floor":3,"key":"EntropicBrew"},{"floor":4,"key":"EntropicBrew"},{"floor":10,"key":"Strength Potion"},{"floor":12,"key":"LiquidBronze"},{"floor":14,"key":"Regen Potion"},{"floor":16,"key":"Energy Potion"},{"floor":18,"key":"Explosive Potion"}],"is_trial":false,"path_per_floor":["M","M","M","M","?","R","E","R","T","M","?","M","M","?","R","B",null,"M","?","?","M","$","R","?","E","T","R","E"],"character_chosen":"THE_SILENT","items_purchased":["Membership Card","Wraith Form v2"],"campfire_rested":5,"item_purchase_floors":[22,22],"current_hp_per_floor":[50,46,45,29,18,39,24,47,47,44,44,44,32,32,55,22,65,54,39,39,21,21,44,44,33,33,56,0],"gold":58,"neow_bonus":"TEN_PERCENT_HP_BONUS","is_prod":false,"is_daily":false,"chose_seed":false,"campfire_upgraded":0,"win_rate":0,"timestamp":1561457208,"path_taken":["M","M","M","M","?","R","E","R","T","M","?","M","M","?","R","BOSS","M","?","?","M","$","R","?","E","T","R","E"],"build_version":"2019-06-24","purchased_purges":1,"victory":false,"max_hp_per_floor":[72,72,72,72,72,72,79,79,79,79,79,79,79,79,79,79,79,79,79,79,79,79,79,79,79,79,79,79],"card_choices":[{"not_picked":["Bane","Outmaneuver"],"picked":"Sucker Punch","floor":1},{"not_picked":["Flying Knee","Footwork"],"picked":"Backstab","floor":2},{"not_picked":["Flying Knee","Dodge and Roll"],"picked":"Storm of Steel","floor":3},{"not_picked":["Bane","Distraction"],"picked":"Dodge and Roll","floor":4},{"not_picked":["Deadly Poison","Poisoned Stab"],"picked":"Flechettes","floor":7},{"not_picked":["Deflect","Leg Sweep"],"picked":"Backstab","floor":10},{"not_picked":["Flying Knee","Heel Hook"],"picked":"PiercingWail","floor":12},{"not_picked":["Slice","Blade Dance"],"picked":"Predator","floor":13},{"not_picked":["Grand Finale","Wraith Form v2"],"picked":"Adrenaline","floor":16},{"not_picked":["Underhanded Strike","Prepared","Calculated Gamble"],"picked":"SKIP","floor":18},{"not_picked":["Cloak And Dagger","Catalyst"],"picked":"Blade Dance+1","floor":19},{"not_picked":["Terror","Catalyst"],"picked":"Backflip","floor":21},{"not_picked":["Riddle With Holes","Underhanded Strike","All Out Attack"],"picked":"SKIP","floor":25}],"player_experience":888430,"relics_obtained":[{"floor":7,"key":"Strawberry"},{"floor":9,"key":"Smiling Mask"},{"floor":19,"key":"Red Mask"},{"floor":25,"key":"Prayer Wheel"},{"floor":26,"key":"Frozen Egg 2"}],"event_choices":[{"damage_healed":0,"gold_gain":0,"player_choice":"Success","damage_taken":11,"relics_obtained":["Potion Belt"],"max_hp_gain":0,"max_hp_loss":0,"event_name":"Scrap Ooze","floor":5,"gold_loss":0},{"damage_healed":0,"gold_gain":0,"player_choice":"Ignored","damage_taken":0,"max_hp_gain":0,"max_hp_loss":0,"event_name":"Liars Game","floor":11,"gold_loss":0},{"damage_healed":0,"gold_gain":0,"player_choice":"Got Potions","damage_taken":0,"max_hp_gain":0,"max_hp_loss":0,"event_name":"Lab","floor":14,"gold_loss":0},{"damage_healed":0,"gold_gain":0,"player_choice":"Fought Bandits","damage_taken":0,"max_hp_gain":0,"max_hp_loss":0,"event_name":"Masked Bandits","floor":19,"gold_loss":0},{"damage_healed":0,"gold_gain":0,"player_choice":"Opened","damage_taken":0,"relics_obtained":["Blood Vial"],"max_hp_gain":0,"max_hp_loss":0,"event_name":"The Mausoleum","floor":20,"gold_loss":0,"cards_obtained":["Writhe"]},{"damage_healed":0,"gold_gain":0,"player_choice":"Inject Mutagens","damage_taken":0,"relics_obtained":["MutagenicStrength"],"max_hp_gain":0,"max_hp_loss":0,"event_name":"Drug Dealer","floor":24,"gold_loss":0}],"is_beta":true,"boss_relics":[{"not_picked":["Philosopher\u0027s Stone","Orrery"],"picked":"Runic Pyramid"}],"items_purged_floors":[22],"is_endless":false,"potions_floor_spawned":[3,4,10,12,16,18],"killed_by":"Slavers","ascension_level":20}