{"gold_per_floor":[114,114,127,138,150,178,178,59,131,157,157,173,49,49,49,151,151,171,189,200,219,319,319,319],"floor_reached":24,"playtime":2685,"items_purged":["Strike_G"],"score":208,"play_id":"f90151f3-1a08-488e-b368-22a8c33c9b06","local_time":"20181001225546","is_ascension_mode":false,"campfire_choices":[{"data":"Prepared","floor":7,"key":"SMITH"},{"floor":11,"key":"REST"},{"data":"Tactician","floor":15,"key":"SMITH"},{"floor":23,"key":"REST"}],"neow_cost":"NONE","seed_source_timestamp":1364298718251629,"circlet_count":0,"master_deck":["Defend_G","Defend_G","Defend_G","Defend_G","Defend_G","Strike_G","Strike_G+1","Strike_G","Strike_G","Survivor+1","Neutralize","Underhanded Strike","Tactician+1","Well Laid Plans","Blade Dance","Prepared+1","Die Die Die","Dagger Throw","Well Laid Plans","Acrobatics","Prepared","Pain","A Thousand Cuts","Dagger Throw","Dagger Spray","Quick Slash+1","Masterful Stab","Outmaneuver+1"],"relics":["Ring of the Snake","PreservedInsect","Tough Bandages","Darkstone Periapt","Juzu Bracelet","WarpedTongs","Black Star","Ice Cream","Matryoshka"],"potions_floor_usage":[6,20,21,21,22,22,24],"damage_taken":[{"damage":0,"enemies":"Jaw Worm","floor":1,"turns":6},{"damage":0,"enemies":"Small Slimes","floor":3,"turns":3},{"damage":0,"enemies":"Cultist","floor":4,"turns":3},{"damage":5,"enemies":"3 Louse","floor":5,"turns":4},{"damage":21,"enemies":"Lagavulin","floor":6,"turns":7},{"damage":2,"enemies":"Gremlin Nob","floor":10,"turns":3},{"damage":0,"enemies":"Exordium Thugs","floor":12,"turns":3},{"damage":8,"enemies":"Hexaghost","floor":16,"turns":12},{"damage":2,"enemies":"Shell Parasite","floor":18,"turns":6},{"damage":12,"enemies":"2 Thieves","floor":19,"turns":4},{"damage":15,"enemies":"Centurion and Healer","floor":20,"turns":6},{"damage":11,"enemies":"Snake Plant","floor":21,"turns":4},{"damage":11,"enemies":"Colosseum Slavers","floor":22,"turns":4},{"damage":19,"enemies":"Colosseum Nobs","floor":22,"turns":5},{"damage":28,"enemies":"Slavers","floor":24,"turns":4}],"seed_played":"875814415189108261","potions_obtained":[{"floor":1,"key":"GamblersBrew"},{"floor":6,"key":"Energy Potion"},{"floor":12,"key":"SneckoOil"},{"floor":16,"key":"PowerPotion"},{"floor":19,"key":"FearPotion"},{"floor":20,"key":"AttackPotion"},{"floor":21,"key":"PowerPotion"},{"floor":22,"key":"SkillPotion"}],"is_trial":false,"path_per_floor":["M","?","M","M","M","E","R","$","T","E","R","M","$","?","R","B",null,"M","M","M","M","?","R"],"character_chosen":"THE_SILENT","items_purchased":["Die Die Die","Dagger Throw","Prepared"],"campfire_rested":2,"item_purchase_floors":[8,8,13],"current_hp_per_floor":[70,56,56,56,51,30,30,30,30,28,49,49,49,55,55,47,76,74,62,47,36,6,28,0],"gold":319,"neow_bonus":"RANDOM_COMMON_RELIC","is_prod":false,"is_daily":false,"chose_seed":false,"campfire_upgraded":2,"win_rate":0.0,"timestamp":1538456146,"path_taken":["M","?","M","M","M","E","R","$","T","E","R","M","?","?","R","BOSS","M","M","M","M","?","R","E"],"build_version":"2018-09-27","purchased_purges":1,"victory":false,"max_hp_per_floor":[70,70,70,70,70,70,70,70,70,70,70,70,70,76,76,76,76,76,76,76,76,76,76,76],"card_choices":[{"not_picked":["Heel Hook","Outmaneuver"],"picked":"Underhanded Strike","floor":1},{"not_picked":["Calculated Gamble","Well Laid Plans"],"picked":"Tactician","floor":3},{"not_picked":["Footwork","Flying Knee"],"picked":"Well Laid Plans","floor":4},{"not_picked":["PiercingWail","Flechettes"],"picked":"Blade Dance","floor":5},{"not_picked":["Bouncing Flask","Terror"],"picked":"Prepared","floor":6},{"not_picked":["Bane","Corpse Explosion"],"picked":"Well Laid Plans","floor":10},{"not_picked":["Blade Dance","Bane"],"picked":"Acrobatics","floor":12},{"not_picked":["Glass Knife","Die Die Die"],"picked":"A Thousand Cuts","floor":16},{"not_picked":["Outmaneuver","Dodge and Roll"],"picked":"Dagger Throw","floor":18},{"not_picked":["Riddle With Holes+1","Deadly Poison"],"picked":"Dagger Spray","floor":19},{"not_picked":["Night Terror","Backflip"],"picked":"Quick Slash+1","floor":20},{"not_picked":["Dagger Spray","PiercingWail"],"picked":"Masterful Stab","floor":21},{"not_picked":["Riddle With Holes","Poisoned Stab"],"picked":"Outmaneuver+1","floor":22}],"player_experience":26965,"relics_obtained":[{"floor":6,"key":"Tough Bandages"},{"floor":9,"key":"Darkstone Periapt"},{"floor":10,"key":"Juzu Bracelet"},{"floor":22,"key":"Ice Cream"},{"floor":22,"key":"Matryoshka"}],"event_choices":[{"event_name":"Shining Light","player_choice":"Entered Light","floor":2,"damage_taken":0},{"event_name":"Accursed Blacksmith","player_choice":"Rummage","floor":14,"damage_taken":0},{"event_name":"Colosseum","player_choice":"Fight","floor":22,"damage_taken":0},{"event_name":"Colosseum","player_choice":"Fought Nobs","floor":22,"damage_taken":0}],"is_beta":false,"boss_relics":[{"not_picked":["Lizard Tail","Empty Cage"],"picked":"Black Star"}],"items_purged_floors":[13],"is_endless":false,"potions_floor_spawned":[1,6,12,16,19,20,21,22],"killed_by":"Slavers","ascension_level":0}