{"gold_per_floor":[117,136,136,136,150,174,174,207,207,226,38,38,58,78,78,174,174,188,208,208,208],"floor_reached":21,"playtime":585,"items_purged":[],"score":366,"play_id":"673dc36c-84f9-451c-a09e-0f044ef679d7","local_time":"20190515120304","is_ascension_mode":true,"campfire_choices":[{"floor":7.0,"key":"REST"},{"floor":12.0,"key":"REST"},{"data":"Inflame","floor":15.0,"key":"SMITH"}],"neow_cost":"NONE","seed_source_timestamp":8140808104400,"circlet_count":0,"master_deck":["AscendersBane","Strike_R","Strike_R","Strike_R","Strike_R","Strike_R+1","Defend_R","Defend_R","Defend_R","Defend_R","Bash","Cleave","Sword Boomerang+1","Feel No Pain","Inflame+1","Double Tap","Shrug It Off","Heavy Blade","Havoc","Shrug It Off","Demon Form","Power Through"],"special_seed":0,"relics":["Burning Blood","Bloody Idol","Pen Nib","Paper Frog","Regal Pillow","Philosopher\u0027s Stone"],"potions_floor_usage":[19],"damage_taken":[{"damage":9.0,"enemies":"Jaw Worm","floor":1.0,"turns":4.0},{"damage":5.0,"enemies":"2 Louse","floor":2.0,"turns":3.0},{"damage":1.0,"enemies":"Cultist","floor":5.0,"turns":3.0},{"damage":13.0,"enemies":"Blue Slaver","floor":6.0,"turns":4.0},{"damage":32.0,"enemies":"Lagavulin","floor":8.0,"turns":5.0},{"damage":4.0,"enemies":"Large Slime","floor":10.0,"turns":4.0},{"damage":17.0,"enemies":"2 Fungi Beasts","floor":13.0,"turns":4.0},{"damage":9.0,"enemies":"Exordium Wildlife","floor":14.0,"turns":4.0},{"damage":30.0,"enemies":"Hexaghost","floor":16.0,"turns":9.0},{"damage":20,"enemies":"Chosen","floor":18,"turns":5},{"damage":50,"enemies":"3 Byrds","floor":19,"turns":5},{"damage":21,"enemies":"Snake Plant","floor":21,"turns":2}],"seed_played":"4325791362598229244","potions_obtained":[{"floor":1.0,"key":"SteroidPotion"},{"floor":5.0,"key":"Fruit Juice"},{"floor":6.0,"key":"AttackPotion"},{"floor":14.0,"key":"Swift Potion"},{"floor":18,"key":"Weak Potion"}],"is_trial":false,"path_per_floor":["M","M","?","?","M","M","R","E","T","M","$","R","M","M","R","B",null,"M","M","?","M"],"character_chosen":"IRONCLAD","items_purchased":["Regal Pillow","Heavy Blade"],"campfire_rested":2,"item_purchase_floors":[11,11],"current_hp_per_floor":[72,73,48,20,30,23,49,23,23,25,25,66,55,52,52,28,72,58,14,14,0],"gold":208,"neow_bonus":"TEN_PERCENT_HP_BONUS","is_prod":false,"is_daily":false,"chose_seed":false,"campfire_upgraded":1,"win_rate":0,"timestamp":1557914584,"path_taken":["M","M","?","?","M","M","R","E","T","M","?","R","?","M","R","BOSS","M","?","?","M"],"build_version":"2019-05-07","purchased_purges":0,"victory":false,"max_hp_per_floor":[82,82,82,82,87,87,87,87,87,87,87,87,87,87,87,87,87,87,87,87,87],"card_choices":[{"not_picked":["Sentinel","Perfected Strike"],"picked":"Cleave","floor":1.0},{"not_picked":["Warcry","Entrench"],"picked":"Sword Boomerang","floor":2.0},{"not_picked":["Clothesline","Twin Strike"],"picked":"Feel No Pain","floor":5.0},{"not_picked":["True Grit","Clothesline"],"picked":"Inflame","floor":6.0},{"not_picked":["Bloodletting","Corruption"],"picked":"Double Tap","floor":8.0},{"not_picked":["Havoc","Armaments"],"picked":"Shrug It Off","floor":10.0},{"not_picked":["Perfected Strike","Armaments"],"picked":"Havoc","floor":13.0},{"not_picked":["Blood for Blood","Twin Strike"],"picked":"Shrug It Off","floor":14.0},{"not_picked":["Juggernaut","Dark Embrace"],"picked":"Demon Form","floor":16.0},{"not_picked":["Havoc","Reckless Charge","Clash"],"picked":"SKIP","floor":18},{"not_picked":["Cleave","Flex"],"picked":"Power Through","floor":19}],"player_experience":715259,"relics_obtained":[{"floor":8.0,"key":"Pen Nib"},{"floor":9.0,"key":"Paper Frog"}],"event_choices":[{"damage_healed":0.0,"max_hp_gain":0.0,"max_hp_loss":0.0,"gold_gain":0.0,"event_name":"Shining Light","player_choice":"Entered Light","floor":3.0,"gold_loss":0.0,"damage_taken":25.0,"cards_upgraded":["Sword Boomerang","Strike_R"]},{"damage_healed":0.0,"max_hp_gain":0.0,"max_hp_loss":0.0,"gold_gain":0.0,"event_name":"Golden Idol","player_choice":"Take Damage","floor":4.0,"gold_loss":0.0,"damage_taken":28.0,"relics_obtained":["Golden Idol"]},{"damage_healed":0,"gold_gain":0,"player_choice":"Gave Idol","damage_taken":0,"relics_obtained":["Bloody Idol"],"max_hp_gain":0,"max_hp_loss":0,"event_name":"Forgotten Altar","floor":20,"relics_lost":["Golden Idol"],"gold_loss":0}],"is_beta":true,"boss_relics":[{"not_picked":["Cursed Key","Empty Cage"],"picked":"Philosopher\u0027s Stone"}],"items_purged_floors":[],"is_endless":false,"potions_floor_spawned":[1,5,6,14,18],"killed_by":"Snake Plant","ascension_level":20}