{"gold_per_floor":[114,129,144,144,169,199,214,244,324,354,369,384,399,414,414,514,514,529,151,166,181,91,121,136,136,186,201,13,28,53,83,83,183,183,198,198,213,228,228,258,273,288,313,35,35,65,80,110,110,110],"floor_reached":51,"playtime":3840,"items_purged":[],"score":1005,"play_id":"874235d5-30d5-4cb0-912d-2dde34cb1b48","local_time":"20181011214209","daily_mods":["Shiny","Time Dilation","DeadlyEvents"],"is_ascension_mode":false,"campfire_choices":[{"data":"Fiend Fire","floor":15,"key":"SMITH"},{"floor":25,"key":"REST"},{"floor":32,"key":"REST"},{"floor":45,"key":"REST"},{"floor":49,"key":"REST"}],"neow_cost":"","seed_source_timestamp":0,"circlet_count":0,"master_deck":["Double Tap","Demon Form","Bludgeon","Feed","Limit Break","Barricade","Fiend Fire+1","Dark Embrace","Berserk","Impervious","Juggernaut","Brutality","Reaper","Exhume","Offering","Immolate","Strike_R","Strike_R","Strike_R","Strike_R","Defend_R","Defend_R","Defend_R","Defend_R","Bash","Flex","Flame Barrier+1","Whirlwind","Pommel Strike","Power Through","Immolate","Flex","Bloodletting","Iron Wave","Warcry","Rupture","Offering","Havoc","Transmutation","Warcry","Pommel Strike+1","Shrug It Off+1","Warcry","Rupture","Metallicize","Inflame+1","Feed","Perfected Strike","Whirlwind","Bloodletting","Exhume","Flex+1","Fiend Fire","Thunderclap+1","Mayhem","Transmutation","Impatience","Infernal Blade","Clash+1","Infernal Blade","Corruption+1","Offering","Master of Strategy","Ghostly Armor","Havoc","Body Slam+1","Spot Weakness","Shrug It Off+1","Power Through+1","Entrench+1"],"special_seed":17816,"relics":["Burning Blood","Omamori","Dream Catcher","Blood Vial","Tiny Chest","Bronze Scales","Fusion Hammer","Lantern","Art of War","Oddly Smooth Stone","PreservedInsect","Bag of Marbles","War Paint","Runic Pyramid","Unceasing Top","Potion Belt","Blue Candle","Letter Opener"],"potions_floor_usage":[6,8,12,13,16,16,21,40,50,50,50],"damage_taken":[{"damage":7,"enemies":"Small Slimes","floor":1,"turns":2},{"damage":6,"enemies":"Jaw Worm","floor":2,"turns":2},{"damage":6,"enemies":"Cultist","floor":3,"turns":3},{"damage":6,"enemies":"Gremlin Nob","floor":6,"turns":3},{"damage":25,"enemies":"Exordium Wildlife","floor":7,"turns":4},{"damage":6,"enemies":"3 Sentries","floor":8,"turns":5},{"damage":10,"enemies":"Lagavulin","floor":10,"turns":6},{"damage":7,"enemies":"Red Slaver","floor":11,"turns":2},{"damage":6,"enemies":"Blue Slaver","floor":12,"turns":2},{"damage":12,"enemies":"Exordium Thugs","floor":13,"turns":3},{"damage":0,"enemies":"Large Slime","floor":14,"turns":5},{"damage":67,"enemies":"Hexaghost","floor":16,"turns":6},{"damage":23,"enemies":"Shell Parasite","floor":18,"turns":4},{"damage":0,"enemies":"2 Thieves","floor":20,"turns":1},{"damage":17,"enemies":"Shelled Parasite and Fungi","floor":21,"turns":2},{"damage":29,"enemies":"Slavers","floor":23,"turns":3},{"damage":20,"enemies":"Chosen and Byrds","floor":24,"turns":3},{"damage":27,"enemies":"Sentry and Sphere","floor":27,"turns":3},{"damage":26,"enemies":"Centurion and Healer","floor":29,"turns":3},{"damage":15,"enemies":"Book of Stabbing","floor":31,"turns":4},{"damage":24,"enemies":"Automaton","floor":33,"turns":6},{"damage":6,"enemies":"Orb Walker","floor":35,"turns":2},{"damage":13,"enemies":"3 Darklings","floor":37,"turns":4},{"damage":6,"enemies":"Sphere and 2 Shapes","floor":38,"turns":2},{"damage":7,"enemies":"Nemesis","floor":40,"turns":3},{"damage":15,"enemies":"Maw","floor":41,"turns":5},{"damage":7,"enemies":"Spire Growth","floor":42,"turns":3},{"damage":6,"enemies":"2 Orb Walkers","floor":46,"turns":2},{"damage":31,"enemies":"Reptomancer","floor":47,"turns":3},{"damage":18,"enemies":"Giant Head","floor":48,"turns":1},{"damage":89,"enemies":"Awakened One","floor":50,"turns":9}],"seed_played":"-4401274191363558233","potions_obtained":[{"floor":1,"key":"AttackPotion"},{"floor":2,"key":"EssenceOfSteel"},{"floor":7,"key":"Strength Potion"},{"floor":8,"key":"Strength Potion"},{"floor":11,"key":"SkillPotion"},{"floor":12,"key":"SkillPotion"},{"floor":18,"key":"SkillPotion"},{"floor":29,"key":"Energy Potion"},{"floor":33,"key":"SpeedPotion"},{"floor":37,"key":"SkillPotion"},{"floor":40,"key":"Explosive Potion"},{"floor":48,"key":"BloodPotion"}],"is_trial":false,"path_per_floor":["M","M","M","?","T","E","M","E","T","E","M","M","M","M","R","B",null,"M","$","M","M","$","E","M","R","T","M","$","M","T","E","R","B",null,"M","?","M","M","?","E","M","M","T","$","R","E","M","E","R","B"],"character_chosen":"IRONCLAD","items_purchased":["Lantern","Transmutation","Warcry","Warcry","Rupture","PreservedInsect","Whirlwind","Master of Strategy","Ghostly Armor","Havoc"],"campfire_rested":4,"item_purchase_floors":[19,19,19,22,22,28,28,44,44,44],"current_hp_per_floor":[79,79,79,84,84,84,73,86,86,87,88,90,89,97,97,39,100,83,83,91,82,82,77,99,100,100,79,79,64,64,60,91,75,106,106,96,95,100,100,101,97,98,98,98,116,116,91,81,115,44],"gold":110,"neow_bonus":"","is_prod":false,"is_daily":true,"chose_seed":false,"campfire_upgraded":1,"win_rate":0,"timestamp":1539315729,"path_taken":["M","M","M","?","?","E","M","E","T","?","?","M","M","M","R","BOSS","M","$","M","M","$","E","M","R","T","M","$","M","?","E","R","BOSS","M","?","M","M","?","E","M","M","T","$","R","?","?","E","R","BOSS"],"build_version":"2018-10-11","purchased_purges":0,"victory":true,"max_hp_per_floor":[80,80,80,85,85,85,88,91,91,94,94,94,97,97,97,100,100,100,100,100,100,100,100,100,100,100,100,100,103,103,106,106,106,106,106,106,110,113,113,113,116,116,116,116,116,116,116,116,116,116],"card_choices":[{"not_picked":["Spot Weakness","Shrug It Off"],"picked":"Flex","floor":1},{"not_picked":["Clash","Second Wind"],"picked":"Flame Barrier","floor":2},{"not_picked":["Body Slam","Dropkick"],"picked":"Whirlwind","floor":3},{"not_picked":["Twin Strike","Ghostly Armor"],"picked":"Pommel Strike","floor":6},{"not_picked":["Heavy Blade","Rupture"],"picked":"Power Through","floor":7},{"not_picked":["Dual Wield","Rage"],"picked":"Immolate","floor":8},{"not_picked":["Wild Strike","Clash"],"picked":"Flex","floor":10},{"not_picked":["Pommel Strike","Fire Breathing"],"picked":"Bloodletting","floor":11},{"not_picked":["Sever Soul","Wild Strike"],"picked":"Iron Wave","floor":12},{"not_picked":["Twin Strike","Headbutt"],"picked":"Warcry","floor":13},{"not_picked":["Twin Strike","Dual Wield"],"picked":"Rupture","floor":14},{"not_picked":["Berserk","Impervious"],"picked":"Offering","floor":16},{"not_picked":["Clash","Wild Strike"],"picked":"Havoc","floor":18},{"not_picked":["Iron Wave+1","Wild Strike+1"],"picked":"Pommel Strike+1","floor":20},{"not_picked":["Headbutt","Seeing Red"],"picked":"Shrug It Off","floor":21},{"not_picked":["Pummel+1","Burning Pact"],"picked":"Metallicize","floor":23},{"not_picked":["Spot Weakness","Iron Wave+1"],"picked":"Inflame+1","floor":24},{"not_picked":["Sword Boomerang","Rampage"],"picked":"Feed","floor":25},{"not_picked":["Headbutt","Combust"],"picked":"Perfected Strike","floor":27},{"not_picked":["Clash","Wild Strike"],"picked":"Bloodletting","floor":29},{"not_picked":["True Grit","Anger"],"picked":"Exhume","floor":31},{"not_picked":["Hemokinesis","Perfected Strike"],"picked":"Flex+1","floor":32},{"not_picked":["Impervious","Dark Embrace"],"picked":"Fiend Fire","floor":33},{"not_picked":["Body Slam","Intimidate+1"],"picked":"Thunderclap+1","floor":35},{"not_picked":["Mind Blast","Bandage Up"],"picked":"Mayhem","floor":36},{"not_picked":["Panache","Impatience"],"picked":"Transmutation","floor":36},{"not_picked":["Jack Of All Trades","Bandage Up"],"picked":"Impatience","floor":36},{"not_picked":["Reckless Charge","Anger"],"picked":"Infernal Blade","floor":37},{"not_picked":["Evolve","Sword Boomerang"],"picked":"Clash+1","floor":38},{"not_picked":["Sword Boomerang","Anger+1"],"picked":"Infernal Blade","floor":40},{"not_picked":["Combust","Heavy Blade+1"],"picked":"Corruption+1","floor":41},{"not_picked":["Twin Strike+1","Infernal Blade+1"],"picked":"Offering","floor":42},{"not_picked":["Clothesline+1","Anger+1"],"picked":"Body Slam+1","floor":45},{"not_picked":["Pommel Strike","Heavy Blade+1"],"picked":"Spot Weakness","floor":46},{"not_picked":["Iron Wave","Clothesline"],"picked":"Shrug It Off+1","floor":47},{"not_picked":["Headbutt","Shrug It Off"],"picked":"Power Through+1","floor":48},{"not_picked":["Fiend Fire","Cleave"],"picked":"Entrench+1","floor":49}],"player_experience":96393,"relics_obtained":[{"floor":5,"key":"Omamori"},{"floor":6,"key":"Dream Catcher"},{"floor":8,"key":"Blood Vial"},{"floor":9,"key":"Tiny Chest"},{"floor":10,"key":"Bronze Scales"},{"floor":23,"key":"Art of War"},{"floor":26,"key":"Oddly Smooth Stone"},{"floor":30,"key":"Bag of Marbles"},{"floor":31,"key":"War Paint"},{"floor":40,"key":"Unceasing Top"},{"floor":43,"key":"Potion Belt"},{"floor":46,"key":"Blue Candle"},{"floor":48,"key":"Letter Opener"}],"event_choices":[{"event_name":"Big Fish","player_choice":"Donut","floor":4,"damage_taken":0},{"event_name":"SensoryStone","player_choice":"Memory 3","floor":36,"damage_taken":0},{"event_name":"Falling","player_choice":"Removed Attack","floor":39,"damage_taken":0}],"is_beta":false,"boss_relics":[{"not_picked":["Mark of Pain","Runic Dome"],"picked":"Fusion Hammer"},{"not_picked":["Snecko Eye","Busted Crown"],"picked":"Runic Pyramid"}],"items_purged_floors":[],"is_endless":false,"potions_floor_spawned":[1,2,7,8,11,12,18,29,33,37,40,42,48],"ascension_level":0}