{"gold_per_floor":[217,230,250,1,15,15,43,43,93,112,138,158,186,204,204,306,306,316,316,256,10,26,53,65,93,105,127,150,191,223,265,277,386,398,422,434,61,75,93,93,119,131,131,156,167,0,14,49,49,49],"floor_reached":51,"playtime":4702,"items_purged":["Defend_B"],"score":1475,"play_id":"fe4d7af7-30fd-409c-aab5-06ba518637e9","local_time":"20190625230537","is_ascension_mode":true,"campfire_choices":[{"data":"Zap","floor":6.0,"key":"SMITH"},{"data":"Dualcast","floor":8.0,"key":"SMITH"},{"data":"Buffer","floor":15.0,"key":"SMITH"},{"floor":32,"key":"REST"},{"floor":40,"key":"REST"},{"floor":49,"key":"REST"}],"neow_cost":"NONE","seed_source_timestamp":153136128298859,"circlet_count":0,"master_deck":["Strike_B","Strike_B+1","Strike_B","Defend_B","Defend_B","Zap+1","Dualcast+1","Cold Snap","FTL","Cold Snap","Cold Snap","Conserve Battery","Cold Snap","Chill+1","Redo+1","Buffer+1","Conserve Battery+1","Coolheaded+1","Echo Form","Conserve Battery+1","Seek+1","Defragment","FTL+1","Echo Form","Cold Snap","Cold Snap+1","Hologram+1","Seek+1","Streamline","Loop","Creative AI","Compile Driver","Consume+1","Master of Strategy+1","Finesse+1","Conserve Battery+1","Blizzard","Stack+1","Steam Power+1","Undo+1","Reboot+1","Sweeping Beam+1","Coolheaded+1"],"special_seed":0,"relics":["Cracked Core","Blood Vial","Toxic Egg 2","Boot","Art of War","Dodecahedron","Fusion Hammer","MawBank","Mercury Hourglass","Whetstone","Pantograph","Nuclear Battery","Omamori","Sundial","Smiling Mask","Red Mask","Bag of Preparation"],"potions_floor_usage":[23,23,29,31,31,38,45],"damage_taken":[{"damage":2.0,"enemies":"Jaw Worm","floor":1.0,"turns":4.0},{"damage":5.0,"enemies":"Small Slimes","floor":2.0,"turns":3.0},{"damage":0.0,"enemies":"Cultist","floor":3.0,"turns":3.0},{"damage":0.0,"enemies":"Looter","floor":5.0,"turns":3.0},{"damage":12.0,"enemies":"Gremlin Nob","floor":7.0,"turns":4.0},{"damage":5.0,"enemies":"Red Slaver","floor":10.0,"turns":3.0},{"damage":0.0,"enemies":"3 Sentries","floor":11.0,"turns":8.0},{"damage":0.0,"enemies":"Blue Slaver","floor":12.0,"turns":3.0},{"damage":1.0,"enemies":"Gremlin Nob","floor":13.0,"turns":5.0},{"damage":0.0,"enemies":"Looter","floor":14.0,"turns":3.0},{"damage":3.0,"enemies":"Slime Boss","floor":16.0,"turns":15.0},{"damage":0.0,"enemies":"3 Byrds","floor":18.0,"turns":6.0},{"damage":0.0,"enemies":"Shell Parasite","floor":22.0,"turns":5.0},{"damage":62,"enemies":"Gremlin Leader","floor":23,"turns":10},{"damage":5,"enemies":"Sentry and Sphere","floor":25,"turns":7},{"damage":0,"enemies":"Chosen and Byrds","floor":27,"turns":7},{"damage":13,"enemies":"Centurion and Healer","floor":28,"turns":5},{"damage":23,"enemies":"Slavers","floor":29,"turns":7},{"damage":2,"enemies":"Snecko","floor":30,"turns":5},{"damage":15,"enemies":"Book of Stabbing","floor":31,"turns":6},{"damage":0,"enemies":"Automaton","floor":33,"turns":11},{"damage":0,"enemies":"Orb Walker","floor":35,"turns":3},{"damage":6,"enemies":"3 Shapes","floor":38,"turns":5},{"damage":2,"enemies":"Sphere and 2 Shapes","floor":39,"turns":7},{"damage":30,"enemies":"Nemesis","floor":41,"turns":11},{"damage":9,"enemies":"Transient","floor":42,"turns":5},{"damage":0,"enemies":"Reptomancer","floor":44,"turns":8},{"damage":0,"enemies":"3 Darklings","floor":45,"turns":6},{"damage":2,"enemies":"Jaw Worm Horde","floor":47,"turns":4},{"damage":0,"enemies":"Giant Head","floor":48,"turns":9},{"damage":0,"enemies":"Awakened One","floor":50,"turns":16}],"seed_played":"5640776150713752395","potions_obtained":[{"floor":3.0,"key":"EssenceOfSteel"},{"floor":5.0,"key":"Regen Potion"},{"floor":10.0,"key":"SmokeBomb"},{"floor":14.0,"key":"Strength Potion"},{"floor":16.0,"key":"SkillPotion"},{"floor":25,"key":"Fruit Juice"},{"floor":27,"key":"Strength Potion"},{"floor":30,"key":"EssenceOfSteel"},{"floor":31,"key":"Fire Potion"},{"floor":39,"key":"Fruit Juice"},{"floor":41,"key":"SteroidPotion"},{"floor":44,"key":"Ancient Potion"},{"floor":47,"key":"SpeedPotion"}],"is_trial":false,"path_per_floor":["M","M","M","$","M","R","E","R","T","M","E","M","E","M","R","B",null,"M","?","?","$","M","E","?","M","T","M","M","E","M","E","R","B",null,"M","?","$","M","M","R","E","M","T","E","M","?","M","E","R","B",null],"character_chosen":"DEFECT","items_purchased":["Blood Vial","Cold Snap","Conserve Battery","Seek+1","Defragment","FTL","Master of Strategy+1","Finesse+1","Conserve Battery+1"],"campfire_rested":3,"item_purchase_floors":[4,4,4,21,21,21,37,37,37],"current_hp_per_floor":[66,61,61,61,63,63,53,53,53,50,52,54,55,57,57,56,70,72,63,63,63,65,14,75,70,70,72,61,40,40,32,56,80,80,80,80,80,74,74,80,50,43,43,45,52,52,52,54,79,85],"gold":49,"neow_bonus":"HUNDRED_GOLD","is_prod":false,"is_daily":false,"chose_seed":false,"campfire_upgraded":3,"win_rate":0,"timestamp":1561525537,"path_taken":["M","M","M","$","M","R","E","R","T","M","E","M","E","M","R","BOSS","M","?","?","$","?","E","?","M","T","M","M","E","M","E","R","BOSS","M","?","$","?","M","R","E","M","T","E","M","?","M","E","R","BOSS"],"build_version":"2019-01-23","purchased_purges":1,"victory":true,"max_hp_per_floor":[75,75,75,75,75,75,75,75,75,75,75,75,75,75,75,75,75,75,75,75,75,75,75,75,75,75,75,75,75,75,80,80,80,80,80,80,80,80,80,80,80,80,80,80,85,85,85,85,85,85],"card_choices":[{"not_picked":["Compile Driver","FTL"],"picked":"Cold Snap","floor":1.0},{"not_picked":["Reprogram","Scrape"],"picked":"FTL","floor":2.0},{"not_picked":["Rebound","Leap"],"picked":"Cold Snap","floor":3.0},{"not_picked":["Conserve Battery","Gash"],"picked":"Cold Snap","floor":5.0},{"not_picked":["Hologram","Rebound"],"picked":"Chill","floor":7.0},{"not_picked":["Rip and Tear","Sweeping Beam"],"picked":"Redo+1","floor":10.0},{"not_picked":["Fusion+1","Doom and Gloom"],"picked":"Buffer","floor":11.0},{"not_picked":["Blizzard","Redo+1"],"picked":"Conserve Battery+1","floor":12.0},{"not_picked":["Force Field+1","Reprogram+1","Hello World"],"picked":"SKIP","floor":13.0},{"not_picked":["Redo+1","Streamline"],"picked":"Coolheaded+1","floor":14.0},{"not_picked":["Seek+1","Multi-Cast+1"],"picked":"Echo Form","floor":16.0},{"not_picked":["Gash","Redo+1"],"picked":"Conserve Battery+1","floor":18.0},{"not_picked":["Turbo+1","Rip and Tear","Melter"],"picked":"SKIP","floor":22.0},{"not_picked":["Darkness+1","Streamline"],"picked":"Echo Form","floor":23},{"not_picked":["Barrage+1","Tempest+1"],"picked":"Cold Snap","floor":25},{"not_picked":["Rebound","Turbo+1"],"picked":"Cold Snap+1","floor":27},{"not_picked":["Reinforced Body+1","Compile Driver"],"picked":"Hologram+1","floor":28},{"not_picked":["Steam+1","Sweeping Beam+1"],"picked":"Seek+1","floor":29},{"not_picked":["Leap+1","Turbo+1"],"picked":"Streamline","floor":30},{"not_picked":["Sweeping Beam","Aggregate+1"],"picked":"Loop","floor":31},{"not_picked":["Thunder Strike","Fission+1"],"picked":"Creative AI","floor":33},{"not_picked":["Hello World","Stack+1"],"picked":"Compile Driver","floor":35},{"not_picked":["Gash+1","Sweeping Beam+1"],"picked":"Blizzard","floor":38},{"not_picked":["Turbo+1","Sweeping Beam+1"],"picked":"Stack+1","floor":39},{"not_picked":["Leap+1","Genetic Algorithm+1"],"picked":"Steam Power+1","floor":41},{"not_picked":["Beam Cell+1","Barrage"],"picked":"Undo+1","floor":42},{"not_picked":["Self Repair+1","Genetic Algorithm+1"],"picked":"Reboot+1","floor":44},{"not_picked":["Lockon+1","Leap+1"],"picked":"Sweeping Beam+1","floor":45},{"not_picked":["Ball Lightning","Leap+1","Barrage"],"picked":"SKIP","floor":47},{"not_picked":["Sweeping Beam+1","Melter"],"picked":"Coolheaded+1","floor":48}],"player_experience":382703,"relics_obtained":[{"floor":7.0,"key":"Toxic Egg 2"},{"floor":9.0,"key":"Boot"},{"floor":11.0,"key":"Art of War"},{"floor":13.0,"key":"Dodecahedron"},{"floor":23,"key":"MawBank"},{"floor":26,"key":"Mercury Hourglass"},{"floor":29,"key":"Whetstone"},{"floor":31,"key":"Pantograph"},{"floor":41,"key":"Omamori"},{"floor":43,"key":"Sundial"},{"floor":44,"key":"Smiling Mask"},{"floor":48,"key":"Bag of Preparation"}],"event_choices":[{"damage_healed":0.0,"max_hp_gain":0.0,"max_hp_loss":0.0,"gold_gain":0.0,"event_name":"Cursed Tome","player_choice":"Stopped","floor":19.0,"gold_loss":0.0,"damage_taken":9.0},{"damage_healed":0.0,"max_hp_gain":0.0,"max_hp_loss":0.0,"gold_gain":0.0,"cards_transformed":["Defend_B","Strike_B"],"event_name":"Designer","player_choice":"Transformed Cards","floor":20.0,"gold_loss":60.0,"damage_taken":0.0,"cards_obtained":["Recycle","Recycle"]},{"cards_removed":["Recycle"],"damage_healed":61,"gold_gain":0,"player_choice":"Offered Uncommon","damage_taken":0,"max_hp_gain":0,"max_hp_loss":0,"event_name":"Bonfire Elementals","floor":24,"gold_loss":0},{"damage_healed":0,"gold_gain":0,"cards_transformed":["Recycle"],"player_choice":"Transformed","damage_taken":0,"max_hp_gain":0,"max_hp_loss":0,"event_name":"Transmorgrifier","floor":36,"gold_loss":0,"cards_obtained":["Consume"]},{"damage_healed":0,"gold_gain":0,"player_choice":"Paid","damage_taken":0,"relics_obtained":["Red Mask"],"max_hp_gain":0,"max_hp_loss":0,"event_name":"Tomb of Lord Red Mask","floor":46,"gold_loss":167}],"is_beta":false,"boss_relics":[{"not_picked":["Runic Pyramid","Orrery"],"picked":"Fusion Hammer"},{"not_picked":["Calling Bell","Tiny House"],"picked":"Nuclear Battery"}],"items_purged_floors":[37],"is_endless":false,"potions_floor_spawned":[3,5,10,14,16,18,25,27,30,31,39,41,44,47],"ascension_level":9}