{"gold_per_floor":[110,126,126,24,38,71,71,109,109,109,152,167,188,227,227,358,358,382,420,441,441],"floor_reached":21,"playtime":1346,"items_purged":[],"score":257,"play_id":"91fe17f2-7aca-41bd-b674-0c236cc52a03","local_time":"20181119213756","is_ascension_mode":true,"campfire_choices":[{"floor":7,"key":"REST"},{"floor":10,"key":"REST"},{"data":"Storm","floor":15,"key":"SMITH"}],"neow_cost":"NONE","seed_source_timestamp":329323232906666,"circlet_count":0,"master_deck":["Strike_B","Strike_B","Strike_B+1","Strike_B+1","Defend_B","Defend_B+1","Defend_B","Defend_B+1","Zap","Dualcast","Turbo","Genetic Algorithm","Storm+1","Conserve Battery","Sweeping Beam","Sweeping Beam","Defragment","Sweeping Beam","Conserve Battery","Hello World","Meteor Strike","Thunder Strike","White Noise+1","Doom and Gloom","Stack"],"relics":["Cracked Core","NeowsBlessing","Golden Idol","Whetstone","Blue Candle","Pen Nib","War Paint","Bag of Marbles","Cursed Key","Red Mask"],"potions_floor_usage":[6,8,11,14,21],"damage_taken":[{"damage":0,"enemies":"Small Slimes","floor":1,"turns":1},{"damage":0,"enemies":"2 Louse","floor":2,"turns":1},{"damage":0,"enemies":"Jaw Worm","floor":5,"turns":1},{"damage":28,"enemies":"3 Sentries","floor":6,"turns":8},{"damage":25,"enemies":"Lagavulin","floor":8,"turns":9},{"damage":6,"enemies":"Gremlin Nob","floor":11,"turns":4},{"damage":0,"enemies":"Looter","floor":12,"turns":3},{"damage":8,"enemies":"Gremlin Gang","floor":13,"turns":2},{"damage":0,"enemies":"3 Sentries","floor":14,"turns":4},{"damage":12,"enemies":"The Guardian","floor":16,"turns":9},{"damage":0,"enemies":"Spheric Guardian","floor":18,"turns":3},{"damage":60,"enemies":"Masked Bandits","floor":19,"turns":4},{"damage":7,"enemies":"Chosen","floor":20,"turns":4},{"damage":11,"enemies":"Colosseum Slavers","floor":21,"turns":1}],"seed_played":"2175266303872134868","potions_obtained":[{"floor":1,"key":"Regen Potion"},{"floor":6,"key":"SpeedPotion"},{"floor":8,"key":"Block Potion"},{"floor":13,"key":"Dexterity Potion"},{"floor":19,"key":"Swift Potion"},{"floor":20,"key":"Ancient Potion"}],"is_trial":false,"path_per_floor":["M","M","?","$","M","E","R","E","T","R","E","M","M","E","R","B",null,"M","?","M","?"],"character_chosen":"DEFECT","items_purchased":["Storm","Conserve Battery"],"campfire_rested":2,"item_purchase_floors":[4,4],"current_hp_per_floor":[75,75,57,57,57,44,66,41,41,63,57,57,49,49,49,37,75,75,15,8,0],"gold":441,"neow_bonus":"THREE_ENEMY_KILL","is_prod":false,"is_daily":false,"chose_seed":false,"campfire_upgraded":1,"win_rate":0,"timestamp":1542688676,"path_taken":["M","M","?","$","M","E","R","E","T","R","E","M","M","E","R","BOSS","M","?","M","?"],"build_version":"2018-11-15","purchased_purges":0,"victory":false,"max_hp_per_floor":[75,75,75,75,75,75,75,75,75,75,75,75,75,75,75,75,75,75,75,75,75],"card_choices":[{"not_picked":["Blizzard","Redo"],"picked":"Turbo","floor":1},{"not_picked":["Self Repair","Barrage"],"picked":"Genetic Algorithm","floor":2},{"not_picked":["Scrape","Streamline"],"picked":"Sweeping Beam","floor":5},{"not_picked":["Streamline","Hyperbeam"],"picked":"Sweeping Beam","floor":6},{"not_picked":["Reboot","Beam Cell"],"picked":"Defragment","floor":8},{"not_picked":["Chill","Blizzard"],"picked":"Sweeping Beam","floor":11},{"not_picked":["Go for the Eyes","Steam"],"picked":"Conserve Battery","floor":12},{"not_picked":["Rip and Tear","Ball Lightning"],"picked":"Hello World","floor":13},{"not_picked":["Redo","Compile Driver"],"picked":"Meteor Strike","floor":14},{"not_picked":["Buffer","Amplify"],"picked":"Thunder Strike","floor":16},{"not_picked":["Scrape","Stack"],"picked":"White Noise+1","floor":18},{"not_picked":["Streamline","Undo"],"picked":"Doom and Gloom","floor":19},{"not_picked":["Steam Power","Gash"],"picked":"Stack","floor":20}],"player_experience":150141,"relics_obtained":[{"floor":6,"key":"Whetstone"},{"floor":8,"key":"Blue Candle"},{"floor":9,"key":"Pen Nib"},{"floor":11,"key":"War Paint"},{"floor":14,"key":"Bag of Marbles"},{"floor":19,"key":"Red Mask"}],"event_choices":[{"damage_healed":0,"gold_gain":0,"player_choice":"Take Damage","damage_taken":18,"relics_obtained":["Golden Idol"],"max_hp_gain":0,"max_hp_loss":0,"event_name":"Golden Idol","floor":3,"gold_loss":0},{"damage_healed":0,"gold_gain":0,"player_choice":"Fought Bandits","damage_taken":0,"max_hp_gain":0,"max_hp_loss":0,"event_name":"Masked Bandits","floor":19,"gold_loss":0},{"damage_healed":0,"gold_gain":0,"player_choice":"Fight","damage_taken":0,"max_hp_gain":0,"max_hp_loss":0,"event_name":"Colosseum","floor":21,"gold_loss":0}],"is_beta":false,"boss_relics":[{"not_picked":["Sozu","Calling Bell"],"picked":"Cursed Key"}],"items_purged_floors":[],"is_endless":false,"potions_floor_spawned":[1,6,8,13,19,20],"killed_by":"Colosseum Slavers","ascension_level":2}