{"gold_per_floor":[111,111,130,141,158,190,200,200,225,225,245,272,286,311,311,412,412,425,425,26,26,45,79,99,117,202,202],"floor_reached":27,"playtime":1684,"items_purged":[],"score":321,"play_id":"82b5c820-1c72-49bb-8cea-aa2d38c81bb3","local_time":"20190606214530","is_ascension_mode":true,"campfire_choices":[{"data":"Zap","floor":8,"key":"SMITH"},{"floor":10,"key":"REST"},{"data":"Sunder","floor":15,"key":"SMITH"}],"neow_cost":"NONE","seed_source_timestamp":1456438171918494,"circlet_count":0,"master_deck":["Strike_B+1","Strike_B+1","Strike_B+1","Strike_B+1","Defend_B+1","Defend_B+1","Defend_B+1","Defend_B+1","Zap+1","Dualcast","Leap","Regret","Chaos","Ball Lightning","Rebound","Rainbow","Scrape","Sunder+1","Auto Shields","Consume","Ball Lightning","Buffer","Glacier+1","Dramatic Entrance","Beam Cell","Gash+1","Go for the Eyes","Rebound","Glacier+1"],"relics":["Cracked Core","NeowsBlessing","Orichalcum","Bag of Marbles","Omamori","Lantern","Pen Nib","Sozu","Shuriken","Darkstone Periapt","Bag of Preparation","Tiny Chest"],"potions_floor_usage":[6,6,12,12,12,16,16,16],"damage_taken":[{"damage":0,"enemies":"2 Louse","floor":1,"turns":1},{"damage":0,"enemies":"Small Slimes","floor":3,"turns":1},{"damage":0,"enemies":"Jaw Worm","floor":4,"turns":1},{"damage":2,"enemies":"3 Louse","floor":5,"turns":3},{"damage":20,"enemies":"3 Sentries","floor":6,"turns":5},{"damage":4,"enemies":"2 Fungi Beasts","floor":7,"turns":3},{"damage":5,"enemies":"Exordium Wildlife","floor":11,"turns":4},{"damage":14,"enemies":"Lagavulin","floor":12,"turns":4},{"damage":2,"enemies":"Gremlin Gang","floor":13,"turns":4},{"damage":6,"enemies":"3 Sentries","floor":14,"turns":5},{"damage":22,"enemies":"Hexaghost","floor":16,"turns":7},{"damage":11,"enemies":"Shell Parasite","floor":18,"turns":6},{"damage":0,"enemies":"Spheric Guardian","floor":22,"turns":3},{"damage":16,"enemies":"Book of Stabbing","floor":23,"turns":5},{"damage":4,"enemies":"Centurion and Healer","floor":24,"turns":2},{"damage":0,"enemies":"Chosen and Byrds","floor":25,"turns":3},{"damage":39,"enemies":"Gremlin Leader","floor":27,"turns":5}],"seed_played":"-594742591605882461","potions_obtained":[{"floor":1,"key":"GamblersBrew"},{"floor":3,"key":"Energy Potion"},{"floor":4,"key":"Explosive Potion"},{"floor":7,"key":"EntropicBrew"},{"floor":14,"key":"PowerPotion"}],"is_trial":false,"path_per_floor":["M","?","M","M","M","E","M","R","T","R","M","E","M","E","R","B",null,"M","?","$","?","M","E","M","M","T","E"],"character_chosen":"DEFECT","items_purchased":["Shuriken","Dramatic Entrance","Beam Cell"],"campfire_rested":1,"item_purchase_floors":[20,20,20],"current_hp_per_floor":[75,75,75,75,73,53,49,49,49,71,66,52,50,44,44,49,69,58,58,58,58,58,42,38,38,38,0],"gold":202,"neow_bonus":"THREE_ENEMY_KILL","is_prod":false,"is_daily":false,"chose_seed":false,"campfire_upgraded":2,"win_rate":0,"timestamp":1559879130,"path_taken":["M","?","M","M","M","E","M","R","T","R","M","E","M","E","R","BOSS","M","?","$","?","M","E","M","M","T","E"],"build_version":"2019-01-23","purchased_purges":0,"victory":false,"max_hp_per_floor":[75,75,75,75,75,75,75,75,75,75,75,75,75,75,75,75,75,75,75,75,75,75,75,75,75,75,75],"card_choices":[{"not_picked":["Blizzard","Redo"],"picked":"Leap","floor":1},{"not_picked":["Stack","Lockon"],"picked":"Chaos","floor":3},{"not_picked":["Cold Snap","Beam Cell"],"picked":"Ball Lightning","floor":4},{"not_picked":["Turbo","Beam Cell"],"picked":"Rebound","floor":5},{"not_picked":["Capacitor","Double Energy"],"picked":"Rainbow","floor":6},{"not_picked":["Gash","Leap"],"picked":"Scrape","floor":7},{"not_picked":["Leap","Go for the Eyes"],"picked":"Sunder","floor":11},{"not_picked":["Force Field","Darkness"],"picked":"Auto Shields","floor":12},{"not_picked":["Compile Driver","Lockon"],"picked":"Consume","floor":13},{"not_picked":["Compile Driver","Rebound"],"picked":"Ball Lightning","floor":14},{"not_picked":["Reboot","Meteor Strike"],"picked":"Buffer","floor":16},{"not_picked":["Compile Driver","Blizzard+1"],"picked":"Glacier+1","floor":18},{"not_picked":["Go for the Eyes","Darkness"],"picked":"Gash+1","floor":22},{"not_picked":["Reprogram","Meteor Strike"],"picked":"Go for the Eyes","floor":23},{"not_picked":["Redo","Stack"],"picked":"Rebound","floor":24},{"not_picked":["Darkness","Melter"],"picked":"Glacier+1","floor":25}],"player_experience":331150,"relics_obtained":[{"floor":6,"key":"Bag of Marbles"},{"floor":9,"key":"Omamori"},{"floor":12,"key":"Lantern"},{"floor":14,"key":"Pen Nib"},{"floor":23,"key":"Bag of Preparation"},{"floor":26,"key":"Tiny Chest"}],"event_choices":[{"damage_healed":0,"gold_gain":0,"player_choice":"Box","damage_taken":0,"relics_obtained":["Orichalcum"],"max_hp_gain":0,"max_hp_loss":0,"event_name":"Big Fish","floor":2,"gold_loss":0,"cards_obtained":["Regret"]},{"damage_healed":0,"gold_gain":0,"player_choice":"Simplicity","damage_taken":0,"max_hp_gain":0,"max_hp_loss":0,"event_name":"Back to Basics","floor":19,"gold_loss":0,"cards_upgraded":["Strike_B","Strike_B","Strike_B","Strike_B","Defend_B","Defend_B","Defend_B","Defend_B"]},{"damage_healed":0,"gold_gain":0,"player_choice":"Stole Relic","damage_taken":0,"relics_obtained":["Darkstone Periapt"],"max_hp_gain":0,"max_hp_loss":0,"event_name":"Addict","floor":21,"gold_loss":0,"cards_obtained":["Shame"]}],"is_beta":false,"boss_relics":[{"not_picked":["Runic Pyramid","Philosopher\u0027s Stone"],"picked":"Sozu"}],"items_purged_floors":[],"is_endless":false,"potions_floor_spawned":[1,3,4,7,14,24,25],"killed_by":"Gremlin Leader","ascension_level":5}