{"gold_per_floor":[114,144,35,35,104,119,154,154,181,212,212,239,239,252,252,355,355,372,388,388,403,403,403,413,445,445,478,492,518,518,534,534,639,639,652,11,29,42,52,83,83,116,163,163,173,202,202,214,214,214],"floor_reached":51,"playtime":7054,"items_purged":["Regret"],"score":1074,"play_id":"23ab1fb6-6926-4dd9-b3e1-1820a56bb4e8","local_time":"20190512151825","is_ascension_mode":true,"campfire_choices":[{"data":"Auto Shields","floor":8,"key":"SMITH"},{"data":"Skim","floor":11,"key":"SMITH"},{"floor":15,"key":"REST"},{"data":"Stack","floor":23,"key":"SMITH"},{"data":"Echo Form","floor":30,"key":"SMITH"},{"data":"Creative AI","floor":32,"key":"SMITH"},{"data":"Capacitor","floor":44,"key":"SMITH"},{"data":"Body Slam","floor":47,"key":"SMITH"},{"data":"Chill","floor":49,"key":"SMITH"}],"neow_cost":"NONE","seed_source_timestamp":2585665369688288,"circlet_count":0,"master_deck":["Defend_B+1","Defend_B","Defend_B","Defend_B","Defragment","Reinforced Body","Auto Shields+1","Gash","Skim+1","FTL+1","Stack+1","Echo Form+1","Stack+1","BootSequence","Bite","Bite","Bite","Bite","Bite","White Noise+1","Skim","Glacier+1","Genetic Algorithm","Self Repair","Defragment","Creative AI+1","Electrodynamics","Go for the Eyes","Chill+1","Double Energy","Capacitor+1","Melter","Barrage","Blur","Body Slam+1","Beam Cell","Chrysalis","Scrape","Armaments+1","Flying Knee+1","Fusion"],"relics":["Cracked Core","NeowsBlessing","Tiny Chest","Gremlin Horn","Anchor","Strawberry","Dodecahedron","Runic Pyramid","Ancient Tea Set","Bottled Flame","Letter Opener","Symbiotic Virus","Coffee Dripper","PrismaticShard","Bag of Marbles","Lantern","PreservedInsect","Smiling Mask","Molten Egg 2"],"potions_floor_usage":[12,16,18,25,27,27,45,45,45,50,50],"damage_taken":[{"damage":0,"enemies":"2 Louse","floor":1,"turns":1},{"damage":0,"enemies":"Jaw Worm","floor":6,"turns":1},{"damage":0,"enemies":"Lagavulin","floor":7,"turns":1},{"damage":32,"enemies":"Gremlin Nob","floor":10,"turns":5},{"damage":15,"enemies":"3 Sentries","floor":12,"turns":10},{"damage":0,"enemies":"Cultist","floor":14,"turns":4},{"damage":30,"enemies":"The Guardian","floor":16,"turns":17},{"damage":10,"enemies":"3 Byrds","floor":18,"turns":5},{"damage":5,"enemies":"Shell Parasite","floor":19,"turns":16},{"damage":30,"enemies":"Snake Plant","floor":21,"turns":8},{"damage":6,"enemies":"Cultist and Chosen","floor":24,"turns":9},{"damage":7,"enemies":"Gremlin Leader","floor":25,"turns":8},{"damage":27,"enemies":"Book of Stabbing","floor":27,"turns":10},{"damage":0,"enemies":"Snecko","floor":28,"turns":10},{"damage":74,"enemies":"Gremlin Leader","floor":29,"turns":11},{"damage":5,"enemies":"Centurion and Healer","floor":31,"turns":12},{"damage":0,"enemies":"Automaton","floor":33,"turns":19},{"damage":0,"enemies":"3 Shapes","floor":35,"turns":4},{"damage":8,"enemies":"3 Darklings","floor":37,"turns":6},{"damage":0,"enemies":"Maw","floor":38,"turns":8},{"damage":0,"enemies":"Sphere and 2 Shapes","floor":39,"turns":3},{"damage":67,"enemies":"Reptomancer","floor":40,"turns":7},{"damage":9,"enemies":"Nemesis","floor":42,"turns":7},{"damage":57,"enemies":"Transient","floor":45,"turns":5},{"damage":0,"enemies":"Giant Head","floor":46,"turns":7},{"damage":16,"enemies":"3 Darklings","floor":48,"turns":4},{"damage":29,"enemies":"Donu and Deca","floor":50,"turns":11}],"seed_played":"2113761719822974747","potions_obtained":[{"floor":1,"key":"FairyPotion"},{"floor":10,"key":"Block Potion"},{"floor":12,"key":"Fire Potion"},{"floor":16,"key":"PowerPotion"},{"floor":19,"key":"Explosive Potion"},{"floor":24,"key":"FocusPotion"},{"floor":25,"key":"FocusPotion"},{"floor":33,"key":"SteroidPotion"},{"floor":35,"key":"EntropicBrew"},{"floor":37,"key":"FearPotion"},{"floor":48,"key":"FearPotion"}],"is_trial":false,"path_per_floor":["M","?","$","?","T","M","E","R","T","E","R","E","?","M","R","B",null,"M","M","?","M","?","R","M","E","T","E","M","E","R","M","R","B",null,"M","$","M","M","M","E","?","E","T","R","M","E","R","M","R","B",null],"character_chosen":"DEFECT","items_purchased":["Reinforced Body","Chill","Double Energy","Capacitor","Melter","PrismaticShard","Bag of Marbles","Barrage"],"campfire_rested":1,"item_purchase_floors":[3,36,36,36,36,36,36,36],"current_hp_per_floor":[75,75,75,68,68,68,68,68,68,45,45,32,16,18,42,14,82,72,69,69,59,59,59,81,82,82,71,82,53,53,82,82,82,82,82,82,82,82,82,37,37,50,50,50,10,29,29,24,24,7],"gold":214,"neow_bonus":"THREE_ENEMY_KILL","is_prod":false,"is_daily":false,"chose_seed":false,"campfire_upgraded":8,"win_rate":0,"timestamp":1557695905,"path_taken":["M","?","$","?","?","?","E","R","T","E","R","E","?","M","R","BOSS","M","M","?","M","?","R","?","E","T","E","M","E","R","M","R","BOSS","M","$","M","M","M","E","?","E","T","R","M","E","R","M","R","BOSS"],"build_version":"2019-01-23","purchased_purges":1,"victory":true,"max_hp_per_floor":[75,75,75,75,75,75,75,75,75,82,82,82,82,82,82,82,82,82,82,82,82,82,82,82,82,82,82,82,82,82,82,82,82,82,82,82,82,82,82,82,82,82,82,82,82,82,82,82,82,82],"card_choices":[{"not_picked":["Static Discharge","Blizzard"],"picked":"Defragment","floor":1},{"not_picked":["Chaos","Barrage"],"picked":"Auto Shields","floor":6},{"not_picked":["Coolheaded","Streamline"],"picked":"Gash","floor":7},{"not_picked":["Hologram","Compile Driver"],"picked":"Skim","floor":10},{"not_picked":["Ball Lightning","Sweeping Beam"],"picked":"FTL","floor":12},{"not_picked":["Barrage","Beam Cell"],"picked":"Stack","floor":14},{"not_picked":["Fission","Amplify"],"picked":"Echo Form","floor":16},{"not_picked":["Leap","Rebound+1"],"picked":"Stack+1","floor":18},{"not_picked":["Static Discharge","Hologram"],"picked":"BootSequence","floor":19},{"not_picked":["Doom and Gloom","Sunder"],"picked":"White Noise+1","floor":21},{"not_picked":["Lockon","Redo"],"picked":"Skim","floor":24},{"not_picked":["Streamline","Recycle+1"],"picked":"Glacier+1","floor":25},{"not_picked":["Compile Driver+1","Cold Snap+1"],"picked":"Genetic Algorithm","floor":27},{"not_picked":["Steam Power+1","Darkness+1"],"picked":"Self Repair","floor":28},{"not_picked":["Chaos","Ball Lightning"],"picked":"Defragment","floor":29},{"not_picked":["Darkness","Compile Driver"],"picked":"Creative AI","floor":31},{"not_picked":["Machine Learning","Biased Cognition"],"picked":"Electrodynamics","floor":33},{"not_picked":["Coolheaded","Leap"],"picked":"Go for the Eyes","floor":35},{"not_picked":["Slice","Prepared"],"picked":"Blur","floor":37},{"not_picked":["Power Through+1","Capacitor"],"picked":"Body Slam","floor":38},{"not_picked":["Flex+1","Twin Strike"],"picked":"Beam Cell","floor":39},{"not_picked":["Blade Dance","Clash"],"picked":"Chrysalis","floor":40},{"not_picked":["Redo+1","Power Through+1"],"picked":"Scrape","floor":42},{"not_picked":["Flex","Underhanded Strike+1"],"picked":"Armaments+1","floor":45},{"not_picked":["Dagger Spray","Deadly Poison+1"],"picked":"Flying Knee","floor":46},{"not_picked":["Skim+1","Twin Strike+1"],"picked":"Fusion","floor":48}],"player_experience":177553,"relics_obtained":[{"floor":5,"key":"Gremlin Horn"},{"floor":7,"key":"Anchor"},{"floor":9,"key":"Blood Vial"},{"floor":10,"key":"Strawberry"},{"floor":12,"key":"Dodecahedron"},{"floor":25,"key":"Ancient Tea Set"},{"floor":26,"key":"Bottled Flame"},{"floor":27,"key":"Letter Opener"},{"floor":29,"key":"Symbiotic Virus"},{"floor":40,"key":"Lantern"},{"floor":42,"key":"PreservedInsect"},{"floor":43,"key":"Smiling Mask"},{"floor":46,"key":"Molten Egg 2"}],"event_choices":[{"damage_healed":0,"gold_gain":0,"player_choice":"Box","damage_taken":0,"relics_obtained":["Tiny Chest"],"max_hp_gain":0,"max_hp_loss":0,"event_name":"Big Fish","floor":2,"gold_loss":0,"cards_obtained":["Regret"]},{"cards_removed":["Zap"],"damage_healed":0,"gold_gain":0,"player_choice":"Card Removal","damage_taken":7,"max_hp_gain":0,"max_hp_loss":0,"event_name":"Golden Wing","floor":4,"gold_loss":0},{"damage_healed":0,"gold_gain":0,"player_choice":"Entered Light","damage_taken":16,"max_hp_gain":0,"max_hp_loss":0,"event_name":"Shining Light","floor":13,"gold_loss":0,"cards_upgraded":["FTL","Defend_B"]},{"damage_healed":0,"gold_gain":0,"player_choice":"Became a vampire (Vial)","damage_taken":0,"max_hp_gain":0,"max_hp_loss":0,"event_name":"Vampires","floor":20,"relics_lost":["Blood Vial"],"gold_loss":0,"cards_obtained":["Bite","Bite","Bite","Bite","Bite"]},{"cards_removed":["Dualcast"],"damage_healed":0,"gold_gain":0,"player_choice":"Offered Basic","damage_taken":0,"max_hp_gain":0,"max_hp_loss":0,"event_name":"Bonfire Elementals","floor":22,"gold_loss":0},{"damage_healed":0,"gold_gain":0,"player_choice":"Ignored","damage_taken":0,"max_hp_gain":0,"max_hp_loss":0,"event_name":"The Moai Head","floor":41,"gold_loss":0}],"is_beta":false,"boss_relics":[{"not_picked":["Velvet Choker","Tiny House"],"picked":"Runic Pyramid"},{"not_picked":["Empty Cage","Runic Dome"],"picked":"Coffee Dripper"}],"items_purged_floors":[3],"is_endless":false,"potions_floor_spawned":[1,10,12,16,19,24,25,33,35,37,39,48],"ascension_level":3}