{"gold_per_floor":[114,134,150,170,182,182,207,207,207,207,221,221,221,234,234,313,313,326,266],"floor_reached":19,"playtime":643,"items_purged":[],"score":299,"play_id":"f6e38311-dfe7-4924-8dc2-a4da7dedcd1a","local_time":"20190614144410","is_ascension_mode":true,"campfire_choices":[{"data":"Hologram","floor":6,"key":"SMITH"},{"floor":10,"key":"REST"},{"data":"Zap","floor":12,"key":"SMITH"},{"data":"Defragment","floor":15,"key":"SMITH"}],"neow_cost":"TEN_PERCENT_HP_LOSS","seed_source_timestamp":103035150516400,"circlet_count":0,"master_deck":["AscendersBane","Strike_B","Strike_B","Strike_B","Defend_B","Defend_B","Defend_B","Zap+1","Dualcast","Compile Driver","Hologram+1","Turbo","Rip and Tear","Defragment+1","Undo","Ball Lightning","Ball Lightning","Core Surge","Loop"],"relics":["Cracked Core","The Courier","Boot","Snecko Eye"],"potions_floor_usage":[7,16,19],"damage_taken":[{"damage":1,"enemies":"2 Louse","floor":1,"turns":3},{"damage":5,"enemies":"Cultist","floor":2,"turns":4},{"damage":0,"enemies":"Small Slimes","floor":3,"turns":3},{"damage":8,"enemies":"2 Fungi Beasts","floor":4,"turns":4},{"damage":8,"enemies":"Large Slime","floor":5,"turns":5},{"damage":31,"enemies":"Lagavulin","floor":7,"turns":7},{"damage":1,"enemies":"Red Slaver","floor":11,"turns":4},{"damage":3,"enemies":"Blue Slaver","floor":14,"turns":4},{"damage":14,"enemies":"Hexaghost","floor":16,"turns":8},{"damage":26,"enemies":"3 Byrds","floor":18,"turns":4},{"damage":26,"enemies":"2 Thieves","floor":19,"turns":2}],"seed_played":"841190049535957611","potions_obtained":[{"floor":3,"key":"AttackPotion"},{"floor":4,"key":"SkillPotion"},{"floor":11,"key":"SkillPotion"}],"is_trial":false,"path_per_floor":["M","M","M","M","M","R","E","?","T","R","M","R","?","M","R","B",null,"M","M"],"character_chosen":"DEFECT","items_purchased":[],"campfire_rested":1,"item_purchase_floors":[],"current_hp_per_floor":[63,58,58,50,42,42,11,11,11,30,29,29,29,26,26,12,51,25,0],"gold":266,"neow_bonus":"REMOVE_TWO","is_prod":false,"is_daily":false,"chose_seed":false,"campfire_upgraded":3,"win_rate":0,"timestamp":1560516250,"path_taken":["M","M","M","M","M","R","E","?","T","R","M","R","?","?","R","BOSS","M","M"],"build_version":"2019-06-13","purchased_purges":0,"victory":false,"max_hp_per_floor":[64,64,64,64,64,64,64,64,64,64,64,64,64,64,64,64,64,64,64],"card_choices":[{"not_picked":["Steam","Conserve Battery"],"picked":"Compile Driver","floor":1},{"not_picked":["Steam","Heatsinks"],"picked":"Hologram","floor":2},{"not_picked":["White Noise","Stack"],"picked":"Turbo","floor":3},{"not_picked":["Conserve Battery","Sunder"],"picked":"Rip and Tear","floor":4},{"not_picked":["Chill","Go for the Eyes"],"picked":"Defragment","floor":5},{"not_picked":["Machine Learning","Sunder"],"picked":"Undo","floor":7},{"not_picked":["Steam","Conserve Battery"],"picked":"Ball Lightning","floor":11},{"not_picked":["Redo","Streamline"],"picked":"Ball Lightning","floor":14},{"not_picked":["Creative AI","Buffer"],"picked":"Core Surge","floor":16},{"not_picked":["Storm","Rebound"],"picked":"Loop","floor":18}],"player_experience":832513,"relics_obtained":[{"floor":7,"key":"The Courier"},{"floor":9,"key":"Boot"}],"event_choices":[{"damage_healed":0,"gold_gain":0,"player_choice":"Ignored","damage_taken":0,"max_hp_gain":0,"max_hp_loss":0,"event_name":"Liars Game","floor":8,"gold_loss":0},{"damage_healed":0,"gold_gain":0,"player_choice":"0 cards matched","damage_taken":0,"max_hp_gain":0,"max_hp_loss":0,"event_name":"Match and Keep!","floor":13,"gold_loss":0,"cards_obtained":[]}],"is_beta":true,"boss_relics":[{"not_picked":["Velvet Choker","Philosopher\u0027s Stone"],"picked":"Snecko Eye"}],"items_purged_floors":[],"is_endless":false,"potions_floor_spawned":[3,4,11],"killed_by":"2 Thieves","ascension_level":15}