{"gold_per_floor":[110,127,73,88,99,99,109,109,109,129,148,173,173,173,173,296,296,309,333,348,348],"floor_reached":21,"playtime":2080,"items_purged":[],"score":185,"play_id":"93be703b-38ea-4c61-a7d4-8ae82f1ae17d","local_time":"20180930021257","is_ascension_mode":false,"campfire_choices":[{"data":"Infinite Blades","floor":6,"key":"SMITH"},{"data":"Blade Dance","floor":8,"key":"SMITH"},{"floor":13,"key":"REST"},{"floor":15,"key":"REST"}],"neow_cost":"","seed_source_timestamp":1203874936987604,"circlet_count":0,"master_deck":["Defend_G","Defend_G","Defend_G","Defend_G","Defend_G","Strike_G","Strike_G","Strike_G","Strike_G","Strike_G","Survivor","Neutralize","Blade Dance+1","Noxious Fumes","Prepared","Infinite Blades+1","Expertise","Finisher+1","Underhanded Strike+1","Finisher+1","A Thousand Cuts+1","Quick Slash+1","Sucker Punch+1","Flying Knee+1"],"relics":["Ring of the Snake","Molten Egg 2","Matryoshka","Frozen Egg 2","Golden Idol","Black Star"],"potions_floor_usage":[16,20,20],"damage_taken":[{"damage":7,"enemies":"2 Louse","floor":1,"turns":3},{"damage":0,"enemies":"Cultist","floor":2,"turns":4},{"damage":0,"enemies":"Small Slimes","floor":4,"turns":3},{"damage":3,"enemies":"2 Fungi Beasts","floor":5,"turns":6},{"damage":7,"enemies":"3 Louse","floor":7,"turns":4},{"damage":14,"enemies":"Exordium Thugs","floor":10,"turns":4},{"damage":0,"enemies":"Large Slime","floor":11,"turns":5},{"damage":19,"enemies":"3 Sentries","floor":12,"turns":5},{"damage":3,"enemies":"Slime Boss","floor":16,"turns":9},{"damage":27,"enemies":"Spheric Guardian","floor":18,"turns":4},{"damage":17,"enemies":"2 Thieves","floor":19,"turns":4},{"damage":13,"enemies":"Snake Plant","floor":20,"turns":5},{"damage":16,"enemies":"Masked Bandits","floor":21,"turns":2}],"seed_played":"-3669443378195837146","potions_obtained":[{"floor":1,"key":"GhostInAJar"},{"floor":10,"key":"Dexterity Potion"},{"floor":12,"key":"Strength Potion"},{"floor":19,"key":"Ancient Potion"}],"is_trial":false,"path_per_floor":["M","M","?","M","M","R","M","R","T","M","M","E","R","?","R","B",null,"M","M","M"],"character_chosen":"THE_SILENT","items_purchased":[],"campfire_rested":2,"item_purchase_floors":[],"current_hp_per_floor":[63,63,63,63,60,60,53,53,53,39,39,20,41,24,45,42,70,43,26,13,0],"gold":348,"neow_bonus":"","is_prod":false,"is_daily":false,"chose_seed":false,"campfire_upgraded":2,"win_rate":0.0,"timestamp":1538295177,"path_taken":["M","M","?","M","M","R","M","R","T","M","M","E","R","?","R","BOSS","M","M","M","?"],"build_version":"2018-09-27","purchased_purges":0,"victory":false,"max_hp_per_floor":[70,70,70,70,70,70,70,70,70,70,70,70,70,70,70,70,70,70,70,70,70],"card_choices":[{"not_picked":["Dash","Dagger Throw"],"picked":"Blade Dance","floor":1},{"not_picked":["Deflect","Endless Agony"],"picked":"Noxious Fumes","floor":2},{"not_picked":["Slice+1","Acrobatics"],"picked":"Prepared","floor":4},{"not_picked":["Prepared","Deflect"],"picked":"Infinite Blades","floor":5},{"not_picked":["Dagger Throw+1","Bouncing Flask"],"picked":"Expertise","floor":7},{"not_picked":["Tactician","Bouncing Flask"],"picked":"Finisher+1","floor":10},{"not_picked":["Well Laid Plans","PiercingWail"],"picked":"Underhanded Strike+1","floor":11},{"not_picked":["Noxious Fumes","Heel Hook+1"],"picked":"Finisher+1","floor":12},{"not_picked":["Malaise","Bullet Time"],"picked":"A Thousand Cuts+1","floor":16},{"not_picked":["Dodge and Roll+1","Deflect"],"picked":"Quick Slash+1","floor":18},{"not_picked":["Distraction","Deflect"],"picked":"Sucker Punch+1","floor":19},{"not_picked":["Distraction+1","Deflect"],"picked":"Flying Knee+1","floor":20}],"player_experience":6205,"relics_obtained":[{"floor":9,"key":"Matryoshka"},{"floor":12,"key":"Frozen Egg 2"}],"event_choices":[{"event_name":"WeMeetAgain","player_choice":"Gold","floor":3,"damage_taken":0},{"event_name":"Golden Idol","player_choice":"Take Damage","floor":14,"damage_taken":0},{"event_name":"Masked Bandits","player_choice":"Fought Bandits","floor":21,"damage_taken":0}],"is_beta":false,"boss_relics":[{"not_picked":["Busted Crown","Empty Cage"],"picked":"Black Star"}],"items_purged_floors":[],"is_endless":false,"potions_floor_spawned":[1,10,12,19],"killed_by":"Masked Bandits","ascension_level":0}