{"gold_per_floor":[115,129,129,129,143,143,93,121,121,121,46,73,25,40,40,117,117,130,149,74,90,90,90],"floor_reached":23,"playtime":712,"items_purged":["Strike_B"],"score":338,"play_id":"d708722f-2dbe-4a14-a0da-9fdd7696c2ea","local_time":"20190508105853","is_ascension_mode":true,"campfire_choices":[{"floor":6,"key":"REST"},{"data":"Loop","floor":10,"key":"SMITH"},{"floor":15,"key":"REST"}],"neow_cost":"NONE","seed_source_timestamp":181900443705100,"circlet_count":0,"master_deck":["AscendersBane","Defend_B","Defend_B","Defend_B","Defend_B","Zap+1","Dualcast","Loop+1","Defragment","Sweeping Beam","FTL","Tempest","Seek","Coolheaded","Go for the Eyes","Core Surge","Cold Snap","Capacitor","Leap"],"relics":["Cracked Core","Dream Catcher","Matryoshka","Centennial Puzzle","Dodecahedron","Cables","Black Star"],"potions_floor_usage":[12,12,16,18],"damage_taken":[{"damage":1,"enemies":"Cultist","floor":1,"turns":3},{"damage":13,"enemies":"Jaw Worm","floor":2,"turns":4},{"damage":4,"enemies":"Small Slimes","floor":5,"turns":3},{"damage":26,"enemies":"Gremlin Nob","floor":8,"turns":4},{"damage":20,"enemies":"3 Sentries","floor":12,"turns":4},{"damage":8,"enemies":"Blue Slaver","floor":14,"turns":2},{"damage":3,"enemies":"The Guardian","floor":16,"turns":8},{"damage":8,"enemies":"3 Byrds","floor":18,"turns":2},{"damage":5,"enemies":"Chosen","floor":19,"turns":5},{"damage":15,"enemies":"Snake Plant","floor":21,"turns":5},{"damage":56,"enemies":"Gremlin Leader","floor":23,"turns":5}],"seed_played":"-6937283823699453178","potions_obtained":[{"floor":1,"key":"EntropicBrew"},{"floor":8,"key":"Strength Potion"},{"floor":14,"key":"FocusPotion"},{"floor":19,"key":"GamblersBrew"}],"is_trial":false,"path_per_floor":["M","M","?","T","M","R","?","E","T","R","$","E","$","M","R","B",null,"M","M","?","M","?","E"],"character_chosen":"DEFECT","items_purchased":["Coolheaded"],"campfire_rested":2,"item_purchase_floors":[13],"current_hp_per_floor":[63,50,43,43,39,60,60,34,34,34,34,14,14,6,27,24,59,51,46,46,31,54,0],"gold":90,"neow_bonus":"UPGRADE_CARD","is_prod":false,"is_daily":false,"chose_seed":false,"campfire_upgraded":1,"win_rate":0,"timestamp":1557305933,"path_taken":["M","M","?","?","M","R","?","E","T","R","?","E","$","?","R","BOSS","M","M","?","M","?","E"],"build_version":"2019-05-07","purchased_purges":1,"victory":false,"max_hp_per_floor":[71,71,71,71,71,71,71,71,71,71,71,71,71,71,71,71,71,71,71,71,71,71,71],"card_choices":[{"not_picked":["Fusion","Steam"],"picked":"Loop","floor":1},{"not_picked":["Turbo","Go for the Eyes"],"picked":"Defragment","floor":2},{"not_picked":["Leap","Beam Cell"],"picked":"Sweeping Beam","floor":5},{"not_picked":["Reprogram","Darkness"],"picked":"FTL","floor":6},{"not_picked":["Hologram","Sweeping Beam"],"picked":"Tempest","floor":8},{"not_picked":["Storm","FTL"],"picked":"Seek","floor":12},{"not_picked":["Steam","Coolheaded"],"picked":"Go for the Eyes","floor":14},{"not_picked":["Reboot","Multi-Cast"],"picked":"Core Surge","floor":16},{"not_picked":["White Noise","Recycle"],"picked":"Cold Snap","floor":18},{"not_picked":["Hologram","Streamline"],"picked":"Capacitor","floor":19},{"not_picked":["Beam Cell","Barrage"],"picked":"Leap","floor":21}],"player_experience":603540,"relics_obtained":[{"floor":4,"key":"Dream Catcher"},{"floor":8,"key":"Matryoshka"},{"floor":9,"key":"Centennial Puzzle"},{"floor":9,"key":"Dodecahedron"},{"floor":12,"key":"Cables"}],"event_choices":[{"cards_removed":["Strike_B"],"damage_healed":0,"gold_gain":0,"player_choice":"Card Removal","damage_taken":7,"max_hp_gain":0,"max_hp_loss":0,"event_name":"Golden Wing","floor":3,"gold_loss":0},{"cards_removed":["Strike_B"],"damage_healed":0,"gold_gain":0,"player_choice":"Card Removal","damage_taken":0,"max_hp_gain":0,"max_hp_loss":0,"event_name":"The Cleric","floor":7,"gold_loss":50},{"cards_removed":["Strike_B"],"damage_healed":0,"gold_gain":0,"player_choice":"Gave Gold","damage_taken":0,"max_hp_gain":0,"max_hp_loss":0,"event_name":"Beggar","floor":20,"gold_loss":75},{"damage_healed":23,"gold_gain":0,"player_choice":"Heal","damage_taken":0,"max_hp_gain":0,"max_hp_loss":0,"event_name":"The Library","floor":22,"gold_loss":0}],"is_beta":true,"boss_relics":[{"not_picked":["Philosopher\u0027s Stone","Sozu"],"picked":"Black Star"}],"items_purged_floors":[11],"is_endless":false,"potions_floor_spawned":[1,8,12,14,19],"killed_by":"Gremlin Leader","ascension_level":14}