{"gold_per_floor":[113,113,113,132,132,193,193,211,261,277,303,325,372,403,415,526,538,563,592,617,554,581,593,630,657,695,734,756,783,826,838,850,862],"floor_reached":33,"playtime":2270,"items_purged":[],"score":392,"play_id":"0c233bf9-c561-4642-8f2d-fc33e86a1194","local_time":"20181024221708","is_ascension_mode":true,"campfire_choices":[{"data":"Electrodynamics","floor":7,"key":"SMITH"},{"data":"White Noise","floor":15,"key":"SMITH"},{"data":"Zap","floor":23,"key":"SMITH"},{"data":"Conserve Battery","floor":32,"key":"SMITH"}],"neow_cost":"CURSE","seed_source_timestamp":677542660987908,"circlet_count":0,"master_deck":["Strike_B","Strike_B+1","Strike_B","Strike_B","Defend_B+1","Defend_B","Defend_B","Zap+1","Dualcast","Electrodynamics+1","White Noise+1","Self Repair","Conserve Battery+1","Rebound","Melter","Conserve Battery","Barrage","Leap","Seek","Leap","Meteor Strike","Writhe","Parasite","Storm+1","Self Repair+1","Stack","Chill","Rebound+1","Rebound","Defragment+1","Steam+1","Aggregate"],"relics":["Cracked Core","Tiny Chest","Strawberry","MawBank","Frozen Egg 2","Calling Bell","PreservedInsect","Mercury Hourglass","Ginger","Omamori","Blood Vial","Ancient Tea Set","Singing Bowl","Ornamental Fan"],"potions_floor_usage":[11,12,13,13,14,16,24,27,33],"damage_taken":[{"damage":0,"enemies":"2 Louse","floor":1,"turns":1},{"damage":1,"enemies":"Cultist","floor":4,"turns":3},{"damage":20,"enemies":"3 Sentries","floor":6,"turns":4},{"damage":0,"enemies":"Jaw Worm","floor":8,"turns":3},{"damage":4,"enemies":"Looter","floor":10,"turns":3},{"damage":0,"enemies":"Gremlin Nob","floor":11,"turns":3},{"damage":0,"enemies":"Large Slime","floor":12,"turns":3},{"damage":21,"enemies":"Lagavulin","floor":13,"turns":4},{"damage":0,"enemies":"Blue Slaver","floor":14,"turns":3},{"damage":53,"enemies":"Hexaghost","floor":16,"turns":10},{"damage":7,"enemies":"Chosen","floor":18,"turns":4},{"damage":25,"enemies":"2 Thieves","floor":19,"turns":3},{"damage":17,"enemies":"Snake Plant","floor":20,"turns":3},{"damage":13,"enemies":"Chosen and Byrds","floor":22,"turns":4},{"damage":5,"enemies":"Gremlin Leader","floor":24,"turns":5},{"damage":0,"enemies":"Centurion and Healer","floor":25,"turns":4},{"damage":25,"enemies":"Slavers","floor":27,"turns":3},{"damage":11,"enemies":"3 Cultists","floor":28,"turns":3},{"damage":0,"enemies":"Sentry and Sphere","floor":29,"turns":2},{"damage":31,"enemies":"Gremlin Leader","floor":30,"turns":6},{"damage":69,"enemies":"Champ","floor":33,"turns":10}],"seed_played":"2815284159989338946","potions_obtained":[{"floor":6,"key":"Block Potion"},{"floor":8,"key":"Poison Potion"},{"floor":10,"key":"Swift Potion"},{"floor":12,"key":"Regen Potion"},{"floor":13,"key":"Block Potion"},{"floor":14,"key":"Poison Potion"},{"floor":19,"key":"SmokeBomb"},{"floor":22,"key":"SkillPotion"},{"floor":25,"key":"PowerPotion"},{"floor":28,"key":"Ancient Potion"}],"is_trial":false,"path_per_floor":["M","?","?","M","?","E","R","M","T","M","E","M","E","M","R","B",null,"M","M","M","?","M","R","E","M","T","E","M","M","E","?","R"],"character_chosen":"DEFECT","items_purchased":[],"campfire_rested":0,"item_purchase_floors":[],"current_hp_per_floor":[75,75,68,74,59,46,46,53,60,63,70,77,72,72,72,19,82,82,57,50,50,54,54,73,82,82,57,65,67,57,57,57,0],"gold":862,"neow_bonus":"THREE_RARE_CARDS","is_prod":false,"is_daily":false,"chose_seed":false,"campfire_upgraded":4,"win_rate":0,"timestamp":1540441028,"path_taken":["M","?","?","M","?","E","R","M","T","M","E","M","E","M","R","BOSS","M","M","M","?","M","R","E","M","T","E","M","M","E","?","R","BOSS"],"build_version":"2018-10-18","purchased_purges":0,"victory":false,"max_hp_per_floor":[75,75,75,75,75,75,75,75,82,82,82,82,82,82,82,82,82,82,82,82,82,82,82,82,82,82,82,82,82,84,84,84,84],"card_choices":[{"not_picked":["Seek","Creative AI"],"picked":"Electrodynamics","floor":0},{"not_picked":["Hologram","Conserve Battery"],"picked":"White Noise","floor":1},{"not_picked":["Sweeping Beam","Coolheaded"],"picked":"Conserve Battery","floor":4},{"not_picked":["Go for the Eyes","Steam"],"picked":"Rebound","floor":6},{"not_picked":["Steam","Go for the Eyes"],"picked":"Melter","floor":8},{"not_picked":["Turbo","Compile Driver"],"picked":"Conserve Battery","floor":10},{"not_picked":["Turbo","Sweeping Beam"],"picked":"Barrage","floor":11},{"not_picked":["Hyperbeam","Hologram"],"picked":"Leap","floor":12},{"not_picked":["Leap","Streamline"],"picked":"Seek","floor":13},{"not_picked":["Turbo","Compile Driver"],"picked":"Leap","floor":14},{"not_picked":["Rainbow","Multi-Cast"],"picked":"Meteor Strike","floor":16},{"not_picked":["Compile Driver","Redo"],"picked":"Storm+1","floor":18},{"not_picked":["Leap","Skim"],"picked":"Self Repair+1","floor":19},{"not_picked":["Self Repair+1","Coolheaded"],"picked":"Stack","floor":20},{"not_picked":["Gash","Coolheaded"],"picked":"Chill","floor":22},{"not_picked":["Streamline","Gash"],"picked":"Rebound+1","floor":24},{"not_picked":["Go for the Eyes","Hologram+1"],"picked":"Rebound","floor":25},{"not_picked":["Coolheaded+1","Meteor Strike"],"picked":"Defragment+1","floor":27},{"not_picked":["Blizzard","Consume"],"picked":"Steam+1","floor":28},{"not_picked":["Fusion","Skim+1"],"picked":"Aggregate","floor":29},{"not_picked":["Go for the Eyes+1","Beam Cell","Streamline+1"],"picked":"Singing Bowl","floor":30}],"player_experience":130394,"relics_obtained":[{"floor":6,"key":"Tiny Chest"},{"floor":9,"key":"Strawberry"},{"floor":11,"key":"MawBank"},{"floor":13,"key":"Frozen Egg 2"},{"floor":17,"key":"PreservedInsect"},{"floor":17,"key":"Mercury Hourglass"},{"floor":17,"key":"Ginger"},{"floor":24,"key":"Omamori"},{"floor":26,"key":"Blood Vial"},{"floor":27,"key":"Ancient Tea Set"},{"floor":30,"key":"Singing Bowl"}],"event_choices":[{"damage_healed":0,"gold_gain":0,"cards_transformed":["Defend_B"],"player_choice":"Transformed","damage_taken":0,"max_hp_gain":0,"max_hp_loss":0,"event_name":"Transmorgrifier","floor":2,"gold_loss":0,"cards_obtained":["Self Repair"]},{"cards_removed":["Clumsy"],"damage_healed":0,"gold_gain":0,"player_choice":"Card Removal","damage_taken":7,"max_hp_gain":0,"max_hp_loss":0,"event_name":"Golden Wing","floor":3,"gold_loss":0},{"damage_healed":0,"gold_gain":0,"player_choice":"Entered Light","damage_taken":15,"max_hp_gain":0,"max_hp_loss":0,"event_name":"Shining Light","floor":5,"gold_loss":0,"cards_upgraded":["Defend_B","Strike_B"]},{"cards_removed":["Writhe"],"damage_healed":0,"gold_gain":0,"player_choice":"Gave Gold","damage_taken":0,"max_hp_gain":0,"max_hp_loss":0,"event_name":"Beggar","floor":21,"gold_loss":75},{"damage_healed":0,"gold_gain":0,"player_choice":"Opened","damage_taken":0,"relics_obtained":["Ornamental Fan"],"max_hp_gain":0,"max_hp_loss":0,"event_name":"The Mausoleum","floor":31,"gold_loss":0}],"is_beta":false,"boss_relics":[{"not_picked":["Runic Dome","Empty Cage"],"picked":"Calling Bell"}],"items_purged_floors":[],"is_endless":false,"potions_floor_spawned":[6,8,10,12,13,14,19,22,25,28],"killed_by":"Champ","ascension_level":2}