{"gold_per_floor":[109,123,198,216,47,75,75,100,100,131,144,144,109,143,143,239,239,257,270,286,306,320,352,352,352,432,451,451,451,476,476,476,575,575,589,589,600,613,713,740,759,759],"floor_reached":42,"playtime":3286,"items_purged":[],"score":648,"play_id":"2a0a6321-48ac-437f-9a37-161791739cd4","local_time":"20190605192555","is_ascension_mode":true,"campfire_choices":[{"floor":7,"key":"REST"},{"data":"Defragment","floor":15,"key":"SMITH"},{"data":"Defragment","floor":24,"key":"SMITH"},{"data":"Tempest","floor":32,"key":"SMITH"}],"neow_cost":"PERCENT_DAMAGE","seed_source_timestamp":1360038803819541,"circlet_count":0,"master_deck":["Defend_B+1","Defend_B+1","Defend_B+1","Defend_B+1","Zap","Dualcast","Loop","Compile Driver","Ball Lightning","Conserve Battery","Storm","Capacitor","Tempest+1","Cold Snap","Electrodynamics","Barrage","Defragment+1","Melter","Self Repair","Seek","Cold Snap+1","Stack+1","Leap","Ball Lightning","Defragment+1","Conserve Battery","Bite","Bite","Bite","Bite","Bite","FTL","Necronomicurse","Echo Form","Consume+1","Pain","Barrage","Doom and Gloom","Capacitor","Defragment","Conserve Battery+1"],"relics":["Cracked Core","Darkstone Periapt","Dead Branch","Ornamental Fan","Centennial Puzzle","Anchor","Nuclear Battery","DataDisk","Meat on the Bone","Pear","Necronomicon","Sozu","WarpedTongs","Turnip","Peace Pipe"],"potions_floor_usage":[6,8,14,19,21,30,37,42],"damage_taken":[{"damage":2,"enemies":"Jaw Worm","floor":1,"turns":3},{"damage":0,"enemies":"Small Slimes","floor":2,"turns":3},{"damage":0,"enemies":"2 Louse","floor":4,"turns":2},{"damage":19,"enemies":"3 Sentries","floor":6,"turns":6},{"damage":5,"enemies":"Gremlin Nob","floor":8,"turns":3},{"damage":11,"enemies":"Lagavulin","floor":10,"turns":5},{"damage":4,"enemies":"Large Slime","floor":11,"turns":4},{"damage":8,"enemies":"Gremlin Nob","floor":14,"turns":3},{"damage":8,"enemies":"The Guardian","floor":16,"turns":7},{"damage":0,"enemies":"Chosen","floor":18,"turns":3},{"damage":0,"enemies":"2 Thieves","floor":19,"turns":3},{"damage":0,"enemies":"Snecko","floor":20,"turns":3},{"damage":2,"enemies":"Snake Plant","floor":21,"turns":2},{"damage":18,"enemies":"Shelled Parasite and Fungi","floor":22,"turns":4},{"damage":10,"enemies":"Book of Stabbing","floor":23,"turns":5},{"damage":10,"enemies":"Snecko","floor":27,"turns":3},{"damage":3,"enemies":"Slavers","floor":30,"turns":2},{"damage":32,"enemies":"Automaton","floor":33,"turns":7},{"damage":0,"enemies":"3 Shapes","floor":35,"turns":4},{"damage":5,"enemies":"Orb Walker","floor":37,"turns":3},{"damage":6,"enemies":"Sphere and 2 Shapes","floor":38,"turns":6},{"damage":10,"enemies":"Mind Bloom Boss Battle","floor":39,"turns":5},{"damage":54,"enemies":"Nemesis","floor":40,"turns":5},{"damage":37,"enemies":"Writhing Mass","floor":41,"turns":5},{"damage":27,"enemies":"Giant Head","floor":42,"turns":5}],"seed_played":"-4879121933321784424","potions_obtained":[{"floor":2,"key":"GamblersBrew"},{"floor":4,"key":"Poison Potion"},{"floor":10,"key":"Fire Potion"},{"floor":11,"key":"Weak Potion"},{"floor":20,"key":"Energy Potion"},{"floor":21,"key":"EssenceOfSteel"},{"floor":30,"key":"Swift Potion"},{"floor":33,"key":"SteroidPotion"}],"is_trial":false,"path_per_floor":["M","M","?","M","$","E","R","E","T","E","M","?","?","E","R","B",null,"M","M","M","M","M","E","R","?","T","M","?","?","E","?","R","B",null,"M","?","M","M","?","E","M","E"],"character_chosen":"DEFECT","items_purchased":["Capacitor","Tempest","Cold Snap"],"campfire_rested":1,"item_purchase_floors":[5,5,5],"current_hp_per_floor":[52,52,41,41,41,22,44,39,39,28,24,24,42,34,34,33,75,75,75,75,75,64,54,54,54,54,51,51,51,58,48,48,30,68,68,74,71,74,71,39,20,0],"gold":759,"neow_bonus":"TRANSFORM_TWO_CARDS","is_prod":false,"is_daily":false,"chose_seed":false,"campfire_upgraded":3,"win_rate":0,"timestamp":1559784355,"path_taken":["M","M","?","M","$","E","R","E","T","E","M","?","?","E","R","BOSS","M","M","M","M","M","E","R","?","T","M","?","?","E","?","R","BOSS","M","?","?","M","?","E","M","E"],"build_version":"2019-01-23","purchased_purges":0,"victory":false,"max_hp_per_floor":[75,75,75,75,75,75,75,75,75,75,75,75,75,75,75,75,75,75,75,75,75,75,75,75,75,75,75,52,52,62,68,68,68,68,68,74,74,74,74,74,74,74],"card_choices":[{"not_picked":["Sweeping Beam","Coolheaded"],"picked":"Ball Lightning","floor":1},{"not_picked":["Darkness","Leap"],"picked":"Conserve Battery","floor":2},{"not_picked":["Lockon","Steam"],"picked":"Storm","floor":4},{"not_picked":["Stack","Seek"],"picked":"Electrodynamics","floor":6},{"not_picked":["Darkness","Leap"],"picked":"Barrage","floor":8},{"not_picked":["Conserve Battery","Coolheaded"],"picked":"Defragment","floor":10},{"not_picked":["Streamline","Beam Cell"],"picked":"Melter","floor":11},{"not_picked":["Barrage","Turbo"],"picked":"Self Repair","floor":14},{"not_picked":["Core Surge","Rainbow"],"picked":"Seek","floor":16},{"not_picked":["Beam Cell","Streamline","Gash"],"picked":"SKIP","floor":18},{"not_picked":["Aggregate","Compile Driver+1"],"picked":"Cold Snap+1","floor":19},{"not_picked":["Double Energy+1","Beam Cell"],"picked":"Stack+1","floor":20},{"not_picked":["Coolheaded","Skim"],"picked":"Leap","floor":21},{"not_picked":["Darkness","Static Discharge"],"picked":"Ball Lightning","floor":22},{"not_picked":["Blizzard","Reprogram"],"picked":"Defragment","floor":23},{"not_picked":["Auto Shields+1","Hologram+1"],"picked":"Conserve Battery","floor":27},{"not_picked":["Conserve Battery","Scrape"],"picked":"FTL","floor":30},{"not_picked":["Buffer","Fission"],"picked":"Echo Form","floor":33},{"not_picked":["Compile Driver+1","Hologram+1"],"picked":"Consume+1","floor":35},{"not_picked":["Streamline","Blizzard+1"],"picked":"Barrage","floor":37},{"not_picked":["Ball Lightning","BootSequence"],"picked":"Doom and Gloom","floor":38},{"not_picked":["Beam Cell+1","Cold Snap+1"],"picked":"Capacitor","floor":39},{"not_picked":["Rebound+1","Meteor Strike"],"picked":"Defragment","floor":40},{"not_picked":["Capacitor","Cold Snap+1"],"picked":"Conserve Battery+1","floor":41}],"player_experience":306510,"relics_obtained":[{"floor":6,"key":"Darkstone Periapt"},{"floor":8,"key":"Dead Branch"},{"floor":9,"key":"Ornamental Fan"},{"floor":10,"key":"Centennial Puzzle"},{"floor":14,"key":"Anchor"},{"floor":23,"key":"DataDisk"},{"floor":26,"key":"Meat on the Bone"},{"floor":30,"key":"Pear"},{"floor":31,"key":"Necronomicon"},{"floor":39,"key":"Turnip"},{"floor":40,"key":"Peace Pipe"}],"event_choices":[{"damage_healed":0,"gold_gain":75,"player_choice":"Gather Gold","damage_taken":11,"max_hp_gain":0,"max_hp_loss":0,"event_name":"World of Goop","floor":3,"gold_loss":0},{"damage_healed":0,"gold_gain":0,"player_choice":"Ignored","damage_taken":0,"max_hp_gain":0,"max_hp_loss":0,"event_name":"Liars Game","floor":12,"gold_loss":0},{"damage_healed":18,"gold_gain":0,"player_choice":"Healed","damage_taken":0,"max_hp_gain":0,"max_hp_loss":0,"event_name":"The Cleric","floor":13,"gold_loss":35},{"damage_healed":0,"gold_gain":0,"player_choice":"Simplicity","damage_taken":0,"max_hp_gain":0,"max_hp_loss":0,"event_name":"Back to Basics","floor":25,"gold_loss":0,"cards_upgraded":["Strike_B","Strike_B","Defend_B","Defend_B","Defend_B","Defend_B"]},{"damage_healed":0,"gold_gain":0,"player_choice":"Became a vampire","damage_taken":0,"max_hp_gain":0,"max_hp_loss":23,"event_name":"Vampires","floor":28,"gold_loss":0,"cards_obtained":["Bite","Bite","Bite","Bite","Bite"]},{"damage_healed":0,"gold_gain":0,"player_choice":"Ignored","damage_taken":0,"max_hp_gain":0,"max_hp_loss":0,"event_name":"Ghosts","floor":29,"gold_loss":0},{"damage_healed":0,"gold_gain":0,"player_choice":"Obtained Book","damage_taken":16,"max_hp_gain":0,"max_hp_loss":0,"event_name":"Cursed Tome","floor":31,"gold_loss":0},{"damage_healed":0,"gold_gain":0,"player_choice":"Rummage","damage_taken":0,"relics_obtained":["WarpedTongs"],"max_hp_gain":0,"max_hp_loss":0,"event_name":"Accursed Blacksmith","floor":36,"gold_loss":0,"cards_obtained":["Pain"]},{"damage_healed":0,"gold_gain":0,"player_choice":"Fight","damage_taken":0,"max_hp_gain":0,"max_hp_loss":0,"event_name":"MindBloom","floor":39,"gold_loss":0}],"is_beta":false,"boss_relics":[{"not_picked":["Ectoplasm","Philosopher\u0027s Stone"],"picked":"Nuclear Battery"},{"not_picked":["Runic Pyramid","Black Star"],"picked":"Sozu"}],"items_purged_floors":[],"is_endless":false,"potions_floor_spawned":[2,4,10,11,20,21,30,33,37,40,41],"killed_by":"Giant Head","ascension_level":4}