{"gold_per_floor":[118,134,134,309,328,328,360,360,384,399,437,508,12,12],"floor_reached":14,"playtime":747,"items_purged":["Doubt"],"score":113,"play_id":"7920a05c-a245-4d53-9bde-fb760ba5859d","local_time":"20190510165308","is_ascension_mode":true,"campfire_choices":[{"data":"Cleave","floor":6,"key":"SMITH"}],"neow_cost":"NONE","seed_source_timestamp":2424831744393868,"circlet_count":0,"master_deck":["Strike_R","Strike_R","Strike_R","Strike_R+1","Strike_R","Defend_R","Defend_R","Defend_R","Defend_R","Bash+1","Cleave+1","Armaments","Heavy Blade","Iron Wave","Second Wind","Sword Boomerang","Corruption","Clash","True Grit","Warcry","Dropkick"],"relics":["Burning Blood","Oddly Smooth Stone","Golden Idol","Centennial Puzzle","Prayer Wheel","Happy Flower"],"potions_floor_usage":[2,7],"damage_taken":[{"damage":9,"enemies":"Jaw Worm","floor":1,"turns":4},{"damage":3,"enemies":"Small Slimes","floor":2,"turns":3},{"damage":1,"enemies":"Cultist","floor":5,"turns":3},{"damage":25,"enemies":"Lagavulin","floor":7,"turns":5},{"damage":3,"enemies":"Exordium Wildlife","floor":10,"turns":3},{"damage":26,"enemies":"Gremlin Nob","floor":11,"turns":4},{"damage":18,"enemies":"3 Sentries","floor":14,"turns":5}],"seed_played":"3468721439439277320","potions_obtained":[{"floor":1,"key":"Energy Potion"},{"floor":2,"key":"Fire Potion"},{"floor":10,"key":"Ancient Potion"}],"is_trial":false,"path_per_floor":["M","M","?","?","M","R","E","?","T","M","E","?","$","E"],"character_chosen":"IRONCLAD","items_purchased":["Corruption","Clash","True Grit","Warcry","Dropkick","Happy Flower"],"campfire_rested":0,"item_purchase_floors":[13,13,13,13,13,13],"current_hp_per_floor":[85,88,70,70,75,75,56,34,34,37,17,17,17,0],"gold":12,"neow_bonus":"TEN_PERCENT_HP_BONUS","is_prod":false,"is_daily":false,"chose_seed":false,"campfire_upgraded":1,"win_rate":0,"timestamp":1557528788,"path_taken":["M","M","?","?","M","R","E","?","T","M","E","?","$","E"],"build_version":"2019-01-23","purchased_purges":1,"victory":false,"max_hp_per_floor":[88,88,88,88,88,88,88,88,88,88,88,88,88,88],"card_choices":[{"not_picked":["Ghostly Armor","Intimidate"],"picked":"Cleave","floor":1},{"not_picked":["Wild Strike","Warcry"],"picked":"Armaments","floor":2},{"not_picked":["Havoc","Thunderclap"],"picked":"Heavy Blade","floor":5},{"not_picked":["Wild Strike","Pommel Strike"],"picked":"Iron Wave","floor":7},{"not_picked":["Immolate","Twin Strike"],"picked":"Second Wind","floor":10},{"not_picked":["Dual Wield","Heavy Blade"],"picked":"Sword Boomerang","floor":11}],"player_experience":171754,"relics_obtained":[{"floor":7,"key":"Oddly Smooth Stone"},{"floor":9,"key":"Centennial Puzzle"},{"floor":11,"key":"Prayer Wheel"}],"event_choices":[{"damage_healed":0,"gold_gain":0,"player_choice":"Entered Light","damage_taken":18,"max_hp_gain":0,"max_hp_loss":0,"event_name":"Shining Light","floor":3,"gold_loss":0,"cards_upgraded":["Strike_R","Bash"]},{"damage_healed":0,"gold_gain":175,"player_choice":"AGREE","damage_taken":0,"max_hp_gain":0,"max_hp_loss":0,"event_name":"Liars Game","floor":4,"gold_loss":0,"cards_obtained":["Doubt"]},{"damage_healed":0,"gold_gain":0,"player_choice":"Take Damage","damage_taken":22,"relics_obtained":["Golden Idol"],"max_hp_gain":0,"max_hp_loss":0,"event_name":"Golden Idol","floor":8,"gold_loss":0},{"damage_healed":0,"gold_gain":71,"player_choice":"Gained Gold","damage_taken":0,"max_hp_gain":0,"max_hp_loss":0,"event_name":"Golden Wing","floor":12,"gold_loss":0}],"is_beta":false,"boss_relics":[],"items_purged_floors":[13],"is_endless":false,"potions_floor_spawned":[1,2,10],"killed_by":"3 Sentries","ascension_level":3}