{"gold_per_floor":[112,129,143,154,171,202,202,236,236,269,31,43,43,54,54,149,149,163,163,182,214,214,243,243,278,301,335,335,362,375,403,415,530,542,572,194,210,210,225,258,273,306,306,306,306,316,326,359,359,359],"floor_reached":51,"playtime":2695,"items_purged":[],"score":1341,"play_id":"60170574-e151-42e8-b688-d2bd49635287","local_time":"20190619224151","is_ascension_mode":true,"campfire_choices":[{"data":"Zap","floor":7,"key":"SMITH"},{"data":"Echo Form","floor":15,"key":"SMITH"},{"data":"Storm","floor":28,"key":"SMITH"},{"data":"Heatsinks","floor":32,"key":"SMITH"},{"data":"Apotheosis","floor":44,"key":"SMITH"},{"data":"Steam Power","floor":49,"key":"SMITH"}],"neow_cost":"NONE","seed_source_timestamp":63884225442804,"circlet_count":0,"master_deck":["Zap+1","Dualcast","Doom and Gloom","Undo","Conserve Battery","Conserve Battery","Self Repair","Machine Learning","Echo Form+1","Capacitor","Steam Power","Heatsinks+1","FTL","Ball Lightning","Loop","Storm+1","Core Surge","Compile Driver","Leap","Lockon","Reinforced Body","Sweeping Beam","Auto Shields","Hello World","Conserve Battery+1","Bite","Bite","Bite","Bite","Bite","Self Repair+1","Turbo+1","Conserve Battery+1","Capacitor","Reinforced Body","Turbo","Defragment","Aggregate","Storm","Amplify","Leap","Loop","Steam Power+1","Apotheosis+1","Fusion+1","Heatsinks+1","Hello World+1","Hologram+1","FTL","Static Discharge+1"],"relics":["Cracked Core","Mummified Hand","Bottled Flame","Strawberry","Juzu Bracelet","Pandora\u0027s Box","Red Mask","Shuriken","Gremlin Horn","Lantern","Meat on the Bone","Boot","MawBank","Coffee Dripper","Bottled Lightning","Ornamental Fan","Bronze Scales","Sundial","Pocketwatch"],"potions_floor_usage":[6,8,8,8,16,18,21,23,25,37,41,50,50],"damage_taken":[{"damage":1,"enemies":"Cultist","floor":1,"turns":3},{"damage":0,"enemies":"2 Louse","floor":2,"turns":1},{"damage":0,"enemies":"Small Slimes","floor":3,"turns":4},{"damage":17,"enemies":"3 Louse","floor":4,"turns":4},{"damage":1,"enemies":"Blue Slaver","floor":5,"turns":5},{"damage":16,"enemies":"Lagavulin","floor":6,"turns":4},{"damage":0,"enemies":"3 Sentries","floor":8,"turns":7},{"damage":22,"enemies":"Gremlin Nob","floor":10,"turns":5},{"damage":13,"enemies":"Large Slime","floor":12,"turns":5},{"damage":6,"enemies":"Exordium Thugs","floor":14,"turns":4},{"damage":31,"enemies":"Slime Boss","floor":16,"turns":4},{"damage":0,"enemies":"Spheric Guardian","floor":18,"turns":3},{"damage":24,"enemies":"Shell Parasite","floor":20,"turns":5},{"damage":22,"enemies":"Masked Bandits","floor":21,"turns":3},{"damage":24,"enemies":"Book of Stabbing","floor":23,"turns":6},{"damage":35,"enemies":"Slavers","floor":25,"turns":4},{"damage":14,"enemies":"Book of Stabbing","floor":27,"turns":6},{"damage":44,"enemies":"Slavers","floor":29,"turns":4},{"damage":0,"enemies":"Sentry and Sphere","floor":30,"turns":4},{"damage":13,"enemies":"Gremlin Leader","floor":31,"turns":4},{"damage":7,"enemies":"Automaton","floor":33,"turns":6},{"damage":6,"enemies":"3 Shapes","floor":35,"turns":3},{"damage":27,"enemies":"3 Darklings","floor":37,"turns":4},{"damage":13,"enemies":"Spire Growth","floor":39,"turns":4},{"damage":0,"enemies":"Reptomancer","floor":40,"turns":3},{"damage":0,"enemies":"Jaw Worm Horde","floor":41,"turns":2},{"damage":37,"enemies":"Nemesis","floor":42,"turns":5},{"damage":21,"enemies":"Sphere and 2 Shapes","floor":46,"turns":4},{"damage":19,"enemies":"Writhing Mass","floor":47,"turns":4},{"damage":3,"enemies":"Reptomancer","floor":48,"turns":4},{"damage":35,"enemies":"Awakened One","floor":50,"turns":5}],"seed_played":"-1412437041208624825","potions_obtained":[{"floor":0,"key":"FocusPotion"},{"floor":0,"key":"Swift Potion"},{"floor":0,"key":"EssenceOfSteel"},{"floor":6,"key":"Regen Potion"},{"floor":14,"key":"Energy Potion"},{"floor":16,"key":"PowerPotion"},{"floor":20,"key":"Swift Potion"},{"floor":21,"key":"Weak Potion"},{"floor":23,"key":"Explosive Potion"},{"floor":33,"key":"Explosive Potion"},{"floor":35,"key":"Strength Potion"},{"floor":37,"key":"SpeedPotion"},{"floor":40,"key":"SkillPotion"},{"floor":47,"key":"AttackPotion"}],"is_trial":false,"path_per_floor":["M","M","M","M","M","E","R","E","T","E","$","M","$","M","R","B",null,"M","?","M","?","?","E","?","E","T","E","R","E","M","E","R","B",null,"M","$","M","?","M","E","M","E","T","R","?","M","M","E","R","B",null],"character_chosen":"DEFECT","items_purchased":["Steam Power","Heatsinks","FTL","Ball Lightning","Loop","Steam Power","Bottled Lightning"],"campfire_rested":0,"item_purchase_floors":[11,11,11,11,36,36,36],"current_hp_per_floor":[67,67,67,50,49,33,33,55,62,47,47,41,41,42,42,18,66,73,57,42,39,30,47,47,27,27,41,41,34,43,47,47,62,62,62,62,46,36,55,62,62,62,62,62,62,60,62,62,62,62],"gold":359,"neow_bonus":"THREE_SMALL_POTIONS","is_prod":false,"is_daily":false,"chose_seed":false,"campfire_upgraded":6,"win_rate":0,"timestamp":1561005711,"path_taken":["M","M","M","M","M","E","R","E","T","E","?","M","$","M","R","BOSS","M","?","M","?","?","E","?","E","T","E","R","E","M","E","R","BOSS","M","$","M","?","M","E","M","E","T","R","?","M","M","E","R","BOSS"],"build_version":"2019-01-23","purchased_purges":0,"victory":true,"max_hp_per_floor":[75,75,75,75,75,75,75,75,82,82,82,82,82,82,82,82,82,82,57,57,57,62,62,62,62,62,62,62,62,62,62,62,62,62,62,62,62,62,62,62,62,62,62,62,62,62,62,62,62,62],"card_choices":[{"not_picked":["Redo","Stack"],"picked":"Doom and Gloom","floor":1},{"not_picked":["Coolheaded","Streamline"],"picked":"Undo","floor":2},{"not_picked":["Barrage","Coolheaded"],"picked":"Conserve Battery","floor":3},{"not_picked":["Leap","Rebound"],"picked":"Conserve Battery","floor":4},{"not_picked":["Hologram","Streamline"],"picked":"Self Repair","floor":5},{"not_picked":["Rip and Tear","Genetic Algorithm"],"picked":"Machine Learning","floor":6},{"not_picked":["Ball Lightning","Stack"],"picked":"Echo Form","floor":8},{"not_picked":["Compile Driver","Redo"],"picked":"Capacitor","floor":10},{"not_picked":["Blizzard","Beam Cell"],"picked":"Loop","floor":12},{"not_picked":["Turbo","Redo"],"picked":"Storm","floor":14},{"not_picked":["Amplify","Fission"],"picked":"Core Surge","floor":16},{"not_picked":["Leap","Doom and Gloom+1"],"picked":"Conserve Battery+1","floor":18},{"not_picked":["Beam Cell","Fusion+1"],"picked":"Self Repair+1","floor":20},{"not_picked":["Go for the Eyes","Leap"],"picked":"Turbo+1","floor":21},{"not_picked":["Sweeping Beam","Compile Driver+1"],"picked":"Conserve Battery+1","floor":23},{"not_picked":["Cold Snap","FTL"],"picked":"Reinforced Body","floor":25},{"not_picked":["Cold Snap+1","Barrage+1"],"picked":"Turbo","floor":27},{"not_picked":["Compile Driver","Conserve Battery"],"picked":"Defragment","floor":29},{"not_picked":["Beam Cell+1","Steam+1"],"picked":"Aggregate","floor":30},{"not_picked":["Seek","Reprogram"],"picked":"Storm","floor":31},{"not_picked":["Fission","Thunder Strike"],"picked":"Amplify","floor":33},{"not_picked":["Steam","Streamline"],"picked":"Leap","floor":35},{"not_picked":["Consume","Chill","Blizzard"],"picked":"SKIP","floor":37},{"not_picked":["Violence","PanicButton"],"picked":"Apotheosis","floor":38},{"not_picked":["Turbo+1","Redo"],"picked":"Fusion+1","floor":39},{"not_picked":["Turbo","Storm"],"picked":"Heatsinks+1","floor":40},{"not_picked":["Stack","Steam+1"],"picked":"Hello World+1","floor":41},{"not_picked":["Steam","Consume+1"],"picked":"Hologram+1","floor":42},{"not_picked":["Fusion","Darkness","Tempest"],"picked":"SKIP","floor":46},{"not_picked":["Conserve Battery+1","Lockon+1"],"picked":"FTL","floor":47},{"not_picked":["Redo","Streamline+1"],"picked":"Static Discharge+1","floor":48}],"player_experience":366935,"relics_obtained":[{"floor":6,"key":"Mummified Hand"},{"floor":8,"key":"Bottled Flame"},{"floor":9,"key":"Strawberry"},{"floor":10,"key":"Juzu Bracelet"},{"floor":21,"key":"Red Mask"},{"floor":23,"key":"Shuriken"},{"floor":25,"key":"Gremlin Horn"},{"floor":26,"key":"Lantern"},{"floor":27,"key":"Meat on the Bone"},{"floor":29,"key":"Boot"},{"floor":31,"key":"MawBank"},{"floor":40,"key":"Ornamental Fan"},{"floor":42,"key":"Bronze Scales"},{"floor":43,"key":"Sundial"},{"floor":48,"key":"Pocketwatch"}],"event_choices":[{"damage_healed":0,"gold_gain":0,"player_choice":"Became a vampire","damage_taken":0,"max_hp_gain":0,"max_hp_loss":25,"event_name":"Vampires","floor":19,"gold_loss":0,"cards_obtained":["Bite","Bite","Bite","Bite","Bite"]},{"damage_healed":0,"gold_gain":0,"player_choice":"Fought Bandits","damage_taken":0,"max_hp_gain":0,"max_hp_loss":0,"event_name":"Masked Bandits","floor":21,"gold_loss":0},{"damage_healed":0,"gold_gain":0,"player_choice":"Shed Blood","damage_taken":14,"max_hp_gain":5,"max_hp_loss":0,"event_name":"Forgotten Altar","floor":22,"gold_loss":0},{"damage_healed":0,"gold_gain":0,"player_choice":"Read","damage_taken":0,"max_hp_gain":0,"max_hp_loss":0,"event_name":"The Library","floor":24,"gold_loss":0,"cards_obtained":["Capacitor"]},{"damage_healed":0,"gold_gain":0,"player_choice":"Memory 3","damage_taken":10,"max_hp_gain":0,"max_hp_loss":0,"event_name":"SensoryStone","floor":38,"gold_loss":0},{"cards_removed":["All For One"],"damage_healed":0,"gold_gain":0,"player_choice":"Removed Attack","damage_taken":0,"max_hp_gain":0,"max_hp_loss":0,"event_name":"Falling","floor":45,"gold_loss":0}],"is_beta":false,"boss_relics":[{"not_picked":["White Beast Statue","Busted Crown"],"picked":"Pandora\u0027s Box"},{"not_picked":["Inserter","Velvet Choker"],"picked":"Coffee Dripper"}],"items_purged_floors":[],"is_endless":false,"potions_floor_spawned":[2,5,6,14,16,20,21,23,33,35,37,40,47],"ascension_level":7}