{"gold_per_floor":[109,126,145,164,179,179,28,28,28,28,40,50,50,69,69,143,143,155,80,99,149,149,149,179,191,218,118,136,136],"floor_reached":29,"playtime":939,"items_purged":["Strike_G","Strike_G"],"score":478,"play_id":"a4dfd792-aa93-495d-b967-cd77e9280b7a","local_time":"20190625093601","is_ascension_mode":true,"campfire_choices":[{"data":"Noxious Fumes","floor":6,"key":"SMITH"},{"data":"Catalyst","floor":8,"key":"SMITH"},{"floor":13,"key":"REST"},{"data":"Survivor","floor":15,"key":"SMITH"},{"floor":23,"key":"REST"}],"neow_cost":"NONE","seed_source_timestamp":115147507714600,"circlet_count":0,"master_deck":["AscendersBane","Strike_G","Defend_G","Defend_G","Defend_G","Defend_G","Defend_G","Survivor+1","Neutralize+1","Noxious Fumes+1","Catalyst+1","Die Die Die","Crippling Poison","Glass Knife","Corpse Explosion","Endless Agony","Poisoned Stab","Malaise","Dodge and Roll","PiercingWail","Burst","Deadly Poison+1"],"relics":["Ring of the Snake","PreservedInsect","Snecko Eye","Bag of Preparation","Oddly Smooth Stone"],"potions_floor_usage":[16,20,24,25,29],"damage_taken":[{"damage":0,"enemies":"Cultist","floor":1,"turns":4},{"damage":3,"enemies":"Jaw Worm","floor":2,"turns":4},{"damage":11,"enemies":"Small Slimes","floor":3,"turns":5},{"damage":5,"enemies":"Blue Slaver","floor":4,"turns":4},{"damage":8,"enemies":"Looter","floor":5,"turns":4},{"damage":1,"enemies":"Large Slime","floor":11,"turns":5},{"damage":14,"enemies":"3 Louse","floor":12,"turns":2},{"damage":3,"enemies":"Exordium Wildlife","floor":14,"turns":3},{"damage":25,"enemies":"Hexaghost","floor":16,"turns":9},{"damage":11,"enemies":"Chosen","floor":18,"turns":4},{"damage":11,"enemies":"2 Thieves","floor":20,"turns":3},{"damage":23,"enemies":"Slavers","floor":24,"turns":3},{"damage":8,"enemies":"Snake Plant","floor":25,"turns":5},{"damage":6,"enemies":"Snecko","floor":28,"turns":5},{"damage":14,"enemies":"3 Cultists","floor":29,"turns":3}],"seed_played":"-5779265696252517340","potions_obtained":[{"floor":2,"key":"AttackPotion"},{"floor":3,"key":"Strength Potion"},{"floor":16,"key":"SteroidPotion"},{"floor":18,"key":"Block Potion"},{"floor":20,"key":"SpeedPotion"},{"floor":24,"key":"Regen Potion"}],"is_trial":false,"path_per_floor":["M","M","M","M","M","R","$","R","T","?","M","M","R","M","R","B",null,"M","?","M","?","?","R","E","M","T","$","M","M"],"character_chosen":"THE_SILENT","items_purchased":["Glass Knife"],"campfire_rested":2,"item_purchase_floors":[7],"current_hp_per_floor":[59,56,45,40,32,32,32,32,32,32,31,17,36,33,33,8,52,41,41,30,30,12,33,10,17,17,17,11,0],"gold":136,"neow_bonus":"UPGRADE_CARD","is_prod":false,"is_daily":false,"chose_seed":false,"campfire_upgraded":3,"win_rate":0,"timestamp":1561448161,"path_taken":["M","M","M","M","M","R","?","R","T","?","M","M","R","M","R","BOSS","M","?","M","?","?","R","E","M","T","$","M","M"],"build_version":"2019-06-24","purchased_purges":2,"victory":false,"max_hp_per_floor":[66,66,66,66,66,66,66,66,66,66,66,66,66,66,66,66,66,66,66,66,66,71,71,71,71,71,71,71,71],"card_choices":[{"not_picked":["Underhanded Strike","Dodge and Roll"],"picked":"Noxious Fumes","floor":1},{"not_picked":["PiercingWail","Backflip"],"picked":"Catalyst","floor":2},{"not_picked":["Outmaneuver","Sucker Punch"],"picked":"Die Die Die","floor":3},{"not_picked":["Distraction","Predator"],"picked":"Crippling Poison","floor":4},{"not_picked":["Setup","Blade Dance","Prepared"],"picked":"SKIP","floor":5},{"not_picked":["Deflect","Slice"],"picked":"Corpse Explosion","floor":11},{"not_picked":["Prepared","Blade Dance"],"picked":"Endless Agony","floor":12},{"not_picked":["Catalyst","Flying Knee"],"picked":"Poisoned Stab","floor":14},{"not_picked":["Doppelganger","Grand Finale"],"picked":"Malaise","floor":16},{"not_picked":["Dagger Spray","Blade Dance"],"picked":"Dodge and Roll","floor":18},{"not_picked":["Flying Knee","Underhanded Strike"],"picked":"PiercingWail","floor":20},{"not_picked":["Flying Knee","Prepared"],"picked":"Burst","floor":24},{"not_picked":["Concentrate","Dodge and Roll"],"picked":"Deadly Poison+1","floor":25},{"not_picked":["Reflex","Infinite Blades","Endless Agony"],"picked":"SKIP","floor":28}],"player_experience":885178,"relics_obtained":[{"floor":9,"key":"PreservedInsect"},{"floor":24,"key":"Bag of Preparation"},{"floor":26,"key":"Oddly Smooth Stone"}],"event_choices":[{"cards_removed":["Strike_G"],"damage_healed":0,"gold_gain":0,"player_choice":"Forget","damage_taken":0,"max_hp_gain":0,"max_hp_loss":0,"event_name":"Living Wall","floor":10,"gold_loss":0},{"cards_removed":["Strike_G"],"damage_healed":0,"gold_gain":0,"player_choice":"Gave Gold","damage_taken":0,"max_hp_gain":0,"max_hp_loss":0,"event_name":"Beggar","floor":19,"gold_loss":75},{"damage_healed":0,"gold_gain":50,"player_choice":"Stole From Cult","damage_taken":0,"max_hp_gain":0,"max_hp_loss":0,"event_name":"Nest","floor":21,"gold_loss":0},{"damage_healed":0,"gold_gain":0,"player_choice":"Shed Blood","damage_taken":23,"max_hp_gain":5,"max_hp_loss":0,"event_name":"Forgotten Altar","floor":22,"gold_loss":0}],"is_beta":true,"boss_relics":[{"not_picked":["Fusion Hammer","Coffee Dripper"],"picked":"Snecko Eye"}],"items_purged_floors":[7,27],"is_endless":false,"potions_floor_spawned":[2,3,4,14,16,18,20,24],"killed_by":"3 Cultists","ascension_level":20}