{"gold_per_floor":[113,123,136,136,146,146,157,187,187,187,198,210,222,235,235,310,310,329,254,254,254,271,271,302,302,326,338,358,387,397,409,409,487,487,502,502,150,170,170,170,198,198,198,198,198,218,218,38,38,38],"floor_reached":50,"playtime":2181,"items_purged":["Strike_B"],"score":928,"play_id":"d37fb7b7-cea7-41d0-827d-21bcf06c3d9c","local_time":"20190614164635","is_ascension_mode":true,"campfire_choices":[{"data":"Zap","floor":6,"key":"SMITH"},{"floor":10,"key":"REST"},{"data":"Defragment","floor":15,"key":"SMITH"},{"data":"Recycle","floor":23,"key":"SMITH"},{"data":"Dualcast","floor":25,"key":"SMITH"},{"data":"Beam Cell","floor":32,"key":"SMITH"},{"data":"Electrodynamics","floor":40,"key":"SMITH"},{"floor":42,"key":"REST"},{"floor":45,"key":"REST"},{"floor":49,"key":"REST"}],"neow_cost":"NONE","seed_source_timestamp":108844079587900,"circlet_count":0,"master_deck":["AscendersBane","Defend_B","Defend_B","Defend_B","Defend_B","Zap+1","Dualcast+1","Sunder","Genetic Algorithm+1","FTL","Compile Driver","Cold Snap","Self Repair","Defragment+1","Glacier","All For One","Gash+1","Hello World","Recycle+1","Coolheaded+1","Cold Snap","Gash","Auto Shields","Beam Cell+1","Electrodynamics+1","Gash+1","Meteor Strike","Gash+1","Self Repair+1","Madness","Madness","Scrape+1","Dark Shackles","Apotheosis"],"relics":["Cracked Core","Smiling Mask","Gambling Chip","Nuclear Battery","Emotion Chip","Ancient Tea Set","StoneCalendar","Inserter","Frozen Egg 2","Ice Cream","Molten Egg 2","Cables"],"potions_floor_usage":[18,22,24,33,35,41,41,50],"damage_taken":[{"damage":1,"enemies":"Cultist","floor":1,"turns":4},{"damage":7,"enemies":"Jaw Worm","floor":2,"turns":3},{"damage":0,"enemies":"Small Slimes","floor":3,"turns":3},{"damage":0,"enemies":"2 Fungi Beasts","floor":5,"turns":2},{"damage":7,"enemies":"Looter","floor":7,"turns":3},{"damage":35,"enemies":"Lagavulin","floor":8,"turns":6},{"damage":4,"enemies":"Exordium Thugs","floor":11,"turns":4},{"damage":0,"enemies":"Exordium Wildlife","floor":12,"turns":3},{"damage":12,"enemies":"Blue Slaver","floor":13,"turns":4},{"damage":0,"enemies":"Large Slime","floor":14,"turns":4},{"damage":32,"enemies":"Hexaghost","floor":16,"turns":13},{"damage":0,"enemies":"Spheric Guardian","floor":18,"turns":3},{"damage":0,"enemies":"3 Byrds","floor":22,"turns":4},{"damage":13,"enemies":"Slavers","floor":24,"turns":5},{"damage":2,"enemies":"Centurion and Healer","floor":27,"turns":8},{"damage":8,"enemies":"Snake Plant","floor":28,"turns":5},{"damage":34,"enemies":"Gremlin Leader","floor":29,"turns":7},{"damage":6,"enemies":"Shelled Parasite and Fungi","floor":30,"turns":4},{"damage":0,"enemies":"3 Cultists","floor":31,"turns":3},{"damage":26,"enemies":"Collector","floor":33,"turns":8},{"damage":35,"enemies":"3 Darklings","floor":35,"turns":4},{"damage":5,"enemies":"3 Shapes","floor":38,"turns":4},{"damage":36,"enemies":"Nemesis","floor":41,"turns":5},{"damage":8,"enemies":"Sphere and 2 Shapes","floor":46,"turns":5},{"damage":80,"enemies":"Donu and Deca","floor":50,"turns":8}],"seed_played":"7439142351611351038","potions_obtained":[{"floor":2,"key":"Fire Potion"},{"floor":11,"key":"Swift Potion"},{"floor":21,"key":"AttackPotion"},{"floor":22,"key":"FocusPotion"},{"floor":31,"key":"EssenceOfSteel"},{"floor":33,"key":"Explosive Potion"},{"floor":38,"key":"Strength Potion"},{"floor":46,"key":"EssenceOfSteel"}],"is_trial":false,"path_per_floor":["M","M","M","?","M","R","M","E","T","R","M","M","M","M","R","B",null,"M","?","?","?","M","R","E","R","T","M","M","E","M","M","R","B",null,"M","?","$","M","T","R","E","R","T","?","R","M","?","$","R","B"],"character_chosen":"DEFECT","items_purchased":["Frozen Egg 2","AttackPotion","Apotheosis"],"campfire_rested":4,"item_purchase_floors":[37,37,48],"current_hp_per_floor":[70,63,63,63,63,63,56,21,21,44,40,40,35,42,42,17,63,70,70,70,70,77,77,71,71,71,76,75,48,49,49,49,23,64,36,36,36,38,38,38,2,25,25,11,34,43,43,43,66,0],"gold":38,"neow_bonus":"TEN_PERCENT_HP_BONUS","is_prod":false,"is_daily":false,"chose_seed":false,"campfire_upgraded":6,"win_rate":0,"timestamp":1560523595,"path_taken":["M","M","?","?","?","R","M","E","T","R","M","M","M","M","R","BOSS","M","?","?","?","M","R","E","R","T","M","?","E","M","M","R","BOSS","M","?","$","M","?","R","E","R","T","?","R","?","?","$","R","BOSS"],"build_version":"2019-06-13","purchased_purges":1,"victory":false,"max_hp_per_floor":[78,78,78,78,78,78,78,78,78,78,78,78,78,78,78,78,78,78,78,78,78,78,78,78,78,78,78,78,78,78,78,78,78,78,78,78,78,78,78,78,78,78,78,78,78,78,78,78,78,78],"card_choices":[{"not_picked":["Rebound","Leap"],"picked":"Sunder","floor":1},{"not_picked":["Chaos","Gash"],"picked":"Genetic Algorithm","floor":2},{"not_picked":["Hologram","Fusion"],"picked":"FTL","floor":3},{"not_picked":["Stack","Redo","Beam Cell"],"picked":"SKIP","floor":5},{"not_picked":["Leap","Consume"],"picked":"Compile Driver","floor":7},{"not_picked":["Streamline","Force Field","Machine Learning"],"picked":"SKIP","floor":8},{"not_picked":["Compile Driver","Hologram"],"picked":"Cold Snap","floor":11},{"not_picked":["Blizzard","Heatsinks"],"picked":"Self Repair","floor":12},{"not_picked":["Cold Snap","Scrape"],"picked":"Defragment","floor":13},{"not_picked":["Leap","Rebound"],"picked":"Glacier","floor":14},{"not_picked":["Thunder Strike","Hyperbeam"],"picked":"All For One","floor":16},{"not_picked":["Barrage","Consume"],"picked":"Gash+1","floor":18},{"not_picked":["Compile Driver","Blizzard+1"],"picked":"Coolheaded+1","floor":22},{"not_picked":["Conserve Battery","Genetic Algorithm+1"],"picked":"Cold Snap","floor":24},{"not_picked":["Stack","Steam"],"picked":"Gash","floor":27},{"not_picked":["Rebound","Streamline"],"picked":"Auto Shields","floor":28},{"not_picked":["Cold Snap","Leap"],"picked":"Beam Cell","floor":29},{"not_picked":["Storm","Conserve Battery+1"],"picked":"Electrodynamics","floor":30},{"not_picked":["Aggregate","Sweeping Beam"],"picked":"Gash+1","floor":31},{"not_picked":["Creative AI","Thunder Strike"],"picked":"Meteor Strike","floor":33},{"not_picked":["Coolheaded","Melter"],"picked":"Gash+1","floor":35},{"not_picked":["Rip and Tear+1","Sweeping Beam+1","Cold Snap"],"picked":"SKIP","floor":38},{"not_picked":["Compile Driver","Barrage"],"picked":"Self Repair+1","floor":41},{"not_picked":["Sweeping Beam+1","Gash+1"],"picked":"Scrape+1","floor":46},{"not_picked":["Secret Technique","Jack Of All Trades"],"picked":"Dark Shackles","floor":47}],"player_experience":836646,"relics_obtained":[{"floor":8,"key":"Smiling Mask"},{"floor":9,"key":"Gambling Chip"},{"floor":24,"key":"Emotion Chip"},{"floor":26,"key":"Ancient Tea Set"},{"floor":29,"key":"StoneCalendar"},{"floor":39,"key":"Ice Cream"},{"floor":41,"key":"Molten Egg 2"},{"floor":43,"key":"Cables"}],"event_choices":[{"damage_healed":0,"gold_gain":0,"player_choice":"Upgraded","damage_taken":0,"max_hp_gain":0,"max_hp_loss":0,"event_name":"Upgrade Shrine","floor":4,"gold_loss":0,"cards_upgraded":["Genetic Algorithm"]},{"cards_removed":["Strike_B"],"damage_healed":0,"gold_gain":0,"player_choice":"Gave Gold","damage_taken":0,"max_hp_gain":0,"max_hp_loss":0,"event_name":"Beggar","floor":19,"gold_loss":75},{"damage_healed":0,"gold_gain":0,"cards_transformed":["Strike_B","Strike_B"],"player_choice":"Became Test Subject","damage_taken":0,"max_hp_gain":0,"max_hp_loss":0,"event_name":"Drug Dealer","floor":20,"gold_loss":0,"cards_obtained":["Hello World","Recycle"]},{"damage_healed":0,"gold_gain":0,"player_choice":"Got Potions","damage_taken":0,"max_hp_gain":0,"max_hp_loss":0,"event_name":"Lab","floor":21,"gold_loss":0},{"damage_healed":0,"gold_gain":0,"player_choice":"Ignored","damage_taken":0,"max_hp_gain":0,"max_hp_loss":0,"event_name":"Tomb of Lord Red Mask","floor":36,"gold_loss":0},{"damage_healed":0,"gold_gain":0,"player_choice":"Embrace Madness","damage_taken":14,"max_hp_gain":0,"max_hp_loss":0,"event_name":"Winding Halls","floor":44,"gold_loss":0,"cards_obtained":["Madness","Madness"]},{"damage_healed":0,"gold_gain":0,"player_choice":"Memory 1","damage_taken":0,"max_hp_gain":0,"max_hp_loss":0,"event_name":"SensoryStone","floor":47,"gold_loss":0}],"is_beta":true,"boss_relics":[{"not_picked":["Runic Pyramid","Eternal Feather"],"picked":"Nuclear Battery"},{"not_picked":["Pandora\u0027s Box","Philosopher\u0027s Stone"],"picked":"Inserter"}],"items_purged_floors":[37],"is_endless":false,"potions_floor_spawned":[2,11,12,13,22,31,33,38,46],"killed_by":"Donu and Deca","ascension_level":15}