{"gold_per_floor":[16,16,26,46,66,94,116,163,244,271,283,326,350,397,409,526,538,562,674,338,368,383,414,414,429,459,487,498,517,547,561,561,666,666,679,691,307,318,330,356,36,66,66,66,86,112,127,127,127,127],"floor_reached":51,"playtime":3376,"items_purged":["Defend_G"],"score":1232,"play_id":"ea582f9d-2d21-4bdf-83a1-bb977d0f7c8e","local_time":"20181007162718","is_ascension_mode":true,"campfire_choices":[{"data":"1","floor":11,"key":"LIFT"},{"data":"2","floor":15,"key":"LIFT"},{"data":"3","floor":24,"key":"LIFT"},{"data":"Choke","floor":32,"key":"SMITH"},{"data":"Envenom","floor":49,"key":"SMITH"}],"neow_cost":"NO_GOLD","seed_source_timestamp":1858759698844996,"circlet_count":0,"master_deck":["Defend_G","Defend_G","Defend_G+1","Strike_G","Strike_G","Strike_G","Strike_G","Survivor","Neutralize","Backstab+1","Slice+1","Riddle With Holes","Prepared","Cloak And Dagger","Backstab","Choke+1","Cloak And Dagger","Envenom+1","Tools of the Trade","Outmaneuver+1","Outmaneuver","Corpse Explosion","Endless Agony","Slice+1","Endless Agony","Cloak And Dagger","Backflip+1","Burst","Backstab","Distraction+1","Flying Knee","Cloak And Dagger+1","Escape Plan+1","Flying Knee","Envenom","Masterful Stab","Cloak And Dagger+1","Blur","Heel Hook+1","Slice+1","White Noise+1","Escape Plan","Choke+1","Slice+1","Corpse Explosion","Well Laid Plans","Impatience+1","Discovery","Tempest+1","Clash+1"],"relics":["Ring of the Snake","Bag of Marbles","MawBank","Girya","Gremlin Horn","Smiling Mask","Dodecahedron","Sozu","FossilizedHelix","Pear","Membership Card","Orichalcum","Red Mask","StoneCalendar","Tiny Chest","Oddly Smooth Stone","Nunchaku","Black Star","Bag of Preparation","Molten Egg 2","PrismaticShard","PreservedInsect","Juzu Bracelet","War Paint","Whetstone","Darkstone Periapt","Bottled Tornado","Matryoshka","Boot","Blood Vial","Vajra","Pantograph"],"potions_floor_usage":[12,18,22],"damage_taken":[{"damage":0,"enemies":"2 Louse","floor":1,"turns":3},{"damage":0,"enemies":"Cultist","floor":3,"turns":2},{"damage":0,"enemies":"Jaw Worm","floor":4,"turns":2},{"damage":0,"enemies":"Exordium Thugs","floor":5,"turns":5},{"damage":22,"enemies":"Lagavulin","floor":6,"turns":7},{"damage":0,"enemies":"Blue Slaver","floor":7,"turns":2},{"damage":0,"enemies":"Gremlin Nob","floor":8,"turns":2},{"damage":0,"enemies":"3 Louse","floor":10,"turns":1},{"damage":2,"enemies":"3 Sentries","floor":12,"turns":4},{"damage":0,"enemies":"Lots of Slimes","floor":13,"turns":1},{"damage":0,"enemies":"Gremlin Nob","floor":14,"turns":2},{"damage":32,"enemies":"Hexaghost","floor":16,"turns":8},{"damage":0,"enemies":"3 Byrds","floor":18,"turns":2},{"damage":0,"enemies":"Colosseum Slavers","floor":19,"turns":1},{"damage":0,"enemies":"Colosseum Nobs","floor":19,"turns":2},{"damage":0,"enemies":"Masked Bandits","floor":21,"turns":2},{"damage":0,"enemies":"2 Thieves","floor":22,"turns":2},{"damage":0,"enemies":"Slavers","floor":23,"turns":2},{"damage":0,"enemies":"3 Cultists","floor":25,"turns":3},{"damage":0,"enemies":"Gremlin Leader","floor":27,"turns":4},{"damage":0,"enemies":"Shelled Parasite and Fungi","floor":28,"turns":2},{"damage":0,"enemies":"Cultist and Chosen","floor":29,"turns":2},{"damage":0,"enemies":"Book of Stabbing","floor":30,"turns":2},{"damage":0,"enemies":"Centurion and Healer","floor":31,"turns":2},{"damage":56,"enemies":"Champ","floor":33,"turns":7},{"damage":0,"enemies":"3 Shapes","floor":35,"turns":1},{"damage":0,"enemies":"Orb Walker","floor":36,"turns":2},{"damage":0,"enemies":"Transient","floor":38,"turns":5},{"damage":8,"enemies":"Maw","floor":39,"turns":5},{"damage":0,"enemies":"Giant Head","floor":40,"turns":6},{"damage":0,"enemies":"Nemesis","floor":42,"turns":1},{"damage":0,"enemies":"Sphere and 2 Shapes","floor":45,"turns":1},{"damage":0,"enemies":"2 Orb Walkers","floor":46,"turns":3},{"damage":0,"enemies":"Spire Growth","floor":47,"turns":1},{"damage":32,"enemies":"Time Eater","floor":50,"turns":7}],"seed_played":"976700050934356445","potions_obtained":[{"floor":3,"key":"FairyPotion"},{"floor":5,"key":"GamblersBrew"},{"floor":7,"key":"PowerPotion"},{"floor":8,"key":"Explosive Potion"},{"floor":12,"key":"Explosive Potion"}],"is_trial":false,"path_per_floor":["M","?","M","M","M","E","M","E","T","M","R","E","M","E","R","B",null,"M","?","$","?","M","E","R","M","T","E","M","M","E","M","R","B",null,"M","M","$","M","M","E","$","E","T","?","M","E","M","T","R","B"],"character_chosen":"THE_SILENT","items_purchased":["Membership Card","Orichalcum","Endless Agony","Bag of Preparation","Molten Egg 2","PrismaticShard","Blur","Heel Hook+1","Slice+1","Choke+1","Slice+1","War Paint","Whetstone","Corpse Explosion","Well Laid Plans"],"campfire_rested":0,"item_purchase_floors":[20,20,20,37,37,37,37,37,37,41,41,41,41,41,41],"current_hp_per_floor":[70,70,70,70,70,48,48,48,48,48,48,46,46,46,46,14,70,70,80,80,80,80,80,80,80,80,80,80,80,80,80,80,24,80,80,80,80,80,72,72,72,72,72,77,77,77,79,79,79,48],"gold":127,"neow_bonus":"TRANSFORM_TWO_CARDS","is_prod":false,"is_daily":false,"chose_seed":false,"campfire_upgraded":2,"win_rate":0,"timestamp":1538951238,"path_taken":["M","?","M","M","M","E","?","E","T","M","R","E","M","E","R","BOSS","M","?","$","?","M","E","R","?","T","E","?","M","E","M","R","BOSS","M","M","$","?","M","E","$","E","T","?","M","E","M","?","R","BOSS"],"build_version":"2018-10-04v2","purchased_purges":1,"victory":true,"max_hp_per_floor":[70,70,70,70,70,70,70,70,70,70,70,70,70,70,70,70,70,70,80,80,80,80,80,80,80,80,80,80,80,80,80,80,80,80,80,80,80,80,80,80,80,80,80,80,80,80,80,80,80,80],"card_choices":[{"not_picked":["Bane","Heel Hook"],"picked":"Slice","floor":1},{"not_picked":["Acrobatics","Tactician"],"picked":"Riddle With Holes","floor":3},{"not_picked":["Calculated Gamble","Poisoned Stab"],"picked":"Prepared","floor":4},{"not_picked":["PiercingWail","Flying Knee"],"picked":"Cloak And Dagger","floor":5},{"not_picked":["Backflip","Accuracy"],"picked":"Backstab","floor":6},{"not_picked":["Quick Slash","Backflip"],"picked":"Choke","floor":7},{"not_picked":["Deflect","Distraction"],"picked":"Cloak And Dagger","floor":8},{"not_picked":["Deadly Poison","Predator"],"picked":"Envenom","floor":10},{"not_picked":["Deadly Poison","Outmaneuver"],"picked":"Tools of the Trade","floor":12},{"not_picked":["Dagger Spray","Backflip"],"picked":"Outmaneuver","floor":13},{"not_picked":["Dodge and Roll","Malaise"],"picked":"Outmaneuver","floor":14},{"not_picked":["Burst","Phantasmal Killer"],"picked":"Corpse Explosion","floor":16},{"not_picked":["Prepared","PiercingWail"],"picked":"Endless Agony","floor":18},{"not_picked":["Flechettes","Infinite Blades"],"picked":"Slice+1","floor":19},{"not_picked":["Acrobatics","Well Laid Plans"],"picked":"Cloak And Dagger","floor":21},{"not_picked":["Infinite Blades","Calculated Gamble"],"picked":"Backflip+1","floor":22},{"not_picked":["Dagger Spray","Bouncing Flask"],"picked":"Burst","floor":23},{"not_picked":["Dash","Distraction+1"],"picked":"Backstab","floor":25},{"not_picked":["Catalyst","Bane"],"picked":"Distraction+1","floor":27},{"not_picked":["Deflect","PiercingWail"],"picked":"Flying Knee","floor":28},{"not_picked":["Infinite Blades+1","Dodge and Roll"],"picked":"Cloak And Dagger+1","floor":29},{"not_picked":["Deflect","Crippling Poison"],"picked":"Escape Plan+1","floor":30},{"not_picked":["Terror","Escape Plan+1"],"picked":"Flying Knee","floor":31},{"not_picked":["Unload","Venomology"],"picked":"Envenom","floor":33},{"not_picked":["Outmaneuver+1","Poisoned Stab+1"],"picked":"Masterful Stab","floor":35},{"not_picked":["Caltrops","Sucker Punch"],"picked":"Cloak And Dagger+1","floor":36},{"not_picked":["Force Field+1","Steam"],"picked":"Go for the Eyes+1","floor":38},{"not_picked":["Consume+1","Cleave+1"],"picked":"White Noise+1","floor":39},{"not_picked":["Rip and Tear+1","Gash+1"],"picked":"Escape Plan","floor":40},{"not_picked":["Compile Driver+1","Stack+1"],"picked":"Impatience+1","floor":42},{"not_picked":["Rampage+1","Good Instincts+1"],"picked":"Discovery","floor":45},{"not_picked":["Blizzard+1","Genetic Algorithm+1"],"picked":"Tempest+1","floor":46},{"not_picked":["Clothesline+1","Havoc+1"],"picked":"Clash+1","floor":47}],"player_experience":69689,"relics_obtained":[{"floor":6,"key":"MawBank"},{"floor":8,"key":"Girya"},{"floor":9,"key":"Gremlin Horn"},{"floor":12,"key":"Smiling Mask"},{"floor":14,"key":"Dodecahedron"},{"floor":19,"key":"FossilizedHelix"},{"floor":19,"key":"Pear"},{"floor":21,"key":"Red Mask"},{"floor":23,"key":"StoneCalendar"},{"floor":26,"key":"Tiny Chest"},{"floor":27,"key":"Oddly Smooth Stone"},{"floor":30,"key":"Nunchaku"},{"floor":40,"key":"PreservedInsect"},{"floor":40,"key":"Juzu Bracelet"},{"floor":42,"key":"Darkstone Periapt"},{"floor":42,"key":"Bottled Tornado"},{"floor":43,"key":"Matryoshka"},{"floor":46,"key":"Boot"},{"floor":46,"key":"Blood Vial"},{"floor":48,"key":"Vajra"},{"floor":48,"key":"Pantograph"}],"event_choices":[{"event_name":"WeMeetAgain","player_choice":"Card","floor":2,"damage_taken":0},{"event_name":"Colosseum","player_choice":"Fight","floor":19,"damage_taken":0},{"event_name":"Colosseum","player_choice":"Fought Nobs","floor":19,"damage_taken":0},{"event_name":"Masked Bandits","player_choice":"Fought Bandits","floor":21,"damage_taken":0},{"event_name":"Bonfire Elementals","player_choice":"COMMON","floor":44,"damage_taken":0}],"is_beta":false,"boss_relics":[{"not_picked":["Empty Cage","Calling Bell"],"picked":"Sozu"},{"not_picked":["Lizard Tail","Runic Dome"],"picked":"Black Star"}],"items_purged_floors":[20],"is_endless":false,"potions_floor_spawned":[3,5,7,8,12,16,18,21,27,28,30,35,36,39,42,46],"ascension_level":1}