{"gold_per_floor":[116,116,116,116,130,173,173,188,211,249,249,199,223,242,242,341,341,361,361,68,68,88,88,106,106,160,174,174,208,208,231,231,324,324,347,372,49,49,69,69,133,172,224,236],"floor_reached":44,"playtime":2215,"items_purged":["Strike_B","Defend_B"],"score":801,"play_id":"4537ff91-7e18-41ed-86f1-53c41f62dd4a","local_time":"20190507145833","is_ascension_mode":true,"campfire_choices":[{"floor":7.0,"key":"REST"},{"floor":11.0,"key":"REST"},{"data":"Zap","floor":15.0,"key":"SMITH"},{"floor":23.0,"key":"REST"},{"floor":25.0,"key":"REST"},{"floor":30,"key":"REST"},{"data":"Hologram","floor":32,"key":"SMITH"},{"data":"Fission","floor":40,"key":"SMITH"}],"neow_cost":"PERCENT_DAMAGE","seed_source_timestamp":108332866993600,"circlet_count":0,"master_deck":["AscendersBane","Defend_B","Defend_B","Defend_B","Zap+1","Dualcast","Electrodynamics","Conserve Battery","Sweeping Beam","Cold Snap","Multi-Cast","Defragment","Undo","Ball Lightning","Fission+1","Steam+1","Hologram+1","Auto Shields","Cold Snap+1","Recycle","Echo Form","Leap","Compile Driver","Machine Learning","Turbo+1","Madness","Madness","Compile Driver+1","Coolheaded"],"special_seed":0,"relics":["FrozenCore","Golden Idol","Blood Vial","Calipers","PreservedInsect","Centennial Puzzle","Nilry\u0027s Codex","Runic Capacitor","Bronze Scales","Red Mask","Runic Pyramid","Membership Card","Art of War","Unceasing Top","Peace Pipe","MawBank"],"potions_floor_usage":[29,33,33,36,39],"damage_taken":[{"damage":9.0,"enemies":"Jaw Worm","floor":1.0,"turns":4.0},{"damage":4.0,"enemies":"Small Slimes","floor":5.0,"turns":4.0},{"damage":28.0,"enemies":"Lagavulin","floor":6.0,"turns":5.0},{"damage":0.0,"enemies":"2 Louse","floor":8.0,"turns":2.0},{"damage":9.0,"enemies":"3 Sentries","floor":10.0,"turns":3.0},{"damage":8.0,"enemies":"Blue Slaver","floor":13.0,"turns":4.0},{"damage":2.0,"enemies":"2 Fungi Beasts","floor":14.0,"turns":3.0},{"damage":30.0,"enemies":"The Guardian","floor":16.0,"turns":11.0},{"damage":25.0,"enemies":"3 Byrds","floor":18.0,"turns":3.0},{"damage":1.0,"enemies":"Spheric Guardian","floor":22.0,"turns":5.0},{"damage":3.0,"enemies":"Cultist and Chosen","floor":24.0,"turns":7.0},{"damage":9.0,"enemies":"Sentry and Sphere","floor":27.0,"turns":7.0},{"damage":29,"enemies":"Masked Bandits","floor":29,"turns":4},{"damage":0,"enemies":"Snecko","floor":31,"turns":5},{"damage":20,"enemies":"Champ","floor":33,"turns":13},{"damage":0,"enemies":"Orb Walker","floor":35,"turns":5},{"damage":10,"enemies":"3 Darklings","floor":36,"turns":6},{"damage":0,"enemies":"Maw","floor":39,"turns":5},{"damage":45,"enemies":"2 Orb Walkers","floor":41,"turns":6},{"damage":0,"enemies":"Giant Head","floor":42,"turns":7},{"damage":13,"enemies":"4 Shapes","floor":44,"turns":1}],"seed_played":"8001485173588272196","potions_obtained":[{"floor":5.0,"key":"Strength Potion"},{"floor":6.0,"key":"Explosive Potion"},{"floor":16.0,"key":"FocusPotion"},{"floor":22.0,"key":"SkillPotion"},{"floor":27.0,"key":"PowerPotion"},{"floor":29,"key":"Regen Potion"},{"floor":33,"key":"Block Potion"},{"floor":35,"key":"Regen Potion"},{"floor":36,"key":"SteroidPotion"}],"is_trial":false,"path_per_floor":["M","?","?","?","M","E","R","M","T","E","R","?","M","M","R","B",null,"M","?","$","?","M","R","M","R","T","M","?","?","R","M","R","B",null,"M","M","$","?","M","R","?","E","T","M"],"character_chosen":"DEFECT","items_purchased":["Hologram","Runic Capacitor","Membership Card","Art of War"],"campfire_rested":5,"item_purchase_floors":[20,20,37,37],"current_hp_per_floor":[37,37,37,30,28,2,21,23,23,16,35,35,29,29,29,1,50,27,11,11,11,12,31,30,49,49,42,42,15,34,36,36,33,58,60,52,52,44,51,51,8,10,10,0],"gold":236,"neow_bonus":"THREE_RARE_CARDS","is_prod":false,"is_daily":false,"chose_seed":false,"campfire_upgraded":3,"win_rate":0,"timestamp":1557233913,"path_taken":["M","?","?","?","M","E","R","M","T","E","R","?","M","M","R","BOSS","M","?","$","?","M","R","?","R","T","M","?","?","R","M","R","BOSS","M","M","$","?","M","R","?","E","T","M"],"build_version":"2019-04-23","purchased_purges":2,"victory":false,"max_hp_per_floor":[71,66,66,66,66,66,66,66,66,66,66,66,66,66,66,66,66,66,66,66,66,66,66,66,66,66,66,66,66,66,66,66,66,66,66,66,66,66,66,66,66,66,66,66],"card_choices":[{"not_picked":["Thunder Strike","Buffer"],"picked":"Electrodynamics","floor":0.0},{"not_picked":["Beam Cell","Double Energy"],"picked":"Conserve Battery","floor":1.0},{"not_picked":["Redo","Conserve Battery"],"picked":"Sweeping Beam","floor":5.0},{"not_picked":["Streamline","Beam Cell"],"picked":"Cold Snap","floor":6.0},{"not_picked":["Beam Cell","Hologram"],"picked":"Multi-Cast","floor":8.0},{"not_picked":["Heatsinks","Blizzard"],"picked":"Defragment","floor":10.0},{"not_picked":["Hello World","Skim"],"picked":"Undo","floor":13.0},{"not_picked":["Darkness","Defragment"],"picked":"Ball Lightning","floor":14.0},{"not_picked":["Multi-Cast","Amplify"],"picked":"Fission","floor":16.0},{"not_picked":["Rebound","Cold Snap"],"picked":"Steam+1","floor":18.0},{"not_picked":["Conserve Battery","Rebound"],"picked":"Cold Snap+1","floor":22.0},{"not_picked":["Force Field","Melter"],"picked":"Recycle","floor":24.0},{"not_picked":["Cold Snap","Turbo"],"picked":"Echo Form","floor":27.0},{"not_picked":["Steam","All For One"],"picked":"Leap","floor":29},{"not_picked":["Sweeping Beam","Ball Lightning"],"picked":"Compile Driver","floor":31},{"not_picked":["Rainbow","All For One"],"picked":"Machine Learning","floor":33},{"not_picked":["Stack","Leap","Melter"],"picked":"SKIP","floor":35},{"not_picked":["Self Repair","Cold Snap+1"],"picked":"Turbo+1","floor":36},{"not_picked":["Streamline","Sweeping Beam+1"],"picked":"Compile Driver+1","floor":39},{"not_picked":["Leap+1","Darkness"],"picked":"Coolheaded","floor":41},{"not_picked":["Barrage","Blizzard","Ball Lightning"],"picked":"SKIP","floor":42}],"player_experience":591932,"relics_obtained":[{"floor":6.0,"key":"Calipers"},{"floor":9.0,"key":"PreservedInsect"},{"floor":10.0,"key":"Centennial Puzzle"},{"floor":19.0,"key":"Nilry\u0027s Codex"},{"floor":26.0,"key":"Bronze Scales"},{"floor":29,"key":"Red Mask"},{"floor":41,"key":"Unceasing Top"},{"floor":42,"key":"Peace Pipe"},{"floor":43,"key":"MawBank"}],"event_choices":[{"damage_healed":0.0,"max_hp_gain":0.0,"max_hp_loss":5.0,"gold_gain":0.0,"event_name":"Golden Idol","player_choice":"Lose Max HP","floor":2.0,"gold_loss":0.0,"damage_taken":0.0,"relics_obtained":["Golden Idol"]},{"damage_healed":0.0,"max_hp_gain":0.0,"max_hp_loss":0.0,"gold_gain":0.0,"event_name":"Big Fish","player_choice":"Box","floor":3.0,"gold_loss":0.0,"damage_taken":0.0,"relics_obtained":["Blood Vial"],"cards_obtained":["Regret"]},{"cards_removed":["Regret"],"damage_healed":0.0,"max_hp_gain":0.0,"max_hp_loss":0.0,"gold_gain":0.0,"event_name":"Golden Wing","player_choice":"Card Removal","floor":4.0,"gold_loss":0.0,"damage_taken":7.0},{"cards_removed":["Strike_B"],"damage_healed":0.0,"max_hp_gain":0.0,"max_hp_loss":0.0,"gold_gain":0.0,"event_name":"The Cleric","player_choice":"Card Removal","floor":12.0,"gold_loss":50.0,"damage_taken":0.0},{"damage_healed":0.0,"max_hp_gain":0.0,"max_hp_loss":0.0,"gold_gain":0.0,"event_name":"Cursed Tome","player_choice":"Obtained Book","floor":19.0,"gold_loss":0.0,"damage_taken":16.0},{"damage_healed":0.0,"max_hp_gain":0.0,"max_hp_loss":0.0,"gold_gain":0.0,"cards_transformed":["Strike_B"],"event_name":"Transmorgrifier","player_choice":"Transformed","floor":21.0,"gold_loss":0.0,"damage_taken":0.0,"cards_obtained":["Auto Shields"]},{"cards_removed":["Strike_B"],"damage_healed":0.0,"max_hp_gain":0.0,"max_hp_loss":0.0,"gold_gain":0.0,"event_name":"Back to Basics","player_choice":"Elegance","floor":28.0,"gold_loss":0.0,"damage_taken":0.0},{"damage_healed":0,"gold_gain":0,"player_choice":"Fought Bandits","damage_taken":0,"max_hp_gain":0,"max_hp_loss":0,"event_name":"Masked Bandits","floor":29,"gold_loss":0},{"damage_healed":0,"gold_gain":0,"player_choice":"Embrace Madness","damage_taken":8,"max_hp_gain":0,"max_hp_loss":0,"event_name":"Winding Halls","floor":38,"gold_loss":0,"cards_obtained":["Madness","Madness"]},{"damage_healed":0,"gold_gain":0,"player_choice":"Fight","damage_taken":0,"max_hp_gain":0,"max_hp_loss":0,"event_name":"Mysterious Sphere","floor":41,"gold_loss":0}],"is_beta":true,"boss_relics":[{"not_picked":["Tiny House","White Beast Statue"],"picked":"FrozenCore"},{"not_picked":["Orrery","Runic Dome"],"picked":"Runic Pyramid"}],"items_purged_floors":[20,37],"is_endless":false,"potions_floor_spawned":[5,6,16,22,27,29,33,35,36],"killed_by":"4 Shapes","ascension_level":14}