{"gold_per_floor":[115,132,142,142,9,9,24,54,54,82,93,93,93,93,93,171,171,181,181,194,194,212,212,223,104,104,117,136,136,154,154],"floor_reached":31,"playtime":991,"items_purged":["Strike_G"],"score":486,"play_id":"f1ca3b4c-fa72-4c5b-8164-8837e721dd87","local_time":"20190609183627","is_ascension_mode":true,"campfire_choices":[{"data":"Noxious Fumes","floor":6,"key":"SMITH"},{"floor":13,"key":"REST"},{"floor":15,"key":"REST"},{"data":"Footwork","floor":23,"key":"SMITH"}],"neow_cost":"NONE","seed_source_timestamp":561257837498600,"circlet_count":0,"master_deck":["AscendersBane","Strike_G","Strike_G","Defend_G","Defend_G+1","Defend_G","Defend_G","Defend_G","Survivor","Neutralize+1","Poisoned Stab","Leg Sweep","Noxious Fumes+1","Slice","Quick Slash","Backstab","Bouncing Flask","Deflect","Adrenaline","Dash","Noxious Fumes+1","Footwork+1","Finisher+1","Noxious Fumes","Footwork","Deflect+1","Dodge and Roll"],"relics":["Ring of the Snake","Ornamental Fan","Mercury Hourglass","Sundial","Coffee Dripper","Gambling Chip"],"potions_floor_usage":[10,18,19,22],"damage_taken":[{"damage":4,"enemies":"Jaw Worm","floor":1,"turns":4},{"damage":6,"enemies":"Cultist","floor":2,"turns":5},{"damage":0,"enemies":"2 Louse","floor":3,"turns":2},{"damage":1,"enemies":"Blue Slaver","floor":7,"turns":5},{"damage":22,"enemies":"3 Sentries","floor":8,"turns":7},{"damage":2,"enemies":"Lagavulin","floor":10,"turns":8},{"damage":3,"enemies":"Exordium Thugs","floor":11,"turns":3},{"damage":8,"enemies":"The Guardian","floor":16,"turns":11},{"damage":0,"enemies":"2 Thieves","floor":18,"turns":4},{"damage":0,"enemies":"Chosen","floor":20,"turns":4},{"damage":18,"enemies":"Snake Plant","floor":22,"turns":5},{"damage":24,"enemies":"3 Cultists","floor":24,"turns":5},{"damage":4,"enemies":"Cultist and Chosen","floor":27,"turns":5},{"damage":0,"enemies":"Snecko","floor":28,"turns":4},{"damage":11,"enemies":"Snake Plant","floor":30,"turns":5},{"damage":27,"enemies":"Cultist and Chosen","floor":31,"turns":3}],"seed_played":"6574268209637968793","potions_obtained":[{"floor":3,"key":"EssenceOfSteel"},{"floor":8,"key":"Explosive Potion"},{"floor":10,"key":"SpeedPotion"},{"floor":19,"key":"Fruit Juice"},{"floor":19,"key":"Poison Potion"},{"floor":20,"key":"AttackPotion"}],"is_trial":false,"path_per_floor":["M","M","M","?","$","R","M","E","T","E","M","?","R","?","R","B",null,"M","?","M","?","M","R","M","$","T","M","M","?","M","M"],"character_chosen":"THE_SILENT","items_purchased":["Noxious Fumes","Slice","Noxious Fumes"],"campfire_rested":2,"item_purchase_floors":[5,5,25],"current_hp_per_floor":[61,55,55,55,55,55,54,32,32,30,27,5,26,26,47,39,64,64,69,69,69,51,51,27,27,27,23,23,38,27,0],"gold":154,"neow_bonus":"TEN_PERCENT_HP_BONUS","is_prod":false,"is_daily":false,"chose_seed":false,"campfire_upgraded":2,"win_rate":0,"timestamp":1560098187,"path_taken":["M","M","M","?","?","R","M","E","T","E","?","?","R","?","R","BOSS","M","?","?","?","M","R","M","?","T","M","?","?","M","M"],"build_version":"2019-06-07","purchased_purges":1,"victory":false,"max_hp_per_floor":[72,72,72,72,72,72,72,72,72,72,72,72,72,72,72,72,72,72,77,77,77,77,77,77,77,77,77,77,77,77,77],"card_choices":[{"not_picked":["Dagger Spray","Eviscerate"],"picked":"Poisoned Stab","floor":1},{"not_picked":["Concentrate","Deadly Poison"],"picked":"Leg Sweep","floor":2},{"not_picked":["Masterful Stab","Deadly Poison","Eviscerate"],"picked":"SKIP","floor":3},{"not_picked":["Sucker Punch","Slice"],"picked":"Quick Slash","floor":7},{"not_picked":["Tactician","Dagger Spray"],"picked":"Backstab","floor":8},{"not_picked":["Terror","Backflip"],"picked":"Bouncing Flask","floor":10},{"not_picked":["Heel Hook","Endless Agony"],"picked":"Deflect","floor":11},{"not_picked":["Die Die Die","Venomology"],"picked":"Adrenaline","floor":16},{"not_picked":["Quick Slash","Flying Knee"],"picked":"Dash","floor":18},{"not_picked":["Sucker Punch","Slice+1","Flying Knee+1"],"picked":"SKIP","floor":20},{"not_picked":["Flying Knee","Deadly Poison"],"picked":"Footwork","floor":22},{"not_picked":["Deadly Poison","Die Die Die"],"picked":"Finisher+1","floor":24},{"not_picked":["Bouncing Flask","Flying Knee"],"picked":"Footwork","floor":27},{"not_picked":["Footwork","Prepared"],"picked":"Deflect+1","floor":28},{"not_picked":["PiercingWail","Reflex"],"picked":"Dodge and Roll","floor":30}],"player_experience":807910,"relics_obtained":[{"floor":8,"key":"Ornamental Fan"},{"floor":9,"key":"Mercury Hourglass"},{"floor":10,"key":"Sundial"},{"floor":26,"key":"Gambling Chip"}],"event_choices":[{"cards_removed":["Strike_G"],"damage_healed":0,"gold_gain":0,"player_choice":"Purged","damage_taken":0,"max_hp_gain":0,"max_hp_loss":0,"event_name":"Purifier","floor":4,"gold_loss":0},{"damage_healed":0,"gold_gain":0,"player_choice":"Entered Light","damage_taken":22,"max_hp_gain":0,"max_hp_loss":0,"event_name":"Shining Light","floor":12,"gold_loss":0,"cards_upgraded":["Defend_G","Neutralize"]},{"cards_removed":["Strike_G"],"damage_healed":0,"gold_gain":0,"player_choice":"Forget","damage_taken":0,"max_hp_gain":0,"max_hp_loss":0,"event_name":"Living Wall","floor":14,"gold_loss":0},{"damage_healed":0,"gold_gain":0,"player_choice":"Got Potions","damage_taken":0,"max_hp_gain":0,"max_hp_loss":0,"event_name":"Lab","floor":19,"gold_loss":0},{"damage_healed":0,"gold_gain":0,"player_choice":"Copied","damage_taken":0,"max_hp_gain":0,"max_hp_loss":0,"event_name":"Duplicator","floor":21,"gold_loss":0,"cards_obtained":["Noxious Fumes"]},{"damage_healed":15,"gold_gain":0,"player_choice":"Heal","damage_taken":0,"max_hp_gain":0,"max_hp_loss":0,"event_name":"The Library","floor":29,"gold_loss":0}],"is_beta":true,"boss_relics":[{"not_picked":["Busted Crown","Eternal Feather"],"picked":"Coffee Dripper"}],"items_purged_floors":[25],"is_endless":false,"potions_floor_spawned":[3,8,10,16,20],"killed_by":"Cultist and Chosen","ascension_level":19}