{"gold_per_floor":[116,131,33,308,319,319,339,339,363,388,398,416,12,27,27,103,103,119,132,82,92,103,103,134,146,146,146,146,162,37,57,57,57],"floor_reached":33,"playtime":1175,"items_purged":["Pain","Regret","Strike_B"],"score":507,"play_id":"135b4c99-6b7d-4eda-b84d-bf9872dcd2dc","local_time":"20190508001320","is_ascension_mode":true,"campfire_choices":[{"data":"Zap","floor":6,"key":"SMITH"},{"data":"Turbo","floor":8,"key":"SMITH"},{"floor":15,"key":"REST"},{"floor":23,"key":"REST"},{"floor":28,"key":"REST"},{"floor":32,"key":"REST"}],"neow_cost":"CURSE","seed_source_timestamp":142703291517100,"circlet_count":0,"master_deck":["AscendersBane","Strike_B","Defend_B","Defend_B+1","Defend_B+1","Defend_B","Zap+1","Dualcast","Core Surge","Cold Snap","Cold Snap","Turbo+1","BootSequence","Sweeping Beam","Compile Driver","Genetic Algorithm","Loop","Ball Lightning","Recycle","Seek","Chill","Compile Driver","Hologram","Ball Lightning+1","Defragment","Leap+1","Multi-Cast","Consume","Go for the Eyes"],"relics":["Cracked Core","PreservedInsect","Happy Flower","Symbiotic Virus","Nuclear Battery","War Paint","Gremlin Horn"],"potions_floor_usage":[16,18,24,24,31,33],"damage_taken":[{"damage":4,"enemies":"2 Louse","floor":1,"turns":2},{"damage":3,"enemies":"Cultist","floor":2,"turns":3},{"damage":3,"enemies":"Small Slimes","floor":5,"turns":3},{"damage":8,"enemies":"Exordium Wildlife","floor":7,"turns":4},{"damage":14,"enemies":"Gremlin Nob","floor":10,"turns":4},{"damage":0,"enemies":"2 Fungi Beasts","floor":11,"turns":3},{"damage":10,"enemies":"Exordium Thugs","floor":12,"turns":3},{"damage":5,"enemies":"Gremlin Gang","floor":14,"turns":4},{"damage":28,"enemies":"Hexaghost","floor":16,"turns":8},{"damage":9,"enemies":"2 Thieves","floor":18,"turns":4},{"damage":0,"enemies":"Chosen","floor":19,"turns":4},{"damage":2,"enemies":"Snecko","floor":21,"turns":4},{"damage":25,"enemies":"Snake Plant","floor":22,"turns":6},{"damage":0,"enemies":"Gremlin Leader","floor":24,"turns":4},{"damage":6,"enemies":"Sentry and Sphere","floor":25,"turns":4},{"damage":5,"enemies":"Snecko","floor":29,"turns":3},{"damage":9,"enemies":"Chosen and Byrds","floor":31,"turns":4},{"damage":64,"enemies":"Champ","floor":33,"turns":14}],"seed_played":"5375134607496952774","potions_obtained":[{"floor":1,"key":"Ancient Potion"},{"floor":10,"key":"Dexterity Potion"},{"floor":14,"key":"FocusPotion"},{"floor":16,"key":"Block Potion"},{"floor":19,"key":"Fire Potion"},{"floor":24,"key":"Poison Potion"},{"floor":29,"key":"Swift Potion"}],"is_trial":false,"path_per_floor":["M","M","$","?","M","R","M","R","T","E","M","M","$","M","R","B",null,"M","M","?","M","M","R","E","M","T","?","R","M","$","M","R","B"],"character_chosen":"DEFECT","items_purchased":["Turbo","Ball Lightning","Symbiotic Virus"],"campfire_rested":4,"item_purchase_floors":[3,13,13],"current_hp_per_floor":[60,57,57,57,54,54,46,46,46,32,32,22,22,17,38,10,56,47,47,47,45,20,41,41,35,35,35,56,51,51,42,63,0],"gold":57,"neow_bonus":"THREE_RARE_CARDS","is_prod":false,"is_daily":false,"chose_seed":false,"campfire_upgraded":2,"win_rate":0,"timestamp":1557267200,"path_taken":["M","M","$","?","M","R","M","R","T","E","M","M","$","M","R","BOSS","M","M","?","M","M","R","E","?","T","?","R","M","?","M","R","BOSS"],"build_version":"2019-04-23","purchased_purges":3,"victory":false,"max_hp_per_floor":[71,71,71,71,71,71,71,71,71,71,71,71,71,71,71,71,71,71,71,71,71,71,71,71,71,71,71,71,71,71,71,71,71],"card_choices":[{"not_picked":["Creative AI","Reboot"],"picked":"Core Surge","floor":0},{"not_picked":["Sweeping Beam","Hologram"],"picked":"Cold Snap","floor":1},{"not_picked":["Skim","Stack"],"picked":"Cold Snap","floor":2},{"not_picked":["Leap","Streamline"],"picked":"BootSequence","floor":5},{"not_picked":["Scrape","Beam Cell"],"picked":"Sweeping Beam","floor":7},{"not_picked":["Meteor Strike","Chaos"],"picked":"Compile Driver","floor":10},{"not_picked":["Beam Cell","Coolheaded"],"picked":"Genetic Algorithm","floor":11},{"not_picked":["Hologram","Stack"],"picked":"Loop","floor":12},{"not_picked":["Steam","Rip and Tear"],"picked":"Recycle","floor":14},{"not_picked":["Reboot","Creative AI"],"picked":"Seek","floor":16},{"not_picked":["Gash","Turbo"],"picked":"Chill","floor":18},{"not_picked":["Force Field","Rebound+1"],"picked":"Compile Driver","floor":19},{"not_picked":["Cold Snap","Reprogram"],"picked":"Hologram","floor":21},{"not_picked":["Gash","Reinforced Body"],"picked":"Ball Lightning+1","floor":22},{"not_picked":["Aggregate","Sweeping Beam"],"picked":"Defragment","floor":24},{"not_picked":["Rebound","Seek"],"picked":"Leap+1","floor":25},{"not_picked":["Streamline","Stack","Genetic Algorithm"],"picked":"SKIP","floor":29},{"not_picked":["Fusion","Streamline"],"picked":"Go for the Eyes","floor":31}],"player_experience":596418,"relics_obtained":[{"floor":9,"key":"PreservedInsect"},{"floor":10,"key":"Happy Flower"},{"floor":24,"key":"War Paint"},{"floor":26,"key":"Gremlin Horn"}],"event_choices":[{"damage_healed":0,"gold_gain":275,"player_choice":"Desecrate","damage_taken":0,"max_hp_gain":0,"max_hp_loss":0,"event_name":"Golden Shrine","floor":4,"gold_loss":0,"cards_obtained":["Regret"]},{"damage_healed":0,"gold_gain":0,"player_choice":"Bet on Murderer","damage_taken":0,"max_hp_gain":0,"max_hp_loss":0,"event_name":"The Joust","floor":20,"gold_loss":50},{"damage_healed":0,"gold_gain":0,"cards_transformed":["Strike_B","Strike_B"],"player_choice":"Became Test Subject","damage_taken":0,"max_hp_gain":0,"max_hp_loss":0,"event_name":"Drug Dealer","floor":27,"gold_loss":0,"cards_obtained":["Multi-Cast","Consume"]}],"is_beta":true,"boss_relics":[{"not_picked":["Coffee Dripper","Calling Bell"],"picked":"Nuclear Battery"}],"items_purged_floors":[3,13,30],"is_endless":false,"potions_floor_spawned":[1,10,14,16,19,24,29],"killed_by":"Champ","ascension_level":14}