{"gold_per_floor":[118,136,153,173,31,63,63,79,106,117,145,145,176,176,176,296,296,276,297,317,317],"floor_reached":21,"playtime":1800,"items_purged":[],"score":296,"play_id":"57a8fb18-9d05-462b-90bb-1e501ff4def8","local_time":"20190524203552","is_ascension_mode":true,"campfire_choices":[{"data":"Noxious Fumes","floor":7.0,"key":"SMITH"},{"data":"Noxious Fumes","floor":15.0,"key":"SMITH"}],"neow_cost":"NONE","seed_source_timestamp":0,"circlet_count":0,"master_deck":["Defend_G","Defend_G","Defend_G","Defend_G","Defend_G","Strike_G","Strike_G","Strike_G","Strike_G","Strike_G","Survivor","Neutralize+1","Cloak And Dagger","Backflip","PiercingWail","Backstab","Noxious Fumes+1","Cloak And Dagger","Bane","Dodge and Roll","Deadly Poison","Outmaneuver","Leg Sweep+1","Noxious Fumes+1","Venomology","Cloak And Dagger","Bane+1","Flechettes"],"special_seed":0,"relics":["Ring of the Snake","Omamori","Regal Pillow","Centennial Puzzle","Vajra","Golden Idol","Black Star"],"potions_floor_usage":[21],"damage_taken":[{"damage":0.0,"enemies":"Jaw Worm","floor":1.0,"turns":5.0},{"damage":0.0,"enemies":"Small Slimes","floor":2.0,"turns":3.0},{"damage":0.0,"enemies":"Cultist","floor":3.0,"turns":4.0},{"damage":0.0,"enemies":"Gremlin Gang","floor":4.0,"turns":7.0},{"damage":13.0,"enemies":"Lagavulin","floor":6.0,"turns":8.0},{"damage":0.0,"enemies":"Looter","floor":8.0,"turns":3.0},{"damage":0.0,"enemies":"2 Fungi Beasts","floor":10.0,"turns":4.0},{"damage":0.0,"enemies":"Gremlin Nob","floor":11.0,"turns":3.0},{"damage":4.0,"enemies":"Lagavulin","floor":13.0,"turns":9.0},{"damage":4.0,"enemies":"Hexaghost","floor":16.0,"turns":9.0},{"damage":6.0,"enemies":"2 Thieves","floor":18.0,"turns":5.0},{"damage":26.0,"enemies":"Spheric Guardian","floor":19.0,"turns":6.0},{"damage":13.0,"enemies":"Snecko","floor":20.0,"turns":6.0},{"damage":23,"enemies":"Shelled Parasite and Fungi","floor":21,"turns":4}],"seed_played":"3002338941590542858","potions_obtained":[{"floor":2.0,"key":"Ancient Potion"},{"floor":3.0,"key":"Fire Potion"},{"floor":10.0,"key":"AttackPotion"},{"floor":13.0,"key":"Strength Potion"},{"floor":16.0,"key":"GhostInAJar"}],"is_trial":false,"path_per_floor":["M","M","M","M","$","E","R","M","T","M","E","?","E","?","R","B",null,"M","M","M","M"],"character_chosen":"THE_SILENT","items_purchased":["Noxious Fumes","Cloak And Dagger","Bane"],"campfire_rested":0,"item_purchase_floors":[5,5,5],"current_hp_per_floor":[63,63,63,63,63,50,50,50,50,50,50,50,46,46,46,42,63,57,31,18,0],"gold":317,"neow_bonus":"UPGRADE_CARD","is_prod":false,"is_daily":false,"chose_seed":false,"campfire_upgraded":2,"win_rate":0,"timestamp":1558751752,"path_taken":["M","M","M","M","$","E","R","M","T","M","E","?","E","?","R","BOSS","M","M","M","M"],"build_version":"2019-01-23","purchased_purges":0,"victory":false,"max_hp_per_floor":[70,70,70,70,70,70,70,70,70,70,70,70,70,70,70,70,70,70,70,70,70],"card_choices":[{"not_picked":["Backflip","Poisoned Stab"],"picked":"Cloak And Dagger","floor":1.0},{"not_picked":["Acrobatics","Dagger Spray"],"picked":"Backflip","floor":2.0},{"not_picked":["Sucker Punch","Outmaneuver"],"picked":"PiercingWail","floor":3.0},{"not_picked":["Calculated Gamble","Underhanded Strike"],"picked":"Backstab","floor":4.0},{"not_picked":["Dagger Throw","Finisher"],"picked":"Dodge and Roll","floor":6.0},{"not_picked":["Riddle With Holes","Choke"],"picked":"Deadly Poison","floor":8.0},{"not_picked":["Storm of Steel","Underhanded Strike"],"picked":"Outmaneuver","floor":10.0},{"not_picked":["Cloak And Dagger","Bane"],"picked":"Leg Sweep","floor":11.0},{"not_picked":["Masterful Stab","Choke"],"picked":"Noxious Fumes","floor":13.0},{"not_picked":["A Thousand Cuts","Glass Knife"],"picked":"Venomology","floor":16.0},{"not_picked":["Acrobatics","Sucker Punch"],"picked":"Cloak And Dagger","floor":18.0},{"not_picked":["Underhanded Strike","PiercingWail"],"picked":"Bane+1","floor":19.0},{"not_picked":["Blade Dance","Expertise+1"],"picked":"Flechettes","floor":20}],"player_experience":233360,"relics_obtained":[{"floor":6.0,"key":"Omamori"},{"floor":9.0,"key":"Regal Pillow"},{"floor":11.0,"key":"Centennial Puzzle"},{"floor":13.0,"key":"Vajra"}],"event_choices":[{"damage_healed":0.0,"max_hp_gain":0.0,"max_hp_loss":0.0,"gold_gain":0.0,"event_name":"Living Wall","player_choice":"Grow","floor":12.0,"gold_loss":0.0,"damage_taken":0.0,"cards_upgraded":["Leg Sweep"]},{"damage_healed":0.0,"max_hp_gain":0.0,"max_hp_loss":0.0,"gold_gain":0.0,"event_name":"Golden Idol","player_choice":"Take Wound","floor":14.0,"gold_loss":0.0,"damage_taken":0.0,"relics_obtained":["Golden Idol"],"cards_obtained":["Injury"]}],"is_beta":false,"boss_relics":[{"not_picked":["Orrery","Coffee Dripper"],"picked":"Black Star"}],"items_purged_floors":[],"is_endless":false,"potions_floor_spawned":[2,3,10,13,16],"killed_by":"Shelled Parasite and Fungi","ascension_level":6}