{"gold_per_floor":[124,150,162,189,201,213,250,293,328,340],"floor_reached":10,"playtime":274,"items_purged":[],"score":116,"play_id":"4ed9e612-2cce-4fbf-8bc8-b084c5e15b81","local_time":"20190614001831","is_ascension_mode":true,"campfire_choices":[{"data":"Neutralize","floor":6,"key":"SMITH"}],"neow_cost":"NONE","seed_source_timestamp":51463288037300,"circlet_count":0,"master_deck":["AscendersBane","Strike_G","Strike_G","Strike_G","Strike_G","Strike_G","Defend_G","Defend_G","Defend_G","Defend_G","Defend_G","Survivor","Neutralize+1","Dagger Throw","Slice","Caltrops","Leg Sweep","Wraith Form v2"],"relics":["Ring of the Snake","MawBank","Golden Idol","Odd Mushroom","Regal Pillow"],"potions_floor_usage":[10],"damage_taken":[{"damage":5,"enemies":"Jaw Worm","floor":1,"turns":5},{"damage":0,"enemies":"2 Louse","floor":2,"turns":2},{"damage":0,"enemies":"Small Slimes","floor":4,"turns":3},{"damage":14,"enemies":"3 Louse","floor":7,"turns":4},{"damage":11,"enemies":"The Mushroom Lair","floor":8,"turns":5},{"damage":34,"enemies":"3 Sentries","floor":10,"turns":4}],"seed_played":"5612483315915392230","potions_obtained":[{"floor":1,"key":"LiquidBronze"},{"floor":4,"key":"Swift Potion"},{"floor":8,"key":"SkillPotion"}],"is_trial":false,"path_per_floor":["M","M","?","M","?","R","M","?","T","E"],"character_chosen":"THE_SILENT","items_purchased":[],"campfire_rested":0,"item_purchase_floors":[],"current_hp_per_floor":[54,54,31,31,53,53,39,28,28,0],"gold":340,"neow_bonus":"RANDOM_COMMON_RELIC","is_prod":false,"is_daily":false,"chose_seed":false,"campfire_upgraded":1,"win_rate":0,"timestamp":1560464311,"path_taken":["M","M","?","M","?","R","M","?","T","E"],"build_version":"2019-06-12","purchased_purges":0,"victory":false,"max_hp_per_floor":[66,66,66,66,66,66,66,66,66,66],"card_choices":[{"not_picked":["Expertise","Cloak And Dagger"],"picked":"Dagger Throw","floor":1},{"not_picked":["Bouncing Flask","Choke"],"picked":"Slice","floor":2},{"not_picked":["Leg Sweep","Masterful Stab"],"picked":"Caltrops","floor":4},{"not_picked":["Acrobatics","Dodge and Roll"],"picked":"Leg Sweep","floor":7},{"not_picked":["Quick Slash","Deadly Poison"],"picked":"Wraith Form v2","floor":8}],"player_experience":829086,"relics_obtained":[{"floor":8,"key":"Odd Mushroom"},{"floor":9,"key":"Regal Pillow"}],"event_choices":[{"damage_healed":0,"gold_gain":0,"player_choice":"Take Damage","damage_taken":23,"relics_obtained":["Golden Idol"],"max_hp_gain":0,"max_hp_loss":0,"event_name":"Golden Idol","floor":3,"gold_loss":0},{"damage_healed":22,"gold_gain":0,"player_choice":"Banana","damage_taken":0,"max_hp_gain":0,"max_hp_loss":0,"event_name":"Big Fish","floor":5,"gold_loss":0},{"damage_healed":0,"gold_gain":0,"player_choice":"Fought Mushrooms","damage_taken":0,"max_hp_gain":0,"max_hp_loss":0,"event_name":"Mushrooms","floor":8,"gold_loss":0}],"is_beta":true,"boss_relics":[],"items_purged_floors":[],"is_endless":false,"potions_floor_spawned":[1,4,8],"killed_by":"3 Sentries","ascension_level":20}