{"gold_per_floor":[365,365,376,396,46,79,94,124,149,149],"floor_reached":10,"playtime":428,"items_purged":[],"score":125,"play_id":"b9655dc4-adea-4657-80aa-f3d2098f69e3","local_time":"20190620003143","is_ascension_mode":true,"campfire_choices":[],"neow_cost":"TEN_PERCENT_HP_LOSS","seed_source_timestamp":72765378559796,"circlet_count":0,"master_deck":["AscendersBane","Defend_G","Defend_G","Defend_G","Defend_G","Defend_G","Strike_G","Strike_G","Strike_G","Strike_G+1","Strike_G+1","Survivor","Neutralize","Leg Sweep","Quick Slash","Flash of Steel","Neutralize","Quick Slash","Bane","Terror","Infinite Blades","Dodge and Roll","Poisoned Stab","Poisoned Stab","Acrobatics"],"relics":["Ring of the Snake","Membership Card","Blood Vial","Singing Bowl","PreservedInsect","Whetstone"],"potions_floor_usage":[8,10],"damage_taken":[{"damage":1,"enemies":"2 Louse","floor":1,"turns":3},{"damage":0,"enemies":"Cultist","floor":3,"turns":4},{"damage":2,"enemies":"Jaw Worm","floor":4,"turns":4},{"damage":30,"enemies":"Gremlin Nob","floor":6,"turns":5},{"damage":20,"enemies":"Large Slime","floor":7,"turns":6},{"damage":10,"enemies":"Lagavulin","floor":8,"turns":6},{"damage":12,"enemies":"Gremlin Gang","floor":10,"turns":3}],"seed_played":"-2711482023582710535","potions_obtained":[{"floor":1,"key":"Strength Potion"},{"floor":8,"key":"GamblersBrew"}],"is_trial":false,"path_per_floor":["M","?","M","M","$","E","M","E","T","M"],"character_chosen":"THE_SILENT","items_purchased":["Membership Card","Blood Vial","Terror","Infinite Blades","Dodge and Roll"],"campfire_rested":0,"item_purchase_floors":[5,5,5,5,5],"current_hp_per_floor":[62,62,62,60,60,32,14,6,6,0],"gold":149,"neow_bonus":"TWO_FIFTY_GOLD","is_prod":false,"is_daily":false,"chose_seed":false,"campfire_upgraded":0,"win_rate":0,"timestamp":1561012303,"path_taken":["M","?","M","M","$","E","?","E","T","M"],"build_version":"2019-01-23","purchased_purges":0,"victory":false,"max_hp_per_floor":[63,63,63,63,63,63,63,63,63,63],"card_choices":[{"not_picked":["Slice","Flying Knee"],"picked":"Leg Sweep","floor":1},{"not_picked":["Outmaneuver","Accuracy"],"picked":"Quick Slash","floor":3},{"not_picked":["Acrobatics","Underhanded Strike"],"picked":"Bane","floor":4},{"not_picked":["Sucker Punch","Quick Slash"],"picked":"Poisoned Stab","floor":6},{"not_picked":["Reflex","Deflect"],"picked":"Poisoned Stab","floor":7},{"not_picked":["Riddle With Holes","Heel Hook"],"picked":"Acrobatics","floor":8}],"player_experience":372008,"relics_obtained":[{"floor":6,"key":"Singing Bowl"},{"floor":8,"key":"PreservedInsect"},{"floor":9,"key":"Whetstone"}],"event_choices":[{"damage_healed":0,"gold_gain":0,"player_choice":"3 cards matched","damage_taken":0,"max_hp_gain":0,"max_hp_loss":0,"event_name":"Match and Keep!","floor":2,"gold_loss":0,"cards_obtained":["Quick Slash","Flash of Steel","Neutralize"]}],"is_beta":false,"boss_relics":[],"items_purged_floors":[],"is_endless":false,"potions_floor_spawned":[1,8],"killed_by":"Gremlin Gang","ascension_level":12}