{"gold_per_floor":[109,109,34,45,61,61,91,103,103,122,122,184,212,312,312,415,415,425,345,545,555,277,277,310,310,310,327,327,356,374,93,93,195,195,211,223,28,28,28,28,28,38,38,38,38,38,56,56,56,56,56,56,18,18],"floor_reached":54,"playtime":4203,"items_purged":["Strike_R","Strike_R","Strike_R","Writhe"],"score":681,"play_id":"8e83495c-fa43-4c88-8337-88df6c12445e","local_time":"20190624001336","is_ascension_mode":false,"campfire_choices":[{"data":"Demon Form","floor":6.0,"key":"SMITH"},{"data":"Bash","floor":11.0,"key":"SMITH"},{"floor":15.0,"key":"REST"},{"data":"Limit Break","floor":23,"key":"SMITH"},{"floor":25,"key":"REST"},{"floor":28,"key":"REST"},{"floor":32,"key":"REST"},{"floor":40,"key":"REST"},{"floor":44,"key":"RECALL"},{"floor":46,"key":"REST"},{"data":"Metallicize","floor":49,"key":"SMITH"},{"data":"Double Tap","floor":52,"key":"SMITH"}],"neow_cost":"NONE","seed_source_timestamp":0,"circlet_count":0,"master_deck":["Strike_R","Defend_R","Defend_R","Defend_R","Defend_R","Bash+1","Demon Form+1","Headbutt","Metallicize+1","Clothesline","Heavy Blade","Flex","Searing Blow","Limit Break+1","Pommel Strike","Inflame","Iron Wave","Twin Strike","Armaments+1","Heavy Blade","Double Tap+1","Cleave","Entrench+1","Parasite","Pain"],"special_seed":0,"relics":["Burning Blood","NeowsBlessing","Dream Catcher","The Courier","Mercury Hourglass","Cursed Key","Lantern","Pen Nib","Centennial Puzzle","Frozen Egg 2","ClockworkSouvenir","Philosopher\u0027s Stone","Shuriken","Question Card"],"potions_floor_usage":[18,24,29,29,29,29,33,50],"damage_taken":[{"damage":0.0,"enemies":"Small Slimes","floor":1.0,"turns":1.0},{"damage":0.0,"enemies":"Cultist","floor":4.0,"turns":1.0},{"damage":0.0,"enemies":"Jaw Worm","floor":5.0,"turns":1.0},{"damage":34.0,"enemies":"Gremlin Nob","floor":7.0,"turns":6.0},{"damage":2.0,"enemies":"Blue Slaver","floor":8.0,"turns":6.0},{"damage":0.0,"enemies":"Looter","floor":10.0,"turns":4.0},{"damage":25.0,"enemies":"Gremlin Nob","floor":12.0,"turns":5.0},{"damage":8.0,"enemies":"3 Sentries","floor":13.0,"turns":7.0},{"damage":33.0,"enemies":"Hexaghost","floor":16.0,"turns":9.0},{"damage":1,"enemies":"Chosen","floor":18,"turns":4},{"damage":11,"enemies":"Shell Parasite","floor":21,"turns":4},{"damage":40,"enemies":"Book of Stabbing","floor":24,"turns":5},{"damage":34,"enemies":"Sentry and Sphere","floor":27,"turns":6},{"damage":12,"enemies":"Slavers","floor":29,"turns":5},{"damage":8,"enemies":"Centurion and Healer","floor":30,"turns":6},{"damage":59,"enemies":"Automaton","floor":33,"turns":7},{"damage":11,"enemies":"Orb Walker","floor":35,"turns":2},{"damage":28,"enemies":"3 Darklings","floor":36,"turns":3},{"damage":15,"enemies":"Writhing Mass","floor":42,"turns":3},{"damage":5,"enemies":"Jaw Worm Horde","floor":47,"turns":4},{"damage":78,"enemies":"Time Eater","floor":50,"turns":6},{"damage":86,"enemies":"Shield and Spear","floor":54,"turns":5}],"seed_played":"-7304716298600282576","potions_obtained":[{"floor":4.0,"key":"SteroidPotion"},{"floor":7.0,"key":"SteroidPotion"},{"floor":10.0,"key":"Dexterity Potion"},{"floor":12.0,"key":"Strength Potion"},{"floor":18,"key":"AttackPotion"},{"floor":27,"key":"EntropicBrew"},{"floor":29,"key":"LiquidBronze"},{"floor":35,"key":"Dexterity Potion"},{"floor":42,"key":"Fire Potion"}],"is_trial":false,"path_per_floor":["M","?","$","M","M","R","E","M","T","M","R","?","E","?","R","B",null,"M","$","?","M","$","R","E","R","T","M","R","E","M","$","R","B",null,"M","M","$","?","$","R","?","M","T","R","?","R","M","$","R","B",null,"R","$","E"],"character_chosen":"IRONCLAD","items_purchased":["Lantern","Inflame","ClockworkSouvenir","Shuriken","Poison Potion"],"campfire_rested":6,"item_purchase_floors":[22,22,31,37,53],"current_hp_per_floor":[80,80,80,80,80,80,52,56,56,62,62,43,41,41,65,38,80,80,80,80,75,75,75,41,65,65,37,61,55,53,53,77,24,80,75,53,53,53,53,77,77,68,68,68,68,80,80,80,80,8,80,80,80,0],"gold":18,"neow_bonus":"THREE_ENEMY_KILL","is_prod":false,"is_daily":false,"chose_seed":false,"campfire_upgraded":5,"win_rate":0,"timestamp":1561349616,"path_taken":["M","?","$","M","?","R","E","M","T","M","R","?","E","?","R","BOSS","M","$","?","M","$","R","E","R","T","M","R","E","M","?","R","BOSS","M","M","$","?","$","R","?","M","T","R","?","R","M","?","R","BOSS","R","$","E"],"build_version":"2019-01-23","purchased_purges":4,"victory":false,"max_hp_per_floor":[80,80,80,80,80,80,80,80,80,80,80,80,80,80,80,80,80,80,80,80,80,80,80,80,80,80,80,80,80,80,80,80,80,80,80,80,80,80,80,80,80,80,80,80,80,80,80,80,80,80,80,80,80,80],"card_choices":[{"not_picked":["Perfected Strike","Havoc","Clothesline"],"picked":"SKIP","floor":1.0},{"not_picked":["Dropkick","Sever Soul"],"picked":"Metallicize","floor":4.0},{"not_picked":["Pommel Strike","Reckless Charge"],"picked":"Clothesline","floor":5.0},{"not_picked":["Anger","Burning Pact","True Grit"],"picked":"SKIP","floor":7.0},{"not_picked":["True Grit","Hemokinesis","Havoc"],"picked":"SKIP","floor":8.0},{"not_picked":["Clash","Sentinel"],"picked":"Heavy Blade","floor":10.0},{"not_picked":["Pommel Strike","Sentinel"],"picked":"Flex","floor":12.0},{"not_picked":["Warcry","Flame Barrier"],"picked":"Searing Blow","floor":13.0},{"not_picked":["Immolate","Brutality"],"picked":"Limit Break","floor":16.0},{"not_picked":["Feel No Pain+1","Pummel","Headbutt"],"picked":"SKIP","floor":18},{"not_picked":["Perfected Strike","Body Slam"],"picked":"Pommel Strike","floor":21},{"not_picked":["Flex","Pummel"],"picked":"Iron Wave","floor":24},{"not_picked":["Carnage","Iron Wave"],"picked":"Twin Strike","floor":25},{"not_picked":["Wild Strike","Headbutt","Anger"],"picked":"SKIP","floor":27},{"not_picked":["Blood for Blood+1","Iron Wave","Burning Pact+1"],"picked":"SKIP","floor":29},{"not_picked":["Whirlwind","Barricade+1"],"picked":"Armaments+1","floor":30},{"not_picked":["Clash+1","Perfected Strike"],"picked":"Heavy Blade","floor":32},{"not_picked":["Berserk+1","Fiend Fire"],"picked":"Double Tap","floor":33},{"not_picked":["Perfected Strike+1","Dropkick+1","Havoc"],"picked":"SKIP","floor":35},{"not_picked":["True Grit","Power Through+1"],"picked":"Cleave","floor":36},{"not_picked":["Seeing Red+1","Rupture+1"],"picked":"Entrench+1","floor":40},{"not_picked":["Hemokinesis","Offering","True Grit"],"picked":"SKIP","floor":42},{"not_picked":["Evolve+1","Pummel+1","Combust+1","Seeing Red"],"picked":"SKIP","floor":47}],"player_experience":123485,"relics_obtained":[{"floor":7.0,"key":"Dream Catcher"},{"floor":13.0,"key":"Mercury Hourglass"},{"floor":24,"key":"Pen Nib"},{"floor":26,"key":"Centennial Puzzle"},{"floor":29,"key":"Frozen Egg 2"},{"floor":43,"key":"Question Card"}],"event_choices":[{"damage_healed":0.0,"max_hp_gain":0.0,"max_hp_loss":0.0,"gold_gain":0.0,"event_name":"Match and Keep!","player_choice":"2 cards matched","floor":2.0,"gold_loss":0.0,"damage_taken":0.0,"cards_obtained":["Demon Form","Headbutt"]},{"damage_healed":0.0,"max_hp_gain":0.0,"max_hp_loss":0.0,"gold_gain":30.0,"event_name":"Dead Adventurer","player_choice":"Searched \u00273\u0027 times","floor":12.0,"gold_loss":0.0,"damage_taken":0.0,"relics_obtained":["The Courier"]},{"damage_healed":0.0,"max_hp_gain":0.0,"max_hp_loss":0.0,"gold_gain":100.0,"event_name":"Golden Shrine","player_choice":"Pray","floor":14.0,"gold_loss":0.0,"damage_taken":0.0},{"damage_healed":0,"gold_gain":200,"player_choice":"Gold","damage_taken":0,"max_hp_gain":0,"max_hp_loss":0,"event_name":"Wheel of Change","floor":20,"gold_loss":0},{"cards_removed":["Strike_R"],"damage_healed":0,"gold_gain":0,"player_choice":"Removed Attack","damage_taken":0,"max_hp_gain":0,"max_hp_loss":0,"event_name":"Falling","floor":38,"gold_loss":0},{"damage_healed":0,"gold_gain":0,"player_choice":"Ignored","damage_taken":0,"max_hp_gain":0,"max_hp_loss":0,"event_name":"Mysterious Sphere","floor":41,"gold_loss":0},{"damage_healed":0,"gold_gain":0,"player_choice":"Memory 1","damage_taken":0,"max_hp_gain":0,"max_hp_loss":0,"event_name":"SensoryStone","floor":45,"gold_loss":0}],"is_beta":false,"boss_relics":[{"not_picked":["Empty Cage","Eternal Feather"],"picked":"Cursed Key"},{"not_picked":["Orrery","Coffee Dripper"],"picked":"Philosopher\u0027s Stone"}],"items_purged_floors":[3,19,22,31],"is_endless":false,"potions_floor_spawned":[4,7,10,12,18,27,29,35,42],"killed_by":"Shield and Spear","ascension_level":0}