{"gold_per_floor":[12,31,44,54,54,86,86,115,140,174,139,139,171,171,171,266,266,280,297,297,312,312],"floor_reached":22,"playtime":1486,"items_purged":[],"score":287,"play_id":"1882ef5b-4a49-4d11-8944-74cbcf00738b","local_time":"20190516220042","is_ascension_mode":true,"campfire_choices":[{"data":"Doom and Gloom","floor":7,"key":"SMITH"},{"data":"Conserve Battery","floor":12,"key":"SMITH"},{"data":"Fusion","floor":15,"key":"SMITH"}],"neow_cost":"NO_GOLD","seed_source_timestamp":62806134938650,"circlet_count":0,"master_deck":["Strike_B","Strike_B","Strike_B","Strike_B","Defend_B","Defend_B","Defend_B","Defend_B","Dualcast","Beam Cell","Ball Lightning","Doom and Gloom+1","Conserve Battery+1","Compile Driver","Ball Lightning","Rip and Tear","Fusion+1","Electrodynamics","Stack","Coolheaded","Capacitor","Compile Driver"],"relics":["Cracked Core","The Courier","Lantern","Blood Vial","PreservedInsect","Pantograph","Inserter"],"potions_floor_usage":[6,6,8,16,21,21],"damage_taken":[{"damage":7,"enemies":"Small Slimes","floor":1,"turns":3},{"damage":0,"enemies":"2 Louse","floor":2,"turns":2},{"damage":2,"enemies":"Jaw Worm","floor":3,"turns":2},{"damage":3,"enemies":"3 Louse","floor":4,"turns":2},{"damage":0,"enemies":"3 Sentries","floor":6,"turns":5},{"damage":13,"enemies":"Lagavulin","floor":8,"turns":4},{"damage":10,"enemies":"Gremlin Nob","floor":10,"turns":3},{"damage":10,"enemies":"3 Sentries","floor":13,"turns":4},{"damage":60,"enemies":"The Guardian","floor":16,"turns":9},{"damage":38,"enemies":"3 Byrds","floor":18,"turns":4},{"damage":12,"enemies":"Chosen","floor":19,"turns":4},{"damage":12,"enemies":"Shelled Parasite and Fungi","floor":21,"turns":7},{"damage":41,"enemies":"Cultist and Chosen","floor":22,"turns":5}],"seed_played":"-174103866972697090","potions_obtained":[{"floor":1,"key":"SkillPotion"},{"floor":2,"key":"FocusPotion"},{"floor":6,"key":"SpeedPotion"},{"floor":10,"key":"Swift Potion"},{"floor":13,"key":"Ancient Potion"},{"floor":18,"key":"PowerPotion"}],"is_trial":false,"path_per_floor":["M","M","M","M","?","E","R","E","T","E","?","R","E","?","R","B",null,"M","M","?","M","M"],"character_chosen":"DEFECT","items_purchased":[],"campfire_rested":0,"item_purchase_floors":[],"current_hp_per_floor":[82,82,80,77,70,70,70,57,57,49,71,71,63,63,63,29,89,51,41,41,31,0],"gold":312,"neow_bonus":"TWENTY_PERCENT_HP_BONUS","is_prod":false,"is_daily":false,"chose_seed":false,"campfire_upgraded":3,"win_rate":0,"timestamp":1558065642,"path_taken":["M","M","M","M","?","E","R","E","T","E","?","R","E","?","R","BOSS","M","M","?","M","M"],"build_version":"2019-01-23","purchased_purges":0,"victory":false,"max_hp_per_floor":[89,89,89,89,89,89,89,89,89,89,89,89,89,89,89,89,89,89,89,89,89,89],"card_choices":[{"not_picked":["Force Field","Barrage"],"picked":"Beam Cell","floor":1},{"not_picked":["Heatsinks","Steam"],"picked":"Ball Lightning","floor":2},{"not_picked":["Coolheaded","Recycle"],"picked":"Doom and Gloom","floor":3},{"not_picked":["Leap","Hologram"],"picked":"Conserve Battery","floor":4},{"not_picked":["Reprogram","Rainbow"],"picked":"Compile Driver","floor":6},{"not_picked":["Beam Cell","Streamline"],"picked":"Ball Lightning","floor":8},{"not_picked":["Chaos","Reprogram"],"picked":"Rainbow","floor":10},{"not_picked":["Stack","Gash"],"picked":"Rip and Tear","floor":13},{"not_picked":["Rainbow","Machine Learning"],"picked":"Electrodynamics","floor":16},{"not_picked":["Leap+1","Conserve Battery"],"picked":"Stack","floor":18},{"not_picked":["Gash","Hologram"],"picked":"Coolheaded","floor":19},{"not_picked":["Heatsinks","Force Field"],"picked":"Compile Driver","floor":21}],"player_experience":199413,"relics_obtained":[{"floor":6,"key":"The Courier"},{"floor":8,"key":"Lantern"},{"floor":9,"key":"Blood Vial"},{"floor":10,"key":"PreservedInsect"},{"floor":13,"key":"Pantograph"}],"event_choices":[{"cards_removed":["Zap"],"damage_healed":0,"gold_gain":0,"player_choice":"Card Removal","damage_taken":7,"max_hp_gain":0,"max_hp_loss":0,"event_name":"Golden Wing","floor":5,"gold_loss":0},{"damage_healed":22,"gold_gain":0,"player_choice":"Healed","damage_taken":0,"max_hp_gain":0,"max_hp_loss":0,"event_name":"The Cleric","floor":11,"gold_loss":35},{"damage_healed":0,"gold_gain":0,"cards_transformed":["Rainbow"],"player_choice":"Change","damage_taken":0,"max_hp_gain":0,"max_hp_loss":0,"event_name":"Living Wall","floor":14,"gold_loss":0,"cards_obtained":["Fusion"]},{"damage_healed":0,"gold_gain":0,"player_choice":"Read","damage_taken":0,"max_hp_gain":0,"max_hp_loss":0,"event_name":"The Library","floor":20,"gold_loss":0,"cards_obtained":["Capacitor"]}],"is_beta":false,"boss_relics":[{"not_picked":["Velvet Choker","Sozu"],"picked":"Inserter"}],"items_purged_floors":[],"is_endless":false,"potions_floor_spawned":[1,2,6,10,13,18],"killed_by":"Cultist and Chosen","ascension_level":4}