{"gold_per_floor":[116,416,416,81,91,116,149,161,226,238,267,297,342,354,366,378],"floor_reached":16,"playtime":602,"items_purged":["Regret"],"score":216,"play_id":"1be195c2-10e8-4f5e-a96d-90f83421aa01","local_time":"20190626091941","is_ascension_mode":true,"campfire_choices":[{"data":"Footwork","floor":8.0,"key":"SMITH"},{"data":"Well Laid Plans","floor":10.0,"key":"SMITH"},{"floor":15,"key":"REST"}],"neow_cost":"NONE","seed_source_timestamp":200813055717900,"circlet_count":0,"master_deck":["AscendersBane","Strike_G","Strike_G","Strike_G","Strike_G","Strike_G","Defend_G","Defend_G","Defend_G","Defend_G","Defend_G","Survivor","Neutralize","Heel Hook","Footwork+1","Dagger Spray","Well Laid Plans+1","Dash","Dodge and Roll","Dodge and Roll","Die Die Die"],"special_seed":0,"relics":["Ring of the Snake","Juzu Bracelet","Old Coin","Tingsha","Lee\u0027s Waffle","MawBank","Odd Mushroom","PreservedInsect","Anchor"],"potions_floor_usage":[13,13],"damage_taken":[{"damage":0.0,"enemies":"Jaw Worm","floor":1.0,"turns":5.0},{"damage":3.0,"enemies":"Small Slimes","floor":5.0,"turns":5.0},{"damage":16.0,"enemies":"3 Sentries","floor":6.0,"turns":8.0},{"damage":13.0,"enemies":"The Mushroom Lair","floor":7.0,"turns":5.0},{"damage":4.0,"enemies":"Cultist","floor":11.0,"turns":5.0},{"damage":2.0,"enemies":"Exordium Wildlife","floor":12.0,"turns":4.0},{"damage":21,"enemies":"Lagavulin","floor":13,"turns":9},{"damage":50,"enemies":"Slime Boss","floor":16,"turns":10}],"seed_played":"6657446788221166140","potions_obtained":[{"floor":5.0,"key":"Strength Potion"},{"floor":11.0,"key":"Regen Potion"},{"floor":12.0,"key":"FearPotion"}],"is_trial":false,"path_per_floor":["M","?","?","$","M","E","?","R","T","R","M","M","E","?","R","B"],"character_chosen":"THE_SILENT","items_purchased":["Footwork","Lee\u0027s Waffle"],"campfire_rested":1,"item_purchase_floors":[4,4],"current_hp_per_floor":[59,59,48,73,70,54,41,41,41,41,37,35,29,29,50,0],"gold":378,"neow_bonus":"RANDOM_COMMON_RELIC","is_prod":false,"is_daily":false,"chose_seed":false,"campfire_upgraded":2,"win_rate":0,"timestamp":1561533581,"path_taken":["M","?","?","$","M","E","?","R","T","R","M","M","E","?","R","BOSS"],"build_version":"2019-06-24","purchased_purges":1,"victory":false,"max_hp_per_floor":[66,66,66,73,73,73,73,73,73,73,73,73,73,73,73,73],"card_choices":[{"not_picked":["PiercingWail","Blade Dance"],"picked":"Heel Hook","floor":1.0},{"not_picked":["Dagger Throw","Dodge and Roll"],"picked":"Dagger Spray","floor":5.0},{"not_picked":["Backflip","All Out Attack"],"picked":"Well Laid Plans","floor":6.0},{"not_picked":["Eviscerate","Underhanded Strike"],"picked":"Dash","floor":7.0},{"not_picked":["Reflex","Underhanded Strike"],"picked":"Dodge and Roll","floor":11.0},{"not_picked":["Skewer","Acrobatics"],"picked":"Dodge and Roll","floor":12.0},{"not_picked":["Setup","Deflect"],"picked":"Die Die Die","floor":13}],"player_experience":890905,"relics_obtained":[{"floor":6.0,"key":"MawBank"},{"floor":7.0,"key":"Odd Mushroom"},{"floor":9.0,"key":"PreservedInsect"},{"floor":13,"key":"Anchor"}],"event_choices":[{"damage_healed":0.0,"max_hp_gain":0.0,"max_hp_loss":0.0,"gold_gain":0.0,"event_name":"Big Fish","player_choice":"Box","floor":2.0,"gold_loss":0.0,"damage_taken":0.0,"relics_obtained":["Old Coin"],"cards_obtained":["Regret"]},{"damage_healed":0.0,"max_hp_gain":0.0,"max_hp_loss":0.0,"gold_gain":0.0,"event_name":"Scrap Ooze","player_choice":"Success","floor":3.0,"gold_loss":0.0,"damage_taken":11.0,"relics_obtained":["Tingsha"]},{"damage_healed":0.0,"max_hp_gain":0.0,"max_hp_loss":0.0,"gold_gain":0.0,"event_name":"Mushrooms","player_choice":"Fought Mushrooms","floor":7.0,"gold_loss":0.0,"damage_taken":0.0},{"damage_healed":0,"gold_gain":0,"player_choice":"Ignored","damage_taken":0,"max_hp_gain":0,"max_hp_loss":0,"event_name":"Liars Game","floor":14,"gold_loss":0}],"is_beta":true,"boss_relics":[],"items_purged_floors":[4],"is_endless":false,"potions_floor_spawned":[5,11,12],"killed_by":"Slime Boss","ascension_level":20}