{"gold_per_floor":[112,126,145,145,163,163,198,198,277,288,318,22,32,50,50,125,125,142,157,187,187],"floor_reached":21,"playtime":804,"items_purged":["Strike_B"],"score":401,"play_id":"b78d22c6-cc7e-4e5e-9812-1f57723e7741","local_time":"20190623111710","is_ascension_mode":true,"campfire_choices":[{"data":"Zap","floor":6,"key":"SMITH"},{"data":"Chaos","floor":8,"key":"SMITH"},{"data":"Dualcast","floor":15,"key":"SMITH"}],"neow_cost":"NONE","seed_source_timestamp":868084261742400,"circlet_count":0,"master_deck":["AscendersBane","Strike_B","Strike_B","Strike_B","Defend_B+1","Defend_B+1","Defend_B","Defend_B","Zap+1","Dualcast+1","Chaos+1","Ball Lightning","Reinforced Body","Ball Lightning","Glacier","Leap","Compile Driver","Reinforced Body","Buffer","Conserve Battery","Reboot"],"relics":["Cracked Core","Du-Vu Doll","Pear","War Paint","Orichalcum","Black Star","Tiny Chest"],"potions_floor_usage":[5,7,13,16],"damage_taken":[{"damage":5,"enemies":"2 Louse","floor":1,"turns":3},{"damage":0,"enemies":"Cultist","floor":2,"turns":3},{"damage":4,"enemies":"Jaw Worm","floor":3,"turns":4},{"damage":10,"enemies":"Gremlin Gang","floor":5,"turns":4},{"damage":18,"enemies":"3 Sentries","floor":7,"turns":8},{"damage":1,"enemies":"Looter","floor":10,"turns":3},{"damage":10,"enemies":"Lagavulin","floor":11,"turns":5},{"damage":1,"enemies":"2 Fungi Beasts","floor":13,"turns":2},{"damage":0,"enemies":"Large Slime","floor":14,"turns":5},{"damage":35,"enemies":"Hexaghost","floor":16,"turns":10},{"damage":7,"enemies":"Shell Parasite","floor":18,"turns":6},{"damage":8,"enemies":"Spheric Guardian","floor":19,"turns":4},{"damage":57,"enemies":"Cultist and Chosen","floor":21,"turns":5}],"seed_played":"1979681932935503172","potions_obtained":[{"floor":3,"key":"Block Potion"},{"floor":4,"key":"Fire Potion"},{"floor":5,"key":"Energy Potion"},{"floor":7,"key":"Swift Potion"},{"floor":11,"key":"Dexterity Potion"},{"floor":13,"key":"Fruit Juice"},{"floor":14,"key":"Fire Potion"},{"floor":16,"key":"SkillPotion"}],"is_trial":false,"path_per_floor":["M","M","M","?","M","R","E","R","T","M","E","$","M","M","R","B",null,"M","M","?","M"],"character_chosen":"DEFECT","items_purchased":["Orichalcum","Leap"],"campfire_rested":0,"item_purchase_floors":[12,12],"current_hp_per_floor":[66,66,62,62,52,52,34,34,44,43,33,33,37,37,37,2,70,63,55,55,0],"gold":187,"neow_bonus":"TEN_PERCENT_HP_BONUS","is_prod":false,"is_daily":false,"chose_seed":false,"campfire_upgraded":3,"win_rate":0,"timestamp":1561281430,"path_taken":["M","M","M","?","M","R","E","R","T","M","E","$","M","M","R","BOSS","M","M","?","?"],"build_version":"2019-06-21","purchased_purges":1,"victory":false,"max_hp_per_floor":[78,78,78,78,78,78,78,78,88,88,88,88,93,93,93,93,93,93,93,93,93],"card_choices":[{"not_picked":["Redo","Streamline"],"picked":"Chaos","floor":1},{"not_picked":["Rip and Tear","Rebound"],"picked":"Ball Lightning","floor":2},{"not_picked":["Skim","Redo"],"picked":"Reinforced Body","floor":3},{"not_picked":["Steam Power","Leap"],"picked":"Ball Lightning","floor":5},{"not_picked":["Compile Driver","Redo"],"picked":"Glacier","floor":7},{"not_picked":["Chaos","Blizzard","Heatsinks"],"picked":"SKIP","floor":10},{"not_picked":["Amplify","Thunder Strike","Blizzard"],"picked":"SKIP","floor":11},{"not_picked":["Coolheaded","Turbo"],"picked":"Compile Driver","floor":13},{"not_picked":["Steam","Tempest"],"picked":"Reinforced Body","floor":14},{"not_picked":["Fission","Meteor Strike"],"picked":"Buffer","floor":16},{"not_picked":["Stack","Barrage"],"picked":"Conserve Battery","floor":18},{"not_picked":["Doom and Gloom","Hello World"],"picked":"Reboot","floor":19}],"player_experience":871452,"relics_obtained":[{"floor":7,"key":"Du-Vu Doll"},{"floor":9,"key":"Pear"},{"floor":11,"key":"War Paint"}],"event_choices":[{"damage_healed":0,"gold_gain":0,"player_choice":"Got Potions","damage_taken":0,"max_hp_gain":0,"max_hp_loss":0,"event_name":"Lab","floor":4,"gold_loss":0},{"damage_healed":0,"gold_gain":0,"player_choice":"Gave Potion","damage_taken":0,"relics_obtained":["Tiny Chest"],"max_hp_gain":0,"max_hp_loss":0,"event_name":"WeMeetAgain","floor":20,"gold_loss":0}],"is_beta":true,"boss_relics":[{"not_picked":["Astrolabe","Empty Cage"],"picked":"Black Star"}],"items_purged_floors":[12],"is_endless":false,"potions_floor_spawned":[3,5,7,11,13,14,16],"killed_by":"Cultist and Chosen","ascension_level":19}