{"gold_per_floor":[368,387,28,43,59,59,86,105,158,113,127,127,142,170,170,170],"floor_reached":16,"playtime":910,"items_purged":[],"score":160,"play_id":"250387ee-c3a6-4fc2-82df-020338f412a3","local_time":"20190605042654","is_ascension_mode":true,"campfire_choices":[{"data":"Noxious Fumes","floor":6,"key":"SMITH"},{"data":"Noxious Fumes","floor":12,"key":"SMITH"},{"data":"Tools of the Trade","floor":15,"key":"SMITH"}],"neow_cost":"TEN_PERCENT_HP_LOSS","seed_source_timestamp":1308457324889007,"circlet_count":0,"master_deck":["Defend_G","Defend_G","Defend_G","Defend_G","Defend_G","Strike_G","Strike_G","Strike_G","Strike_G","Strike_G","Survivor","Neutralize","Backflip","Outmaneuver","Noxious Fumes+1","Noxious Fumes+1","Dramatic Entrance","Bouncing Flask","Dodge and Roll","Dash","Corpse Explosion","Predator","Noxious Fumes","Tools of the Trade+1"],"relics":["Ring of the Snake","DollysMirror","Bag of Preparation","Bag of Marbles","Question Card"],"potions_floor_usage":[5,7,14,16],"damage_taken":[{"damage":0,"enemies":"Cultist","floor":1,"turns":4},{"damage":0,"enemies":"Small Slimes","floor":2,"turns":4},{"damage":4,"enemies":"Jaw Worm","floor":4,"turns":4},{"damage":8,"enemies":"Lots of Slimes","floor":5,"turns":3},{"damage":24,"enemies":"3 Sentries","floor":7,"turns":5},{"damage":0,"enemies":"Red Slaver","floor":8,"turns":5},{"damage":0,"enemies":"2 Fungi Beasts","floor":11,"turns":2},{"damage":0,"enemies":"3 Louse","floor":13,"turns":1},{"damage":8,"enemies":"Gremlin Nob","floor":14,"turns":3},{"damage":21,"enemies":"The Guardian","floor":16,"turns":5}],"seed_played":"1214947941568621501","potions_obtained":[{"floor":1,"key":"GhostInAJar"},{"floor":4,"key":"Weak Potion"},{"floor":5,"key":"SkillPotion"},{"floor":11,"key":"Explosive Potion"}],"is_trial":false,"path_per_floor":["M","M","$","M","M","R","E","M","T","?","M","R","M","E","R","B"],"character_chosen":"THE_SILENT","items_purchased":["Noxious Fumes","DollysMirror","Dramatic Entrance"],"campfire_rested":0,"item_purchase_floors":[3,3,3],"current_hp_per_floor":[63,63,63,59,51,51,27,27,27,27,27,27,27,19,19,0],"gold":170,"neow_bonus":"TWO_FIFTY_GOLD","is_prod":false,"is_daily":false,"chose_seed":false,"campfire_upgraded":3,"win_rate":0,"timestamp":1559730414,"path_taken":["M","M","$","M","M","R","E","M","T","?","M","R","M","E","R","BOSS"],"build_version":"2019-01-23","purchased_purges":0,"victory":false,"max_hp_per_floor":[63,63,63,63,63,63,63,63,63,63,63,63,63,63,63,63],"card_choices":[{"not_picked":["Endless Agony","Slice"],"picked":"Backflip","floor":1},{"not_picked":["Masterful Stab","Reflex"],"picked":"Outmaneuver","floor":2},{"not_picked":["Eviscerate","Choke"],"picked":"Bouncing Flask","floor":4},{"not_picked":["Deflect","Prepared"],"picked":"Dodge and Roll","floor":5},{"not_picked":["Sucker Punch","Flying Knee"],"picked":"Dash","floor":7},{"not_picked":["Cloak And Dagger","Dagger Spray"],"picked":"Corpse Explosion","floor":8},{"not_picked":["Backflip","PiercingWail"],"picked":"Predator","floor":11},{"not_picked":["Cloak And Dagger","Outmaneuver"],"picked":"Noxious Fumes","floor":13},{"not_picked":["Underhanded Strike","Sucker Punch"],"picked":"Tools of the Trade","floor":14}],"player_experience":295577,"relics_obtained":[{"floor":7,"key":"Bag of Preparation"},{"floor":9,"key":"Bag of Marbles"},{"floor":14,"key":"Question Card"}],"event_choices":[{"damage_healed":0,"gold_gain":0,"player_choice":"Left Gold","damage_taken":0,"max_hp_gain":0,"max_hp_loss":0,"event_name":"World of Goop","floor":10,"gold_loss":45}],"is_beta":false,"boss_relics":[],"items_purged_floors":[],"is_endless":false,"potions_floor_spawned":[1,4,5,11],"killed_by":"The Guardian","ascension_level":8}