{"gold_per_floor":[210,3,23,36,47,60,60,93,93,124,124,89,89,123,123,248,248,264,53,67,67,67],"floor_reached":22,"playtime":1557,"items_purged":[],"score":194,"play_id":"f8d7d8bc-09d5-4aaf-93dd-c98f7d8d7a2d","local_time":"20181002021157","is_ascension_mode":false,"campfire_choices":[{"data":"Metamorphosis","floor":7,"key":"SMITH"},{"floor":15,"key":"REST"}],"neow_cost":"NONE","seed_source_timestamp":1377197663250696,"circlet_count":0,"master_deck":["Strike_B+1","Strike_B+1","Strike_B+1","Strike_B","Defend_B","Defend_B","Defend_B","Defend_B","Zap","Dualcast","Glacier","Metamorphosis+1","Rebound","Storm","Coolheaded","Blizzard","Streamline+1","All For One","Capacitor","All For One","Barrage","Mayhem","Heatsinks"],"relics":["Cracked Core","Whetstone","Nunchaku","Unceasing Top","Golden Idol","Odd Mushroom","Inserter","Meat on the Bone"],"potions_floor_usage":[4,8,8,8,8,16,18],"damage_taken":[{"damage":0,"enemies":"2 Louse","floor":1,"turns":2},{"damage":6,"enemies":"Jaw Worm","floor":3,"turns":2},{"damage":2,"enemies":"Small Slimes","floor":4,"turns":3},{"damage":9,"enemies":"2 Fungi Beasts","floor":5,"turns":4},{"damage":0,"enemies":"Large Slime","floor":6,"turns":3},{"damage":10,"enemies":"Gremlin Nob","floor":8,"turns":4},{"damage":14,"enemies":"Lagavulin","floor":10,"turns":4},{"damage":16,"enemies":"The Mushroom Lair","floor":14,"turns":3},{"damage":22,"enemies":"Hexaghost","floor":16,"turns":9},{"damage":13,"enemies":"Shell Parasite","floor":18,"turns":6},{"damage":10,"enemies":"Chosen","floor":20,"turns":4},{"damage":49,"enemies":"Sentry and Sphere","floor":22,"turns":5}],"seed_played":"-6596876207875743877","potions_obtained":[{"floor":1,"key":"Weak Potion"},{"floor":4,"key":"EntropicBrew"},{"floor":6,"key":"Block Potion"},{"floor":8,"key":"Fire Potion"}],"is_trial":false,"path_per_floor":["M","$","M","M","M","M","R","E","T","E","?","?","?","?","R","B",null,"M","$","M","?"],"character_chosen":"DEFECT","items_purchased":["Metamorphosis","Mayhem"],"campfire_rested":1,"item_purchase_floors":[2,19],"current_hp_per_floor":[75,75,69,67,58,58,58,48,48,34,34,51,37,21,41,19,69,56,56,46,46,0],"gold":67,"neow_bonus":"HUNDRED_GOLD","is_prod":false,"is_daily":false,"chose_seed":false,"campfire_upgraded":1,"win_rate":0,"timestamp":1538467917,"path_taken":["M","$","M","M","M","M","R","E","T","E","?","?","?","?","R","BOSS","M","$","M","?","M"],"build_version":"2018-09-27","purchased_purges":0,"victory":false,"max_hp_per_floor":[75,75,75,75,75,75,75,75,75,75,69,69,69,69,69,69,69,69,69,69,69,69],"card_choices":[{"not_picked":["Force Field","Steam"],"picked":"Glacier","floor":1},{"not_picked":["Go for the Eyes","FTL"],"picked":"Rebound","floor":3},{"not_picked":["Gash","Sweeping Beam"],"picked":"Storm","floor":4},{"not_picked":["Steam","Hologram"],"picked":"Coolheaded","floor":5},{"not_picked":["Thunder Strike","Sweeping Beam"],"picked":"Blizzard","floor":6},{"not_picked":["BootSequence","Ball Lightning"],"picked":"Streamline","floor":8},{"not_picked":["Gash","Turbo"],"picked":"All For One","floor":10},{"not_picked":["Go for the Eyes","Hologram"],"picked":"Capacitor","floor":14},{"not_picked":["Rainbow","Seek"],"picked":"All For One","floor":16},{"not_picked":["Coolheaded","Ball Lightning"],"picked":"Barrage","floor":18},{"not_picked":["BootSequence","Darkness"],"picked":"Heatsinks","floor":20}],"player_experience":39713,"relics_obtained":[{"floor":8,"key":"Whetstone"},{"floor":9,"key":"Nunchaku"},{"floor":10,"key":"Unceasing Top"},{"floor":14,"key":"Odd Mushroom"}],"event_choices":[{"event_name":"Golden Idol","player_choice":"Lose Max HP","floor":11,"damage_taken":0},{"event_name":"The Cleric","player_choice":"Healed","floor":12,"damage_taken":0},{"event_name":"Shining Light","player_choice":"Entered Light","floor":13,"damage_taken":0},{"event_name":"Mushrooms","player_choice":"Fought Mushrooms","floor":14,"damage_taken":0},{"event_name":"The Mausoleum","player_choice":"Yes","floor":21,"damage_taken":0}],"is_beta":false,"boss_relics":[{"not_picked":["Coffee Dripper","Snecko Eye"],"picked":"Inserter"}],"items_purged_floors":[],"is_endless":false,"potions_floor_spawned":[1,4,6,8],"killed_by":"Sentry and Sphere","ascension_level":0}