{"gold_per_floor":[116,116,126,141,141,167,186,196,196,196,211,225,254,268,268,268],"floor_reached":16,"playtime":1246,"items_purged":[],"score":164,"play_id":"2f3ece09-c6b1-4c03-a27b-29b0687b158f","local_time":"20190519042530","is_ascension_mode":true,"campfire_choices":[{"floor":10,"key":"REST"},{"floor":15,"key":"REST"}],"neow_cost":"TEN_PERCENT_HP_LOSS","seed_source_timestamp":258958284265822,"circlet_count":0,"master_deck":["Defend_G","Defend_G","Defend_G","Defend_G","Defend_G","Strike_G","Strike_G","Strike_G","Strike_G","Strike_G","Survivor","Neutralize","Deadly Poison","Deadly Poison","Catalyst","Outmaneuver","Backflip","Cloak And Dagger","Deadly Poison","Flechettes","Bane","Blur"],"relics":["Ring of the Snake","Mango","The Courier","Pear","Girya","Boot"],"potions_floor_usage":[8,8,16,16],"damage_taken":[{"damage":0,"enemies":"Jaw Worm","floor":1,"turns":6},{"damage":0,"enemies":"2 Louse","floor":3,"turns":3},{"damage":0,"enemies":"Small Slimes","floor":4,"turns":3},{"damage":47,"enemies":"Gremlin Nob","floor":6,"turns":5},{"damage":8,"enemies":"Blue Slaver","floor":7,"turns":5},{"damage":5,"enemies":"Lots of Slimes","floor":8,"turns":6},{"damage":14,"enemies":"2 Fungi Beasts","floor":11,"turns":5},{"damage":0,"enemies":"Red Slaver","floor":12,"turns":4},{"damage":16,"enemies":"Lagavulin","floor":13,"turns":5},{"damage":7,"enemies":"3 Louse","floor":14,"turns":3},{"damage":51,"enemies":"Slime Boss","floor":16,"turns":9}],"seed_played":"-4716098074716936348","potions_obtained":[{"floor":3,"key":"SpeedPotion"},{"floor":7,"key":"Poison Potion"},{"floor":11,"key":"FairyPotion"},{"floor":12,"key":"FearPotion"},{"floor":13,"key":"Weak Potion"},{"floor":14,"key":"Block Potion"}],"is_trial":false,"path_per_floor":["M","?","M","M","T","E","M","M","T","R","M","M","E","M","R","B"],"character_chosen":"THE_SILENT","items_purchased":[],"campfire_rested":2,"item_purchase_floors":[],"current_hp_per_floor":[77,77,77,77,77,40,32,27,27,53,39,39,23,16,42,0],"gold":268,"neow_bonus":"ONE_RARE_RELIC","is_prod":false,"is_daily":false,"chose_seed":false,"campfire_upgraded":0,"win_rate":0,"timestamp":1558261530,"path_taken":["M","?","M","M","?","E","M","M","T","R","M","M","E","M","R","BOSS"],"build_version":"2019-01-23","purchased_purges":0,"victory":false,"max_hp_per_floor":[77,77,77,77,77,87,87,87,87,87,87,87,87,87,87,87],"card_choices":[{"not_picked":["Quick Slash","Bane"],"picked":"Deadly Poison","floor":1},{"not_picked":["Prepared","Sucker Punch"],"picked":"Deadly Poison","floor":3},{"not_picked":["Dagger Spray","Bullet Time"],"picked":"Catalyst","floor":4},{"not_picked":["Dagger Spray","Unload"],"picked":"Outmaneuver","floor":6},{"not_picked":["Poisoned Stab","Prepared"],"picked":"Backflip","floor":7},{"not_picked":["Expertise","Escape Plan"],"picked":"Cloak And Dagger","floor":8},{"not_picked":["Outmaneuver","Acrobatics"],"picked":"Deadly Poison","floor":11},{"not_picked":["Reflex","Terror"],"picked":"Flechettes","floor":12},{"not_picked":["Poisoned Stab","Calculated Gamble"],"picked":"Bane","floor":13},{"not_picked":["Setup","Deadly Poison"],"picked":"Blur","floor":14}],"player_experience":211929,"relics_obtained":[{"floor":5,"key":"The Courier"},{"floor":6,"key":"Pear"},{"floor":9,"key":"Girya"},{"floor":13,"key":"Boot"}],"event_choices":[{"damage_healed":0,"gold_gain":0,"player_choice":"Ignored","damage_taken":0,"max_hp_gain":0,"max_hp_loss":0,"event_name":"Liars Game","floor":2,"gold_loss":0}],"is_beta":false,"boss_relics":[],"items_purged_floors":[],"is_endless":false,"potions_floor_spawned":[3,7,11,12,13,14],"killed_by":"Slime Boss","ascension_level":4}