{"gold_per_floor":[117,134,134,151,164,164,196,121,121,81,37,48,79,79,79,79],"floor_reached":16,"playtime":660,"items_purged":["Strike_G"],"score":215,"play_id":"b0c5af13-2d42-4981-995c-719967f42d37","local_time":"20190613003105","is_ascension_mode":true,"campfire_choices":[{"data":"Tools of the Trade","floor":6,"key":"SMITH"},{"floor":15,"key":"REST"}],"neow_cost":"NONE","seed_source_timestamp":178543796460000,"circlet_count":0,"master_deck":["AscendersBane","Strike_G","Strike_G","Strike_G","Defend_G","Defend_G","Defend_G","Defend_G","Defend_G","Survivor","Neutralize","Footwork+1","Dagger Spray","Poisoned Stab","Tools of the Trade+1","Dodge and Roll","Prepared+1","Blur+1","Cloak And Dagger+1","Flechettes","Dodge and Roll+1","Blade Dance+1"],"relics":["Ring of the Snake","Dream Catcher","Toxic Egg 2","The Specimen"],"potions_floor_usage":[7,13],"damage_taken":[{"damage":8,"enemies":"Small Slimes","floor":1,"turns":6},{"damage":4,"enemies":"Cultist","floor":2,"turns":6},{"damage":2,"enemies":"Jaw Worm","floor":4,"turns":6},{"damage":0,"enemies":"2 Fungi Beasts","floor":5,"turns":3},{"damage":32,"enemies":"Gremlin Nob","floor":7,"turns":4},{"damage":1,"enemies":"Looter","floor":10,"turns":4},{"damage":3,"enemies":"3 Louse","floor":12,"turns":4},{"damage":9,"enemies":"3 Sentries","floor":13,"turns":8},{"damage":40,"enemies":"Slime Boss","floor":16,"turns":12}],"seed_played":"1180090518512289466","potions_obtained":[{"floor":1,"key":"AttackPotion"},{"floor":4,"key":"SteroidPotion"},{"floor":12,"key":"PowerPotion"}],"is_trial":false,"path_per_floor":["M","M","?","M","M","R","E","$","T","M","$","M","E","?","R","B"],"character_chosen":"THE_SILENT","items_purchased":["Blur+1"],"campfire_rested":1,"item_purchase_floors":[11],"current_hp_per_floor":[57,53,53,51,51,51,19,19,19,18,18,15,6,6,27,0],"gold":79,"neow_bonus":"TEN_PERCENT_HP_BONUS","is_prod":false,"is_daily":false,"chose_seed":false,"campfire_upgraded":1,"win_rate":0,"timestamp":1560378665,"path_taken":["M","M","?","M","M","R","E","$","T","?","?","?","E","?","R","BOSS"],"build_version":"2019-06-11","purchased_purges":1,"victory":false,"max_hp_per_floor":[72,72,72,72,72,72,72,72,72,72,72,72,72,72,72,72],"card_choices":[{"not_picked":["Blade Dance","Flechettes"],"picked":"Footwork","floor":1},{"not_picked":["Underhanded Strike","Bouncing Flask"],"picked":"Dagger Spray","floor":2},{"not_picked":["Acrobatics","Backflip"],"picked":"Poisoned Stab","floor":4},{"not_picked":["Prepared","Flying Knee"],"picked":"Tools of the Trade","floor":5},{"not_picked":["Outmaneuver","Deflect"],"picked":"Dodge and Roll","floor":7},{"not_picked":["Flying Knee","Dash"],"picked":"Prepared+1","floor":10},{"not_picked":["Outmaneuver+1","Acrobatics+1"],"picked":"Cloak And Dagger+1","floor":12},{"not_picked":["Bane","Dagger Throw"],"picked":"Flechettes","floor":13},{"not_picked":["Quick Slash","Underhanded Strike"],"picked":"Blade Dance+1","floor":15}],"player_experience":817116,"relics_obtained":[{"floor":7,"key":"Dream Catcher"},{"floor":9,"key":"Toxic Egg 2"},{"floor":13,"key":"The Specimen"}],"event_choices":[{"damage_healed":0,"gold_gain":0,"player_choice":"Upgraded","damage_taken":0,"max_hp_gain":0,"max_hp_loss":0,"event_name":"Upgrade Shrine","floor":3,"gold_loss":0,"cards_upgraded":["Footwork"]},{"damage_healed":0,"gold_gain":0,"cards_transformed":["Strike_G"],"player_choice":"Transformed","damage_taken":0,"max_hp_gain":0,"max_hp_loss":0,"event_name":"Transmorgrifier","floor":14,"gold_loss":0,"cards_obtained":["Dodge and Roll"]}],"is_beta":true,"boss_relics":[],"items_purged_floors":[8],"is_endless":false,"potions_floor_spawned":[1,4,12],"killed_by":"Slime Boss","ascension_level":19}