{"gold_per_floor":[117,117,131,131,149,149,179,179,228,228,244,274,274,299,299,377,427,438,23,35,35,35,35,64,64,144,158,158,219,54,54,54,131,131,148,148,128,140,157,157,176,10,35,35,35,53,72,72,72,72,72],"floor_reached":52,"playtime":2141,"items_purged":[],"score":1862,"play_id":"78444eff-39f5-44be-8794-4cf655ea6874","local_time":"20190626141839","is_ascension_mode":true,"campfire_choices":[{"data":"Dualcast","floor":6.0,"key":"SMITH"},{"floor":8.0,"key":"REST"},{"data":"Zap","floor":10.0,"key":"SMITH"},{"floor":13.0,"key":"REST"},{"data":"Ball Lightning","floor":15.0,"key":"SMITH"},{"floor":23.0,"key":"REST"},{"floor":25.0,"key":"REST"},{"floor":28.0,"key":"REST"},{"floor":32.0,"key":"REST"},{"data":"Biased Cognition","floor":40.0,"key":"SMITH"},{"floor":44.0,"key":"REST"},{"floor":49,"key":"REST"}],"neow_cost":"NONE","seed_source_timestamp":124178583616500,"circlet_count":0,"master_deck":["AscendersBane","Strike_B","Strike_B+1","Defend_B+1","Defend_B+1","Zap+1","Dualcast+1","Cold Snap+1","FTL","Coolheaded+1","Echo Form","Skim","Coolheaded","Ball Lightning+1","Biased Cognition+1","Hologram","Undo","Cold Snap","Compile Driver+1","Chaos","Melter","Hologram","Glacier","Glacier","Electrodynamics","Sunder+1","Echo Form","Tempest+1","Enlightenment"],"special_seed":0,"relics":["Cracked Core","Blood Vial","War Paint","Orichalcum","Whetstone","Calipers","Tiny House","ClockworkSouvenir","Dream Catcher","Anchor","Shuriken","Tiny Chest","Happy Flower","Inserter","Potion Belt"],"potions_floor_usage":[47,50,50],"damage_taken":[{"damage":4.0,"enemies":"Jaw Worm","floor":1.0,"turns":4.0},{"damage":1.0,"enemies":"Small Slimes","floor":3.0,"turns":2.0},{"damage":8.0,"enemies":"2 Louse","floor":5.0,"turns":3.0},{"damage":21.0,"enemies":"3 Sentries","floor":7.0,"turns":10.0},{"damage":2.0,"enemies":"Exordium Wildlife","floor":11.0,"turns":3.0},{"damage":23.0,"enemies":"Gremlin Nob","floor":12.0,"turns":6.0},{"damage":4.0,"enemies":"3 Sentries","floor":14.0,"turns":6.0},{"damage":33.0,"enemies":"Hexaghost","floor":16.0,"turns":8.0},{"damage":29.0,"enemies":"3 Byrds","floor":18.0,"turns":4.0},{"damage":12.0,"enemies":"Shell Parasite","floor":20.0,"turns":5.0},{"damage":24.0,"enemies":"Book of Stabbing","floor":24.0,"turns":5.0},{"damage":41.0,"enemies":"3 Cultists","floor":27.0,"turns":6.0},{"damage":42.0,"enemies":"Slavers","floor":29.0,"turns":9.0},{"damage":0.0,"enemies":"Automaton","floor":33.0,"turns":15.0},{"damage":0.0,"enemies":"Orb Walker","floor":35.0,"turns":4.0},{"damage":33.0,"enemies":"3 Darklings","floor":38.0,"turns":5.0},{"damage":0.0,"enemies":"Maw","floor":39.0,"turns":9.0},{"damage":0.0,"enemies":"Sphere and 2 Shapes","floor":41.0,"turns":2.0},{"damage":11.0,"enemies":"4 Shapes","floor":46.0,"turns":5.0},{"damage":11,"enemies":"Jaw Worm Horde","floor":47,"turns":3},{"damage":39,"enemies":"Donu and Deca","floor":50,"turns":9},{"damage":62,"enemies":"Awakened One","floor":51,"turns":13}],"seed_played":"2671013063241792456","potions_obtained":[{"floor":3.0,"key":"Weak Potion"},{"floor":7.0,"key":"Fire Potion"},{"floor":17.0,"key":"SneckoOil"},{"floor":18.0,"key":"SkillPotion"},{"floor":20.0,"key":"AttackPotion"},{"floor":29.0,"key":"LiquidBronze"},{"floor":37.0,"key":"EssenceOfSteel"},{"floor":39.0,"key":"AttackPotion"},{"floor":46.0,"key":"Energy Potion"}],"is_trial":false,"path_per_floor":["M","?","M","?","M","R","E","R","T","R","M","E","R","E","R","B",null,"M","$","M","?","?","R","E","R","T","M","R","E","$","$","R","B",null,"M","?","?","M","M","R","M","$","T","R","?","M","M","?","R","B","B",null],"character_chosen":"DEFECT","items_purchased":["ClockworkSouvenir","Dream Catcher","Cold Snap","Happy Flower","Regen Potion","Regen Potion"],"campfire_rested":8,"item_purchase_floors":[19,19,19,30,42,42],"current_hp_per_floor":[62,67,68,68,62,62,43,65,65,65,65,44,66,64,64,33,70,43,43,33,33,33,57,35,59,59,20,44,4,4,4,28,30,68,70,70,70,39,41,41,43,43,43,67,67,58,49,49,73,78,18],"gold":72,"neow_bonus":"RANDOM_COMMON_RELIC","is_prod":false,"is_daily":false,"chose_seed":false,"campfire_upgraded":4,"win_rate":0,"timestamp":1561529919,"path_taken":["M","?","M","?","M","R","E","R","T","R","M","E","R","E","R","BOSS","M","$","M","?","?","R","E","R","T","M","R","E","?","$","R","BOSS","M","?","?","M","M","R","?","$","T","R","?","?","M","?","R","BOSS","BOSS"],"build_version":"2019-01-23","purchased_purges":0,"victory":true,"max_hp_per_floor":[71,76,76,76,76,76,76,76,76,76,76,76,76,76,76,76,81,81,81,81,81,81,81,81,81,81,81,81,81,81,81,81,81,81,81,81,81,81,81,81,81,81,81,81,81,81,81,81,81,81,81],"card_choices":[{"not_picked":["Rebound","Loop"],"picked":"Cold Snap","floor":1.0},{"not_picked":["Skim","Stack"],"picked":"FTL","floor":3.0},{"not_picked":["Static Discharge","Darkness"],"picked":"Coolheaded","floor":5.0},{"not_picked":["Coolheaded","Hello World"],"picked":"Echo Form","floor":7.0},{"not_picked":["Leap","Redo"],"picked":"Skim","floor":11.0},{"not_picked":["Turbo","Meteor Strike"],"picked":"Coolheaded","floor":12.0},{"not_picked":["Self Repair","Beam Cell"],"picked":"Ball Lightning","floor":14.0},{"not_picked":["Machine Learning","Buffer"],"picked":"Biased Cognition","floor":16.0},{"not_picked":["Streamline","Turbo"],"picked":"Hologram","floor":17.0},{"not_picked":["Coolheaded","Compile Driver"],"picked":"Undo","floor":18.0},{"not_picked":["Fusion","Auto Shields+1"],"picked":"Compile Driver+1","floor":20.0},{"not_picked":["Compile Driver+1","Darkness"],"picked":"Hologram","floor":23.0},{"not_picked":["Genetic Algorithm","Conserve Battery","Coolheaded"],"picked":"SKIP","floor":24.0},{"not_picked":["Tempest","Conserve Battery+1"],"picked":"Glacier","floor":25.0},{"not_picked":["Reprogram","Beam Cell","Conserve Battery"],"picked":"SKIP","floor":27.0},{"not_picked":["Go for the Eyes","Echo Form"],"picked":"Glacier","floor":29.0},{"not_picked":["Biased Cognition","Reboot"],"picked":"Electrodynamics","floor":33.0},{"not_picked":["FTL","Go for the Eyes","Sweeping Beam"],"picked":"SKIP","floor":35.0},{"not_picked":["Genetic Algorithm+1","Coolheaded","Streamline+1"],"picked":"SKIP","floor":38.0},{"not_picked":["Chaos","Stack","Double Energy"],"picked":"SKIP","floor":39.0},{"not_picked":["Sweeping Beam+1","Recycle","Beam Cell"],"picked":"SKIP","floor":41.0},{"not_picked":["Conserve Battery","Chaos+1"],"picked":"Sunder+1","floor":44.0},{"not_picked":["Turbo","Stack","Tempest+1"],"picked":"SKIP","floor":46.0},{"not_picked":["Turbo","Stack"],"picked":"Tempest+1","floor":46.0},{"not_picked":["Gash","Go for the Eyes","Streamline"],"picked":"SKIP","floor":47},{"not_picked":["Violence","Good Instincts"],"picked":"Enlightenment","floor":48}],"player_experience":738030,"relics_obtained":[{"floor":7.0,"key":"War Paint"},{"floor":9.0,"key":"Orichalcum"},{"floor":12.0,"key":"Whetstone"},{"floor":14.0,"key":"Calipers"},{"floor":24.0,"key":"Anchor"},{"floor":26.0,"key":"Shuriken"},{"floor":29.0,"key":"Tiny Chest"},{"floor":43.0,"key":"Potion Belt"}],"event_choices":[{"damage_healed":0.0,"max_hp_gain":5.0,"max_hp_loss":0.0,"gold_gain":0.0,"event_name":"Big Fish","player_choice":"Donut","floor":2.0,"gold_loss":0.0,"damage_taken":0.0},{"cards_removed":["Strike_B"],"damage_healed":0.0,"max_hp_gain":0.0,"max_hp_loss":0.0,"gold_gain":0.0,"event_name":"Living Wall","player_choice":"Forget","floor":4.0,"gold_loss":0.0,"damage_taken":0.0},{"cards_removed":["Defend_B"],"damage_healed":0.0,"max_hp_gain":0.0,"max_hp_loss":0.0,"gold_gain":0.0,"event_name":"Back to Basics","player_choice":"Elegance","floor":21.0,"gold_loss":0.0,"damage_taken":0.0},{"damage_healed":0.0,"max_hp_gain":0.0,"max_hp_loss":0.0,"gold_gain":0.0,"cards_transformed":["Strike_B","Defend_B"],"event_name":"Drug Dealer","player_choice":"Became Test Subject","floor":22.0,"gold_loss":0.0,"damage_taken":0.0,"cards_obtained":["Chaos","Melter"]},{"damage_healed":0.0,"max_hp_gain":0.0,"max_hp_loss":0.0,"gold_gain":0.0,"event_name":"Tomb of Lord Red Mask","player_choice":"Ignored","floor":36.0,"gold_loss":0.0,"damage_taken":0.0},{"damage_healed":0.0,"max_hp_gain":0.0,"max_hp_loss":0.0,"gold_gain":0.0,"event_name":"The Woman in Blue","player_choice":"Bought 1 Potion","floor":37.0,"gold_loss":0.0,"damage_taken":0.0},{"damage_healed":0.0,"max_hp_gain":0.0,"max_hp_loss":0.0,"gold_gain":0.0,"event_name":"Duplicator","player_choice":"Copied","floor":45.0,"gold_loss":0.0,"damage_taken":0.0,"cards_obtained":["Echo Form"]},{"damage_healed":0,"gold_gain":0,"player_choice":"Memory 1","damage_taken":0,"max_hp_gain":0,"max_hp_loss":0,"event_name":"SensoryStone","floor":48,"gold_loss":0}],"is_beta":false,"boss_relics":[{"not_picked":["Runic Pyramid","Lizard Tail"],"picked":"Tiny House"},{"not_picked":["Velvet Choker","Busted Crown"],"picked":"Inserter"}],"items_purged_floors":[],"is_endless":false,"potions_floor_spawned":[3,7,11,18,20,29,39,46],"ascension_level":20}