{"gold_per_floor":[20,95,108,108,125,158,158,190,215,215,226,65,76,103,103,181,181,195,295,308,308,308,308,341,341,341,341,74,74,90,90],"floor_reached":31,"playtime":889,"items_purged":["Strike_R","Strike_R"],"score":542,"play_id":"81da3b12-f86c-46a5-8f1d-bad07af3b2ca","local_time":"20190515214020","is_ascension_mode":true,"campfire_choices":[{"data":"Bash","floor":7,"key":"SMITH"},{"floor":10,"key":"REST"},{"floor":15,"key":"REST"},{"data":"1","floor":23,"key":"LIFT"},{"data":"2","floor":25,"key":"LIFT"},{"data":"3","floor":27,"key":"LIFT"}],"neow_cost":"NO_GOLD","seed_source_timestamp":8219431008400,"circlet_count":0,"master_deck":["AscendersBane","Strike_R","Strike_R","Defend_R","Defend_R","Defend_R","Defend_R","Bash+1","Bludgeon","Anger","Shockwave","Clothesline","Disarm","Armaments","Inflame","Combust","Shrug It Off","Immolate","Intimidate","Pommel Strike+1","Shrug It Off"],"relics":["Burning Blood","Red Skull","Bronze Scales","Bag of Preparation","Girya","Fusion Hammer","Nunchaku","Sundial","Pantograph","Dream Catcher","Pen Nib"],"potions_floor_usage":[18,19,31],"damage_taken":[{"damage":1,"enemies":"Cultist","floor":1,"turns":3},{"damage":8,"enemies":"Small Slimes","floor":3,"turns":4},{"damage":11,"enemies":"Jaw Worm","floor":5,"turns":4},{"damage":24,"enemies":"Gremlin Nob","floor":6,"turns":4},{"damage":26,"enemies":"Lagavulin","floor":8,"turns":5},{"damage":8,"enemies":"Looter","floor":11,"turns":3},{"damage":8,"enemies":"Large Slime","floor":13,"turns":4},{"damage":23,"enemies":"3 Sentries","floor":14,"turns":5},{"damage":25,"enemies":"The Guardian","floor":16,"turns":11},{"damage":12,"enemies":"2 Thieves","floor":18,"turns":4},{"damage":9,"enemies":"Colosseum Slavers","floor":19,"turns":3},{"damage":27,"enemies":"Colosseum Nobs","floor":19,"turns":4},{"damage":19,"enemies":"Shell Parasite","floor":20,"turns":4},{"damage":13,"enemies":"Gremlin Leader","floor":24,"turns":4},{"damage":3,"enemies":"Centurion and Healer","floor":30,"turns":4},{"damage":13,"enemies":"Slavers","floor":31,"turns":1}],"seed_played":"-2201800954644809013","potions_obtained":[{"floor":1,"key":"Fire Potion"},{"floor":5,"key":"Block Potion"},{"floor":13,"key":"LiquidBronze"},{"floor":18,"key":"SkillPotion"},{"floor":19,"key":"Dexterity Potion"}],"is_trial":false,"path_per_floor":["M","?","M","?","M","E","R","E","T","R","M","$","M","E","R","B",null,"M","?","M","?","?","R","E","R","T","R","$","?","M","E"],"character_chosen":"IRONCLAD","items_purchased":["Combust","Pen Nib"],"campfire_rested":2,"item_purchase_floors":[12,28],"current_hp_per_floor":[73,62,60,60,55,37,37,17,17,39,37,37,35,18,40,21,62,56,32,19,19,34,34,27,27,27,27,27,6,9,0],"gold":90,"neow_bonus":"THREE_RARE_CARDS","is_prod":false,"is_daily":false,"chose_seed":false,"campfire_upgraded":1,"win_rate":0,"timestamp":1557949220,"path_taken":["M","?","M","?","M","E","R","E","T","R","M","$","?","E","R","BOSS","M","?","M","?","?","R","E","R","T","R","$","?","?","E"],"build_version":"2019-05-07","purchased_purges":2,"victory":false,"max_hp_per_floor":[75,75,75,75,75,75,75,75,75,75,75,75,75,75,75,75,75,75,75,75,75,75,75,75,75,75,75,75,80,80,80],"card_choices":[{"not_picked":["Demon Form","Berserk"],"picked":"Bludgeon","floor":0},{"not_picked":["Fire Breathing","Burning Pact"],"picked":"Anger","floor":1},{"not_picked":["Shrug It Off","Perfected Strike"],"picked":"Shockwave","floor":3},{"not_picked":["Carnage","Body Slam"],"picked":"Clothesline","floor":5},{"not_picked":["Pommel Strike","Carnage"],"picked":"Disarm","floor":6},{"not_picked":["Uppercut","Headbutt"],"picked":"Armaments","floor":8},{"not_picked":["Brutality","Hemokinesis"],"picked":"Inflame","floor":11},{"not_picked":["Perfected Strike","Hemokinesis","Carnage"],"picked":"SKIP","floor":13},{"not_picked":["Rage","Havoc"],"picked":"Shrug It Off","floor":14},{"not_picked":["Double Tap","Dark Embrace"],"picked":"Immolate","floor":16},{"not_picked":["Twin Strike","Clothesline"],"picked":"Intimidate","floor":18},{"not_picked":["Flex","Heavy Blade"],"picked":"Pommel Strike+1","floor":19},{"not_picked":["Sword Boomerang","Dropkick+1","Clash"],"picked":"SKIP","floor":20},{"not_picked":["Wild Strike+1","Rampage"],"picked":"Shrug It Off","floor":24},{"not_picked":["Fiend Fire","Thunderclap","Anger"],"picked":"SKIP","floor":30}],"player_experience":720340,"relics_obtained":[{"floor":6,"key":"Red Skull"},{"floor":8,"key":"Bronze Scales"},{"floor":9,"key":"Bag of Preparation"},{"floor":14,"key":"Girya"},{"floor":19,"key":"Nunchaku"},{"floor":19,"key":"Sundial"},{"floor":24,"key":"Pantograph"},{"floor":26,"key":"Dream Catcher"}],"event_choices":[{"damage_healed":0,"gold_gain":75,"player_choice":"Gather Gold","damage_taken":11,"max_hp_gain":0,"max_hp_loss":0,"event_name":"World of Goop","floor":2,"gold_loss":0},{"damage_healed":0,"gold_gain":0,"player_choice":"Ignored","damage_taken":0,"max_hp_gain":0,"max_hp_loss":0,"event_name":"Liars Game","floor":4,"gold_loss":0},{"damage_healed":0,"gold_gain":0,"player_choice":"Fight","damage_taken":0,"max_hp_gain":0,"max_hp_loss":0,"event_name":"Colosseum","floor":19,"gold_loss":0},{"damage_healed":0,"gold_gain":0,"player_choice":"Fought Nobs","damage_taken":0,"max_hp_gain":0,"max_hp_loss":0,"event_name":"Colosseum","floor":19,"gold_loss":0},{"cards_removed":["Strike_R"],"damage_healed":0,"gold_gain":0,"player_choice":"Elegance","damage_taken":0,"max_hp_gain":0,"max_hp_loss":0,"event_name":"Back to Basics","floor":21,"gold_loss":0},{"damage_healed":15,"gold_gain":0,"player_choice":"Heal","damage_taken":0,"max_hp_gain":0,"max_hp_loss":0,"event_name":"The Library","floor":22,"gold_loss":0},{"damage_healed":0,"gold_gain":0,"player_choice":"Shed Blood","damage_taken":26,"max_hp_gain":5,"max_hp_loss":0,"event_name":"Forgotten Altar","floor":29,"gold_loss":0}],"is_beta":true,"boss_relics":[{"not_picked":["Pandora\u0027s Box","Lizard Tail"],"picked":"Fusion Hammer"}],"items_purged_floors":[12,28],"is_endless":false,"potions_floor_spawned":[1,5,13,14,18,19,19,30],"killed_by":"Slavers","ascension_level":20}