{"gold_per_floor":[114,131,151,151,164,192,204,216,275,300,312,285,311,348,360,372],"floor_reached":16,"playtime":1423,"items_purged":[],"score":102,"play_id":"75806e3c-c83d-452b-b09a-6424e346a983","local_time":"20190620213941","is_ascension_mode":false,"campfire_choices":[{"floor":7,"key":"RECALL"},{"data":"Barricade","floor":11,"key":"SMITH"},{"floor":15,"key":"REST"}],"neow_cost":"NONE","seed_source_timestamp":445401116643412,"circlet_count":0,"master_deck":["Strike_R","Strike_R","Strike_R","Strike_R","Defend_R","Defend_R","Defend_R","Defend_R","Bash","Cleave","Shrug It Off","Iron Wave","Barricade+1"],"relics":["Burning Blood","MawBank","Art of War","Odd Mushroom"],"potions_floor_usage":[13,14,16],"damage_taken":[{"damage":6,"enemies":"Jaw Worm","floor":1,"turns":3},{"damage":5,"enemies":"Cultist","floor":2,"turns":4},{"damage":3,"enemies":"Small Slimes","floor":3,"turns":4},{"damage":23,"enemies":"Exordium Wildlife","floor":5,"turns":7},{"damage":23,"enemies":"3 Sentries","floor":6,"turns":9},{"damage":11,"enemies":"Large Slime","floor":10,"turns":10},{"damage":6,"enemies":"Lots of Slimes","floor":13,"turns":3},{"damage":9,"enemies":"The Mushroom Lair","floor":14,"turns":3},{"damage":85,"enemies":"Slime Boss","floor":16,"turns":12}],"seed_played":"37677356619858246","potions_obtained":[{"floor":5,"key":"SpeedPotion"},{"floor":6,"key":"FearPotion"},{"floor":10,"key":"Poison Potion"},{"floor":13,"key":"Explosive Potion"}],"is_trial":false,"path_per_floor":["M","M","M","?","M","E","R","T","T","M","R","?","M","?","R","B"],"character_chosen":"IRONCLAD","items_purchased":[],"campfire_rested":1,"item_purchase_floors":[],"current_hp_per_floor":[88,88,88,88,71,54,54,54,54,49,49,49,49,46,72,0],"gold":372,"neow_bonus":"TEN_PERCENT_HP_BONUS","is_prod":false,"is_daily":false,"chose_seed":false,"campfire_upgraded":1,"win_rate":0,"timestamp":1561081181,"path_taken":["M","M","M","?","?","E","R","?","T","M","R","?","M","?","R","BOSS"],"build_version":"2019-01-23","purchased_purges":0,"victory":false,"max_hp_per_floor":[88,88,88,88,88,88,88,88,88,88,88,88,88,88,88,88],"card_choices":[{"not_picked":["Shrug It Off","Dropkick"],"picked":"Cleave","floor":1},{"not_picked":["Burning Pact","Battle Trance"],"picked":"Shrug It Off","floor":2},{"not_picked":["Pommel Strike","Anger","Shrug It Off"],"picked":"SKIP","floor":3},{"not_picked":["Headbutt","Burning Pact"],"picked":"Iron Wave","floor":5},{"not_picked":["Shockwave","Perfected Strike"],"picked":"Barricade","floor":6},{"not_picked":["Headbutt","Pommel Strike","Sword Boomerang"],"picked":"SKIP","floor":10},{"not_picked":["Dropkick","Clash","Perfected Strike"],"picked":"SKIP","floor":13}],"player_experience":104980,"relics_obtained":[{"floor":6,"key":"MawBank"},{"floor":9,"key":"Art of War"},{"floor":14,"key":"Odd Mushroom"}],"event_choices":[{"cards_removed":["Strike_R"],"damage_healed":0,"gold_gain":0,"player_choice":"Offered Basic","damage_taken":0,"max_hp_gain":0,"max_hp_loss":0,"event_name":"Bonfire Elementals","floor":4,"gold_loss":0},{"damage_healed":0,"gold_gain":0,"player_choice":"Left Gold","damage_taken":0,"max_hp_gain":0,"max_hp_loss":0,"event_name":"World of Goop","floor":12,"gold_loss":39},{"damage_healed":0,"gold_gain":0,"player_choice":"Fought Mushrooms","damage_taken":0,"max_hp_gain":0,"max_hp_loss":0,"event_name":"Mushrooms","floor":14,"gold_loss":0}],"is_beta":false,"boss_relics":[],"items_purged_floors":[],"is_endless":false,"potions_floor_spawned":[5,6,10,13],"killed_by":"Slime Boss","ascension_level":0}