{"gold_per_floor":[112,44,58,58,18,45,64,84,107,119,44,60,73,173,173,268,268,281,301,83,97,115,115],"floor_reached":23,"playtime":2291,"items_purged":["Strike_G"],"score":197,"play_id":"d9a2a344-727c-4d7f-9a64-a22086d79c9c","local_time":"20181007144714","is_ascension_mode":false,"campfire_choices":[{"data":"Caltrops","floor":15,"key":"SMITH"}],"neow_cost":"NONE","seed_source_timestamp":1853860472878200,"circlet_count":0,"master_deck":["Defend_G","Defend_G","Defend_G","Defend_G","Defend_G","Strike_G","Strike_G","Strike_G","Survivor","Neutralize","PiercingWail","Choke","Deflect","Caltrops+1","Cloak And Dagger","Deflect","Accuracy","Bullet Time","Expertise","Flying Knee","Blade Dance","Sucker Punch","Dodge and Roll","Dodge and Roll","Deflect","Burst","Flying Knee","Skewer","Caltrops","Prepared","Choke"],"relics":["Orrery","Vajra","Orichalcum","Runic Pyramid","Bronze Scales"],"potions_floor_usage":[6,6,8,8,8,8,13,16,16,19,23],"damage_taken":[{"damage":0,"enemies":"Small Slimes","floor":1,"turns":4},{"damage":1,"enemies":"Cultist","floor":3,"turns":6},{"damage":4,"enemies":"3 Sentries","floor":6,"turns":12},{"damage":0,"enemies":"2 Louse","floor":7,"turns":3},{"damage":4,"enemies":"Gremlin Gang","floor":8,"turns":4},{"damage":2,"enemies":"Large Slime","floor":10,"turns":7},{"damage":2,"enemies":"Red Slaver","floor":12,"turns":4},{"damage":2,"enemies":"2 Fungi Beasts","floor":13,"turns":5},{"damage":41,"enemies":"The Guardian","floor":16,"turns":14},{"damage":1,"enemies":"Chosen","floor":18,"turns":6},{"damage":2,"enemies":"Shell Parasite","floor":19,"turns":7},{"damage":0,"enemies":"Snecko","floor":21,"turns":5},{"damage":41,"enemies":"Cultist and Chosen","floor":22,"turns":8},{"damage":34,"enemies":"Gremlin Leader","floor":23,"turns":6}],"seed_played":"-3726518676309940029","potions_obtained":[{"floor":3,"key":"EssenceOfSteel"},{"floor":5,"key":"LiquidBronze"},{"floor":5,"key":"Dexterity Potion"},{"floor":6,"key":"EntropicBrew"},{"floor":7,"key":"Strength Potion"},{"floor":13,"key":"Swift Potion"},{"floor":16,"key":"SkillPotion"},{"floor":21,"key":"Strength Potion"}],"is_trial":false,"path_per_floor":["M","$","M","?","?","E","M","M","T","M","$","M","M","?","R","B",null,"M","M","$","M","M"],"character_chosen":"THE_SILENT","items_purchased":["Accuracy","Bronze Scales","Caltrops"],"campfire_rested":0,"item_purchase_floors":[2,20,20],"current_hp_per_floor":[70,70,69,69,69,65,65,61,61,59,59,57,55,55,55,14,70,69,67,67,67,26,0],"gold":115,"neow_bonus":"BOSS_RELIC","is_prod":false,"is_daily":false,"chose_seed":false,"campfire_upgraded":1,"win_rate":0,"timestamp":1538945234,"path_taken":["M","$","M","?","?","E","?","?","T","M","$","M","M","?","R","BOSS","M","M","$","M","M","E"],"build_version":"2018-10-04v2","purchased_purges":1,"victory":false,"max_hp_per_floor":[70,70,70,70,70,70,70,70,70,70,70,70,70,70,70,70,70,70,70,70,70,70,70],"card_choices":[{"not_picked":["Slice","Dagger Spray"],"picked":"PiercingWail","floor":0},{"not_picked":["Terror","Skewer"],"picked":"Choke","floor":0},{"not_picked":["Prepared","Corpse Explosion"],"picked":"Deflect","floor":0},{"not_picked":["All Out Attack","Deadly Poison"],"picked":"Caltrops","floor":0},{"not_picked":["Bouncing Flask","Dagger Throw"],"picked":"Cloak And Dagger","floor":0},{"not_picked":["Noxious Fumes","Bouncing Flask"],"picked":"Deflect","floor":1},{"not_picked":["Dagger Spray","Poisoned Stab"],"picked":"Bullet Time","floor":3},{"not_picked":["Riddle With Holes","Bane"],"picked":"Flying Knee","floor":6},{"not_picked":["Dagger Throw","Poisoned Stab"],"picked":"Blade Dance","floor":7},{"not_picked":["Deadly Poison","Distraction"],"picked":"Sucker Punch","floor":8},{"not_picked":["Flying Knee","Envenom"],"picked":"Dodge and Roll","floor":10},{"not_picked":["Acrobatics","Slice"],"picked":"Dodge and Roll","floor":12},{"not_picked":["Outmaneuver","Dagger Throw"],"picked":"Deflect","floor":13},{"not_picked":["Wraith Form v2","Glass Knife"],"picked":"Burst","floor":16},{"not_picked":["Deflect","Backflip"],"picked":"Flying Knee","floor":18},{"not_picked":["Dodge and Roll","Distraction"],"picked":"Skewer","floor":19},{"not_picked":["Bane","Terror+1"],"picked":"Prepared","floor":21},{"not_picked":["Skewer","Dagger Spray"],"picked":"Choke","floor":22}],"player_experience":64942,"relics_obtained":[{"floor":6,"key":"Vajra"},{"floor":9,"key":"Orichalcum"}],"event_choices":[{"event_name":"Transmorgrifier","player_choice":"Transform","floor":4,"damage_taken":0},{"event_name":"The Woman in Blue","player_choice":"Bought 3 Potions","floor":5,"damage_taken":0},{"event_name":"Golden Shrine","player_choice":"Pray","floor":14,"damage_taken":0}],"is_beta":false,"boss_relics":[{"not_picked":["HoveringKite","Calling Bell"],"picked":"Runic Pyramid"}],"items_purged_floors":[11],"is_endless":false,"potions_floor_spawned":[3,6,7,13,16,21],"killed_by":"Gremlin Leader","ascension_level":0}