{"gold_per_floor":[211,230,240,250,270,270,282,282,282,316,335,355,382,397,397,492,492,504,419,399,53,53,53,67,67,67,77,91,1,19,37,37,137,137,153,153,0,55,72,72,88,88,88,88,88,105,105,123,123,123],"floor_reached":50,"playtime":9296,"items_purged":[],"score":487,"play_id":"0936126f-32a1-4224-bf41-1f7727dd94fe","local_time":"20190806203449","is_ascension_mode":false,"campfire_choices":[{"data":"True Grit","floor":6,"key":"SMITH"},{"data":"Evolve","floor":15,"key":"SMITH"},{"data":"Rupture","floor":23,"key":"SMITH"},{"floor":25,"key":"REST"},{"data":"Demon Form","floor":32,"key":"SMITH"},{"floor":40,"key":"REST"},{"data":"Searing Blow+1","floor":42,"key":"SMITH"},{"data":"Bludgeon","floor":45,"key":"SMITH"},{"floor":49,"key":"REST"}],"neow_cost":"NONE","seed_source_timestamp":227812110877300,"circlet_count":0,"master_deck":["Strike_R","Strike_R","Strike_R","Strike_R","Strike_R","Defend_R","Defend_R","Bash","Blood for Blood","Flame Barrier+1","Evolve+1","True Grit+1","Warcry","Infernal Blade+1","Armaments+1","Intimidate+1","Seeing Red+1","Clothesline","Feed","Rampage+1","Thunderclap+1","Uppercut","Rupture+1","Shrug It Off+1","Bludgeon+1","Feel No Pain","Ghostly Armor+1","Feel No Pain","Demon Form+1","Dark Embrace","Clothesline+1","Searing Blow+2","Rage+1","Rage+1","Metallicize","Body Slam+1","Parasite","Heavy Blade"],"relics":["Black Blood","Charon\u0027s Ashes","Toxic Egg 2","Mummified Hand","Pantograph","Mark of Pain","Anchor","Dream Catcher","Shuriken","Red Mask","WingedGreaves","Bronze Scales"],"potions_floor_usage":[10,13,16,20,33,33,33,38,38,46,46,48],"damage_taken":[{"damage":6,"enemies":"Jaw Worm","floor":1,"turns":3},{"damage":9,"enemies":"Small Slimes","floor":2,"turns":4},{"damage":1,"enemies":"2 Louse","floor":3,"turns":3},{"damage":11,"enemies":"Exordium Thugs","floor":4,"turns":5},{"damage":1,"enemies":"Exordium Wildlife","floor":5,"turns":3},{"damage":11,"enemies":"Large Slime","floor":7,"turns":9},{"damage":35,"enemies":"Gremlin Nob","floor":10,"turns":5},{"damage":0,"enemies":"3 Louse","floor":11,"turns":1},{"damage":3,"enemies":"2 Fungi Beasts","floor":12,"turns":3},{"damage":2,"enemies":"3 Sentries","floor":13,"turns":5},{"damage":1,"enemies":"Blue Slaver","floor":14,"turns":4},{"damage":36,"enemies":"Slime Boss","floor":16,"turns":12},{"damage":26,"enemies":"Spheric Guardian","floor":18,"turns":5},{"damage":7,"enemies":"2 Thieves","floor":20,"turns":4},{"damage":41,"enemies":"Centurion and Healer","floor":24,"turns":9},{"damage":6,"enemies":"Sentry and Sphere","floor":27,"turns":5},{"damage":4,"enemies":"Chosen and Byrds","floor":28,"turns":5},{"damage":7,"enemies":"Snecko","floor":30,"turns":5},{"damage":9,"enemies":"3 Cultists","floor":31,"turns":5},{"damage":26,"enemies":"Champ","floor":33,"turns":9},{"damage":0,"enemies":"3 Shapes","floor":35,"turns":3},{"damage":63,"enemies":"2 Orb Walkers","floor":38,"turns":7},{"damage":21,"enemies":"3 Darklings","floor":39,"turns":5},{"damage":27,"enemies":"4 Shapes","floor":41,"turns":5},{"damage":29,"enemies":"Maw","floor":46,"turns":7},{"damage":25,"enemies":"Writhing Mass","floor":48,"turns":7},{"damage":93,"enemies":"Time Eater","floor":50,"turns":8}],"seed_played":"-2809427972641442263","potions_obtained":[{"floor":3,"key":"PowerPotion"},{"floor":10,"key":"PowerPotion"},{"floor":11,"key":"Energy Potion"},{"floor":13,"key":"SpeedPotion"},{"floor":16,"key":"Dexterity Potion"},{"floor":18,"key":"Explosive Potion"},{"floor":27,"key":"PowerPotion"},{"floor":30,"key":"EntropicBrew"},{"floor":41,"key":"Fire Potion"},{"floor":46,"key":"Weak Potion"}],"is_trial":false,"path_per_floor":["M","M","M","M","M","R","M","?","T","E","M","M","E","M","R","B",null,"M","?","M","$","?","R","M","R","T","M","M","?","M","M","R","B",null,"M","?","?","?","M","R","M","R","T","?","R","M","?","M","R","B"],"character_chosen":"IRONCLAD","items_purchased":["Dream Catcher","Uppercut","Rupture","Shrug It Off+1"],"campfire_rested":3,"item_purchase_floors":[21,21,21,21],"current_hp_per_floor":[80,77,80,75,80,80,75,75,75,46,52,55,59,64,64,50,80,60,60,59,59,80,80,45,69,69,72,74,74,73,70,70,66,86,89,89,89,58,47,73,59,59,59,82,82,63,63,48,75,0],"gold":123,"neow_bonus":"HUNDRED_GOLD","is_prod":false,"is_daily":false,"chose_seed":false,"campfire_upgraded":6,"win_rate":0.0,"timestamp":1565141689,"path_taken":["M","M","M","M","M","R","M","?","T","E","M","M","E","M","R","BOSS","M","?","M","$","?","R","M","R","T","?","M","?","M","M","R","BOSS","M","?","?","?","M","R","M","R","T","?","R","?","?","?","R","BOSS"],"build_version":"2019-07-05","purchased_purges":0,"victory":false,"max_hp_per_floor":[80,80,80,80,80,80,80,80,80,80,80,80,80,80,80,80,80,80,80,80,80,80,80,80,80,80,83,83,83,83,83,83,86,86,89,89,89,89,89,89,92,92,92,92,92,92,92,92,92,92],"card_choices":[{"not_picked":["Body Slam","Combust"],"picked":"Blood for Blood","floor":1},{"not_picked":["Perfected Strike","Armaments"],"picked":"Flame Barrier","floor":2},{"not_picked":["Pommel Strike","Anger"],"picked":"Flame Barrier","floor":3},{"not_picked":["Inflame","Wild Strike"],"picked":"Evolve","floor":4},{"not_picked":["Sever Soul","Cleave"],"picked":"True Grit","floor":5},{"not_picked":["Clash","Fire Breathing"],"picked":"Warcry","floor":7},{"not_picked":["Clothesline","Anger"],"picked":"Infernal Blade+1","floor":10},{"not_picked":["Juggernaut","Anger"],"picked":"Armaments+1","floor":11},{"not_picked":["Heavy Blade","Clash"],"picked":"Intimidate+1","floor":12},{"not_picked":["Entrench+1","Clash"],"picked":"Seeing Red+1","floor":13},{"not_picked":["True Grit+1","Rupture"],"picked":"Clothesline","floor":14},{"not_picked":["Limit Break+1","Reaper"],"picked":"Feed","floor":16},{"not_picked":["Clash+1","Fire Breathing"],"picked":"Rampage+1","floor":18},{"not_picked":["Twin Strike","Sword Boomerang"],"picked":"Thunderclap+1","floor":20},{"not_picked":["Twin Strike","Whirlwind"],"picked":"Bludgeon","floor":24},{"not_picked":["Reckless Charge","Clothesline"],"picked":"Feel No Pain","floor":25},{"not_picked":["Dual Wield+1","Perfected Strike+1"],"picked":"Ghostly Armor+1","floor":27},{"not_picked":["Clothesline+1","Flex+1"],"picked":"Feel No Pain","floor":28},{"not_picked":["Rupture","Cleave","Flex+1"],"picked":"SKIP","floor":30},{"not_picked":["Headbutt","Iron Wave"],"picked":"Demon Form","floor":31},{"not_picked":["Barricade","Feed"],"picked":"Dark Embrace","floor":33},{"not_picked":["Cleave","Flex+1"],"picked":"Clothesline+1","floor":35},{"not_picked":["Shockwave+1","Thunderclap"],"picked":"Searing Blow+1","floor":38},{"not_picked":["Infernal Blade+1","Battle Trance+1"],"picked":"Rage+1","floor":39},{"not_picked":["Clash+1","Body Slam"],"picked":"Rage+1","floor":40},{"not_picked":["Evolve+1","Rage+1"],"picked":"Metallicize","floor":41},{"not_picked":["Evolve+1","Thunderclap+1"],"picked":"Body Slam+1","floor":46},{"not_picked":["Headbutt","Cleave+1"],"picked":"Heavy Blade","floor":48}],"player_experience":137802,"relics_obtained":[{"floor":9,"key":"Toxic Egg 2"},{"floor":10,"key":"Mummified Hand"},{"floor":13,"key":"Pantograph"},{"floor":26,"key":"Shuriken"},{"floor":38,"key":"WingedGreaves"},{"floor":43,"key":"Bronze Scales"}],"event_choices":[{"damage_healed":0,"gold_gain":0,"player_choice":"Box","damage_taken":0,"relics_obtained":["Charon\u0027s Ashes"],"max_hp_gain":0,"max_hp_loss":0,"event_name":"Big Fish","floor":8,"gold_loss":0,"cards_obtained":["Regret"]},{"damage_healed":0,"gold_gain":0,"player_choice":"Obtained Relic","damage_taken":0,"relics_obtained":["Anchor"],"max_hp_gain":0,"max_hp_loss":0,"event_name":"Addict","floor":19,"gold_loss":85},{"cards_removed":["Flame Barrier"],"damage_healed":21,"gold_gain":0,"player_choice":"Offered Uncommon","damage_taken":0,"max_hp_gain":0,"max_hp_loss":0,"event_name":"Bonfire Elementals","floor":22,"gold_loss":0},{"cards_removed":["Defend_R"],"damage_healed":0,"gold_gain":0,"player_choice":"Upgrade and Remove","damage_taken":0,"max_hp_gain":0,"max_hp_loss":0,"event_name":"Designer","floor":29,"gold_loss":90,"cards_upgraded":["Flame Barrier"]},{"cards_removed":["Defend_R"],"damage_healed":0,"gold_gain":0,"player_choice":"Removed Skill","damage_taken":0,"max_hp_gain":0,"max_hp_loss":0,"event_name":"Falling","floor":36,"gold_loss":0},{"damage_healed":0,"gold_gain":0,"player_choice":"Paid","damage_taken":0,"relics_obtained":["Red Mask"],"max_hp_gain":0,"max_hp_loss":0,"event_name":"Tomb of Lord Red Mask","floor":37,"gold_loss":153},{"damage_healed":0,"gold_gain":0,"player_choice":"Fight","damage_taken":0,"max_hp_gain":0,"max_hp_loss":0,"event_name":"Mysterious Sphere","floor":38,"gold_loss":0},{"damage_healed":23,"gold_gain":0,"player_choice":"Writhe","damage_taken":0,"max_hp_gain":0,"max_hp_loss":0,"event_name":"Winding Halls","floor":44,"gold_loss":0,"cards_obtained":["Writhe"]},{"cards_removed":["Writhe","Regret"],"damage_healed":0,"gold_gain":0,"player_choice":"Removed Curses","damage_taken":0,"max_hp_gain":0,"max_hp_loss":0,"event_name":"Fountain of Cleansing","floor":47,"gold_loss":0}],"is_beta":false,"boss_relics":[{"not_picked":["Runic Pyramid","Velvet Choker"],"picked":"Mark of Pain"},{"not_picked":["Runic Dome","Black Star"],"picked":"Black Blood"}],"items_purged_floors":[],"is_endless":false,"potions_floor_spawned":[3,10,11,13,16,18,27,30,31,41,46],"killed_by":"Time Eater","ascension_level":0}