{"gold_per_floor":[119,5,5,16,16,48,62,124,124,143,143,173,22,51,51,125,125,138,138,150,50,50,50,75,104,131,46,59,9,9,40,40,117,167,186,1,14,236,304,339,339,339,339,339,350,139,151,177,189,201,213,225,237,80,113,113],"floor_reached":57,"playtime":3434,"items_purged":["Strike_G","Writhe","Strike_G"],"score":3349,"play_id":"c45194cd-1081-4847-9668-273a21c1d8a4","local_time":"20190929231019","is_ascension_mode":true,"campfire_choices":[{"floor":11,"key":"REST"},{"floor":15,"key":"REST"},{"floor":23,"key":"RECALL"},{"floor":30,"key":"REST"},{"floor":32,"key":"REST"},{"floor":41,"key":"REST"},{"floor":49,"key":"REST"},{"floor":53,"key":"REST"}],"neow_cost":"NONE","seed_source_timestamp":407099800823100,"circlet_count":0,"master_deck":["AscendersBane","Defend_G+1","Defend_G+1","Defend_G+1","Defend_G","Defend_G","Survivor","Neutralize+1","Noxious Fumes","Skewer","Bouncing Flask","Backstab","Noxious Fumes","Dash","Blur","Dodge and Roll","PiercingWail","Footwork","Die Die Die+1","Backflip","Tools of the Trade","Acrobatics","Reflex+1","Leg Sweep","Well Laid Plans","Night Terror","Crippling Poison","Apotheosis","Crippling Poison","PiercingWail"],"relics":["Ring of the Snake","NeowsBlessing","Matryoshka","Dream Catcher","Bronze Scales","FossilizedHelix","CloakClasp","Toy Ornithopter","Fusion Hammer","WingedGreaves","Red Mask","Ancient Tea Set","Strawberry","Pen Nib","Art of War","Ice Cream","Tiny House","Letter Opener","Bottled Lightning","MawBank","Snake Skull","Whetstone"],"potions_floor_usage":[14,24,25,25,37,56,56],"damage_taken":[{"damage":0,"enemies":"Jaw Worm","floor":1,"turns":1},{"damage":0,"enemies":"Cultist","floor":4,"turns":1},{"damage":0,"enemies":"Lagavulin","floor":6,"turns":1},{"damage":0,"enemies":"Small Slimes","floor":7,"turns":3},{"damage":29,"enemies":"Gremlin Nob","floor":8,"turns":4},{"damage":0,"enemies":"Blue Slaver","floor":10,"turns":2},{"damage":0,"enemies":"3 Sentries","floor":12,"turns":7},{"damage":16,"enemies":"Gremlin Nob","floor":14,"turns":4},{"damage":0,"enemies":"The Guardian","floor":16,"turns":9},{"damage":0,"enemies":"3 Byrds","floor":18,"turns":3},{"damage":0,"enemies":"Spheric Guardian","floor":20,"turns":6},{"damage":30,"enemies":"Masked Bandits","floor":24,"turns":5},{"damage":13,"enemies":"Gremlin Leader","floor":25,"turns":7},{"damage":0,"enemies":"Snake Plant","floor":28,"turns":5},{"damage":0,"enemies":"Book of Stabbing","floor":31,"turns":6},{"damage":0,"enemies":"Champ","floor":33,"turns":14},{"damage":0,"enemies":"3 Shapes","floor":35,"turns":7},{"damage":0,"enemies":"Orb Walker","floor":37,"turns":4},{"damage":66,"enemies":"Reptomancer","floor":40,"turns":8},{"damage":0,"enemies":"Sphere and 2 Shapes","floor":45,"turns":5},{"damage":0,"enemies":"Maw","floor":47,"turns":9},{"damage":0,"enemies":"Nemesis","floor":48,"turns":9},{"damage":0,"enemies":"Donu and Deca","floor":50,"turns":11},{"damage":20,"enemies":"Awakened One","floor":51,"turns":20},{"damage":41,"enemies":"Shield and Spear","floor":55,"turns":7},{"damage":37,"enemies":"The Heart","floor":56,"turns":12}],"seed_played":"-65972890212518377","potions_obtained":[{"floor":1,"key":"Weak Potion"},{"floor":7,"key":"Swift Potion"},{"floor":10,"key":"SneckoOil"},{"floor":16,"key":"Fire Potion"},{"floor":24,"key":"EntropicBrew"},{"floor":40,"key":"Poison Potion"},{"floor":45,"key":"Dexterity Potion"},{"floor":47,"key":"GhostInAJar"}],"is_trial":false,"path_per_floor":["M","$","?","M","?","E","M","?","T","M","R","E","$","E","R","B",null,"M","?","M","$","?","R","?","E","T","?","M","?","R","E","R","B",null,"M","$","M","?","T","E","R","?","T","?","M","$","M","E","R","B","B",null,"R","$","E","B",null],"character_chosen":"THE_SILENT","items_purchased":["Noxious Fumes","Skewer","Footwork","Apotheosis","Crippling Poison","Snake Skull"],"campfire_rested":7,"item_purchase_floors":[2,2,13,36,46,54],"current_hp_per_floor":[59,59,59,59,39,39,39,10,10,10,29,29,29,13,32,32,58,58,58,58,58,58,58,33,30,37,37,37,37,58,58,73,73,78,78,78,78,78,78,12,35,35,35,35,35,35,35,35,58,58,38,68,78,78,37,10],"gold":113,"neow_bonus":"THREE_ENEMY_KILL","is_prod":false,"is_daily":false,"chose_seed":false,"campfire_upgraded":0,"win_rate":0,"timestamp":1569751819,"path_taken":["M","$","?","?","?","E","M","?","T","M","R","E","?","E","R","BOSS","M","?","M","$","?","R","?","E","T","?","M","?","R","E","R","BOSS","M","?","M","?","?","E","R","?","T","?","M","$","M","E","R","BOSS","BOSS","R","$","E","BOSS"],"build_version":"2019-09-27","purchased_purges":3,"victory":true,"max_hp_per_floor":[66,66,66,66,66,66,66,66,66,66,66,66,66,66,66,66,66,66,66,66,66,66,66,66,66,73,73,73,73,73,73,73,73,78,78,78,78,78,78,78,78,78,78,78,78,78,78,78,78,78,78,78,78,78,78,78],"card_choices":[{"not_picked":["Calculated Gamble","Expertise","Bane"],"picked":"SKIP","floor":1},{"not_picked":["Predator","Flying Knee"],"picked":"Bouncing Flask","floor":4},{"not_picked":["Acrobatics","Quick Slash"],"picked":"Backstab","floor":6},{"not_picked":["Calculated Gamble","Cloak And Dagger"],"picked":"Noxious Fumes","floor":7},{"not_picked":["Cloak And Dagger","Prepared"],"picked":"Dash","floor":8},{"not_picked":["Bouncing Flask","Poisoned Stab"],"picked":"Blur","floor":10},{"not_picked":["Cloak And Dagger","Deadly Poison"],"picked":"Dodge and Roll","floor":11},{"not_picked":["A Thousand Cuts","Endless Agony"],"picked":"PiercingWail","floor":12},{"not_picked":["Dodge and Roll","Dash","Finisher"],"picked":"SKIP","floor":14},{"not_picked":["Unload","A Thousand Cuts"],"picked":"Die Die Die","floor":16},{"not_picked":["Masterful Stab","Slice"],"picked":"Backflip","floor":18},{"not_picked":["Heel Hook","Accuracy","Eviscerate"],"picked":"SKIP","floor":20},{"not_picked":["Acrobatics","Blur"],"picked":"Reflex+1","floor":24},{"not_picked":["Prepared","Flying Knee","Sucker Punch"],"picked":"SKIP","floor":25},{"not_picked":["Flechettes","Dagger Throw+1"],"picked":"Leg Sweep","floor":28},{"not_picked":["Cloak And Dagger","Underhanded Strike"],"picked":"Well Laid Plans","floor":31},{"not_picked":["Glass Knife","Bullet Time"],"picked":"Night Terror","floor":33},{"not_picked":["Quick Slash","Dodge and Roll"],"picked":"Crippling Poison","floor":35},{"not_picked":["Setup","Flying Knee","Riddle With Holes+1"],"picked":"SKIP","floor":37},{"not_picked":["Reflex","Deflect","Accuracy"],"picked":"SKIP","floor":40},{"not_picked":["Riddle With Holes","Sucker Punch","Acrobatics"],"picked":"SKIP","floor":45},{"not_picked":["Riddle With Holes","Sucker Punch","Acrobatics"],"picked":"SKIP","floor":45},{"not_picked":["Expertise","Quick Slash"],"picked":"PiercingWail","floor":47},{"not_picked":["Bane","Slice","Sucker Punch"],"picked":"SKIP","floor":48},{"not_picked":["Crippling Poison+1","Well Laid Plans","Sucker Punch"],"picked":"SKIP","floor":55}],"player_experience":687570,"relics_obtained":[{"floor":6,"key":"Matryoshka"},{"floor":8,"key":"Dream Catcher"},{"floor":9,"key":"Bronze Scales"},{"floor":9,"key":"FossilizedHelix"},{"floor":12,"key":"CloakClasp"},{"floor":14,"key":"Toy Ornithopter"},{"floor":24,"key":"Red Mask"},{"floor":25,"key":"Ancient Tea Set"},{"floor":26,"key":"Strawberry"},{"floor":26,"key":"Pen Nib"},{"floor":31,"key":"Ice Cream"},{"floor":40,"key":"Letter Opener"},{"floor":43,"key":"Bottled Lightning"},{"floor":48,"key":"MawBank"},{"floor":55,"key":"Whetstone"}],"event_choices":[{"cards_removed":["Strike_G"],"damage_healed":0,"gold_gain":0,"player_choice":"Offered Basic","damage_taken":0,"max_hp_gain":0,"max_hp_loss":0,"event_name":"Bonfire Elementals","floor":3,"gold_loss":0},{"damage_healed":0,"gold_gain":0,"player_choice":"Entered Light","damage_taken":20,"max_hp_gain":0,"max_hp_loss":0,"event_name":"Shining Light","floor":5,"gold_loss":0,"cards_upgraded":["Defend_G","Defend_G"]},{"damage_healed":0,"gold_gain":0,"player_choice":"Searched \u00271\u0027 times","damage_taken":0,"max_hp_gain":0,"max_hp_loss":0,"event_name":"Dead Adventurer","floor":8,"gold_loss":0},{"damage_healed":0,"gold_gain":0,"player_choice":"Opened","damage_taken":0,"relics_obtained":["WingedGreaves"],"max_hp_gain":0,"max_hp_loss":0,"event_name":"The Mausoleum","floor":19,"gold_loss":0,"cards_obtained":["Writhe"]},{"damage_healed":0,"gold_gain":0,"cards_transformed":["Strike_G","Strike_G"],"player_choice":"Became Test Subject","damage_taken":0,"max_hp_gain":0,"max_hp_loss":0,"event_name":"Drug Dealer","floor":22,"gold_loss":0,"cards_obtained":["Tools of the Trade","Acrobatics"]},{"damage_healed":0,"gold_gain":0,"player_choice":"Fought Bandits","damage_taken":0,"max_hp_gain":0,"max_hp_loss":0,"event_name":"Masked Bandits","floor":24,"gold_loss":0},{"damage_healed":0,"gold_gain":0,"player_choice":"Obtained Relic","damage_taken":0,"relics_obtained":["Art of War"],"max_hp_gain":0,"max_hp_loss":0,"event_name":"Addict","floor":27,"gold_loss":85},{"damage_healed":0,"gold_gain":0,"player_choice":"Bet on Murderer","damage_taken":0,"max_hp_gain":0,"max_hp_loss":0,"event_name":"The Joust","floor":29,"gold_loss":50},{"damage_healed":0,"gold_gain":222,"player_choice":"Wore Mask","damage_taken":0,"max_hp_gain":0,"max_hp_loss":0,"event_name":"Tomb of Lord Red Mask","floor":38,"gold_loss":0},{"damage_healed":0,"gold_gain":0,"player_choice":"Ignored","damage_taken":0,"max_hp_gain":0,"max_hp_loss":0,"event_name":"The Moai Head","floor":42,"gold_loss":0},{"damage_healed":0,"gold_gain":0,"player_choice":"Memory 1","damage_taken":0,"max_hp_gain":0,"max_hp_loss":0,"event_name":"SensoryStone","floor":44,"gold_loss":0}],"is_beta":true,"boss_relics":[{"not_picked":["Pandora\u0027s Box","Snecko Eye"],"picked":"Fusion Hammer"},{"not_picked":["Busted Crown","Cursed Key"],"picked":"Tiny House"}],"items_purged_floors":[13,21,46],"is_endless":false,"potions_floor_spawned":[1,7,8,10,16,24,25,31,33,35,40,45,47],"ascension_level":20}