{"gold_per_floor":[111,125,135,148,165,194,214,214,214,232,257,267,7,23,23,124,124,94,109,128,20,119,136,136,236,236,252,264,264,276,276,276,375,375,388,47,0,0,0,0,28,128,128,144,169,191,52,66,66,66],"floor_reached":51,"playtime":10529,"items_purged":["Defend_G","Defend_G","Defend_G"],"score":720,"play_id":"5da4dee9-36ed-44ab-a5fb-0e3d4aa51a6f","local_time":"20190814191137","is_ascension_mode":false,"campfire_choices":[{"floor":8.0,"key":"REST"},{"data":"Wraith Form v2","floor":15.0,"key":"SMITH"},{"floor":24,"key":"REST"},{"floor":29,"key":"REST"},{"floor":32,"key":"REST"},{"floor":40,"key":"REST"},{"floor":49,"key":"REST"}],"neow_cost":"NONE","seed_source_timestamp":0,"circlet_count":0,"master_deck":["Defend_G","Defend_G","Survivor","Neutralize","Wraith Form v2+1","Poisoned Stab","Well Laid Plans","Phantasmal Killer","Dash","Dagger Throw","Prepared","Escape Plan","Crippling Poison","Distraction","Slice","Dash","Night Terror","Endless Agony+1","Caltrops","Infinite Blades","Underhanded Strike","After Image","Footwork","Predator","Bite","Bite","Bite","Bite","Bite","A Thousand Cuts","Finisher","Apotheosis","Reflex","Panache","Swift Strike","Flash of Steel","Madness","Madness","Outmaneuver","PiercingWail","Endless Agony"],"special_seed":0,"relics":["Ring of the Serpent","Bag of Marbles","Ornamental Fan","Matryoshka","Mummified Hand","Pear","Mango","Busted Crown","Red Mask","Singing Bowl","The Specimen","Bottled Tornado","Ninja Scroll","MawBank"],"potions_floor_usage":[19,23,41,50],"damage_taken":[{"damage":0.0,"enemies":"Cultist","floor":1.0,"turns":4.0},{"damage":0.0,"enemies":"Small Slimes","floor":2.0,"turns":3.0},{"damage":1.0,"enemies":"Jaw Worm","floor":3.0,"turns":4.0},{"damage":7.0,"enemies":"3 Louse","floor":4.0,"turns":5.0},{"damage":5.0,"enemies":"Looter","floor":5.0,"turns":3.0},{"damage":23.0,"enemies":"3 Sentries","floor":6.0,"turns":12.0},{"damage":1.0,"enemies":"2 Fungi Beasts","floor":7.0,"turns":3.0},{"damage":12.0,"enemies":"Large Slime","floor":10.0,"turns":6.0},{"damage":8.0,"enemies":"Gremlin Nob","floor":11.0,"turns":6.0},{"damage":0.0,"enemies":"3 Louse","floor":12.0,"turns":3.0},{"damage":3.0,"enemies":"Blue Slaver","floor":14.0,"turns":2.0},{"damage":18.0,"enemies":"Hexaghost","floor":16.0,"turns":14.0},{"damage":38,"enemies":"2 Thieves","floor":18,"turns":5},{"damage":18,"enemies":"3 Byrds","floor":19,"turns":8},{"damage":11,"enemies":"Snake Plant","floor":20,"turns":6},{"damage":2,"enemies":"3 Cultists","floor":23,"turns":7},{"damage":5,"enemies":"Centurion and Healer","floor":27,"turns":8},{"damage":11,"enemies":"Cultist and Chosen","floor":28,"turns":8},{"damage":20,"enemies":"Chosen and Byrds","floor":30,"turns":8},{"damage":53,"enemies":"Champ","floor":33,"turns":16},{"damage":3,"enemies":"Orb Walker","floor":35,"turns":4},{"damage":0,"enemies":"Giant Head","floor":41,"turns":7},{"damage":0,"enemies":"Mind Bloom Boss Battle","floor":42,"turns":6},{"damage":2,"enemies":"3 Shapes","floor":44,"turns":3},{"damage":0,"enemies":"Transient","floor":46,"turns":5},{"damage":27,"enemies":"4 Shapes","floor":48,"turns":4},{"damage":84,"enemies":"Awakened One","floor":50,"turns":11}],"seed_played":"-6115944431033098273","potions_obtained":[{"floor":2.0,"key":"Ancient Potion"},{"floor":7.0,"key":"SmokeBomb"},{"floor":10.0,"key":"Explosive Potion"},{"floor":11.0,"key":"Fruit Juice"},{"floor":12.0,"key":"FearPotion"},{"floor":20,"key":"SpeedPotion"},{"floor":23,"key":"LiquidBronze"},{"floor":33,"key":"SneckoOil"},{"floor":41,"key":"SpeedPotion"},{"floor":42,"key":"GamblersBrew"}],"is_trial":false,"path_per_floor":["M","M","M","M","M","E","M","R","T","M","E","M","$","M","R","B",null,"M","M","M","$","?","M","R","?","T","M","M","R","M","?","R","B",null,"M","$","?","?","?","R","E","?","T","M","T","M","$","M","R","B",null],"character_chosen":"THE_SILENT","items_purchased":["Mummified Hand","Infinite Blades","Apotheosis","Reflex","PiercingWail"],"campfire_rested":6,"item_purchase_floors":[13,21,36,36,47],"current_hp_per_floor":[70,70,69,62,57,34,33,54,54,42,34,39,39,36,36,18,75,37,19,8,8,8,6,28,28,52,47,36,65,45,45,65,32,69,68,68,68,58,49,69,71,71,71,73,73,75,75,48,70,14],"gold":66,"neow_bonus":"ONE_RANDOM_RARE_CARD","is_prod":false,"is_daily":false,"chose_seed":false,"campfire_upgraded":1,"win_rate":0,"timestamp":1565827897,"path_taken":["M","M","M","M","M","E","M","R","T","M","E","M","$","?","R","BOSS","M","?","M","$","?","M","R","?","T","M","M","R","?","?","R","BOSS","M","$","?","?","?","R","E","?","T","M","?","M","$","M","R","BOSS"],"build_version":"2019-07-05","purchased_purges":3,"victory":true,"max_hp_per_floor":[70,70,70,70,70,70,70,70,70,70,70,75,75,75,75,75,75,75,75,75,75,75,75,75,75,99,99,99,99,99,69,69,69,69,69,69,69,69,69,69,71,71,71,73,73,75,75,75,75,75],"card_choices":[{"not_picked":["Acrobatics","Flechettes"],"picked":"Poisoned Stab","floor":1.0},{"not_picked":["Quick Slash","Prepared"],"picked":"Well Laid Plans","floor":2.0},{"not_picked":["Poisoned Stab","Backflip"],"picked":"Phantasmal Killer","floor":3.0},{"not_picked":["Flechettes","Flying Knee"],"picked":"Dash","floor":4.0},{"not_picked":["Expertise","Quick Slash"],"picked":"Dagger Throw","floor":5.0},{"not_picked":["Flying Knee","Calculated Gamble"],"picked":"Prepared","floor":6.0},{"not_picked":["Blade Dance","Flying Knee"],"picked":"Escape Plan","floor":7.0},{"not_picked":["Dagger Throw","Doppelganger"],"picked":"Crippling Poison","floor":10.0},{"not_picked":["Eviscerate","Quick Slash"],"picked":"Distraction","floor":11.0},{"not_picked":["Cloak And Dagger","Bane"],"picked":"Slice","floor":12.0},{"not_picked":["Poisoned Stab","Dagger Spray"],"picked":"Dash","floor":14.0},{"not_picked":["Bullet Time","Burst"],"picked":"Night Terror","floor":16.0},{"not_picked":["Dagger Throw+1","Quick Slash","Blade Dance"],"picked":"SKIP","floor":18},{"not_picked":["Heel Hook+1","Deflect+1"],"picked":"Endless Agony+1","floor":19},{"not_picked":["Bane","Infinite Blades"],"picked":"Caltrops","floor":20},{"not_picked":["Deflect+1","Bouncing Flask"],"picked":"Underhanded Strike","floor":23},{"not_picked":["Riddle With Holes","Blade Dance+1"],"picked":"After Image","floor":27},{"not_picked":["Blur","Dash+1"],"picked":"Footwork","floor":28},{"not_picked":["All Out Attack","Prepared"],"picked":"Predator","floor":30},{"not_picked":["Die Die Die","Envenom"],"picked":"A Thousand Cuts","floor":33},{"not_picked":[],"picked":"Finisher","floor":35},{"not_picked":[],"picked":"Panache","floor":38},{"not_picked":[],"picked":"Swift Strike","floor":38},{"not_picked":[],"picked":"Flash of Steel","floor":38},{"not_picked":["Cloak And Dagger+1"],"picked":"Singing Bowl","floor":41},{"not_picked":[],"picked":"Outmaneuver","floor":42},{"not_picked":["Cloak And Dagger"],"picked":"Singing Bowl","floor":44},{"not_picked":["Flechettes+1"],"picked":"Singing Bowl","floor":46},{"not_picked":[],"picked":"Endless Agony","floor":48}],"player_experience":307684,"relics_obtained":[{"floor":6.0,"key":"Bag of Marbles"},{"floor":9.0,"key":"Ornamental Fan"},{"floor":11.0,"key":"Matryoshka"},{"floor":26,"key":"Pear"},{"floor":26,"key":"Mango"},{"floor":41,"key":"Singing Bowl"},{"floor":42,"key":"The Specimen"},{"floor":43,"key":"Bottled Tornado"},{"floor":43,"key":"Ninja Scroll"},{"floor":45,"key":"MawBank"}],"event_choices":[{"damage_healed":0,"gold_gain":99,"player_choice":"Stole From Cult","damage_taken":0,"max_hp_gain":0,"max_hp_loss":0,"event_name":"Nest","floor":22,"gold_loss":0},{"damage_healed":0,"gold_gain":100,"player_choice":"Pray","damage_taken":0,"max_hp_gain":0,"max_hp_loss":0,"event_name":"Golden Shrine","floor":25,"gold_loss":0},{"damage_healed":0,"gold_gain":0,"player_choice":"Became a vampire","damage_taken":0,"max_hp_gain":0,"max_hp_loss":30,"event_name":"Vampires","floor":31,"gold_loss":0,"cards_obtained":["Bite","Bite","Bite","Bite","Bite"]},{"damage_healed":0,"gold_gain":0,"player_choice":"Paid","damage_taken":0,"relics_obtained":["Red Mask"],"max_hp_gain":0,"max_hp_loss":0,"event_name":"Tomb of Lord Red Mask","floor":37,"gold_loss":47},{"damage_healed":0,"gold_gain":0,"player_choice":"Memory 3","damage_taken":10,"max_hp_gain":0,"max_hp_loss":0,"event_name":"SensoryStone","floor":38,"gold_loss":0},{"damage_healed":0,"gold_gain":0,"player_choice":"Embrace Madness","damage_taken":9,"max_hp_gain":0,"max_hp_loss":0,"event_name":"Winding Halls","floor":39,"gold_loss":0,"cards_obtained":["Madness","Madness"]},{"damage_healed":0,"gold_gain":0,"player_choice":"Fight","damage_taken":0,"max_hp_gain":0,"max_hp_loss":0,"event_name":"MindBloom","floor":42,"gold_loss":0}],"is_beta":false,"boss_relics":[{"not_picked":["Coffee Dripper","Runic Pyramid"],"picked":"Ring of the Serpent"},{"not_picked":["Eternal Feather","Empty Cage"],"picked":"Busted Crown"}],"items_purged_floors":[21,36,47],"is_endless":false,"potions_floor_spawned":[2,7,10,11,12,14,20,23,33,41,42],"ascension_level":0}