{"gold_per_floor":[112,124,136,147,158,185,185,212,212,212,230,241,241,273,273,378,378,388,423,423,423,409,409,442,442,466,239,239,266,283,283,283,283],"floor_reached":33,"playtime":8307,"items_purged":["Defend_B"],"score":372,"play_id":"017a4051-e39d-43c0-9ea7-3a2c4c8c7c5d","local_time":"20190807200841","is_ascension_mode":true,"campfire_choices":[{"floor":7,"key":"REST"},{"floor":10,"key":"REST"},{"floor":13,"key":"REST"},{"data":"White Noise","floor":15,"key":"SMITH"},{"data":"Redo","floor":23,"key":"SMITH"},{"data":"Dualcast","floor":25,"key":"SMITH"},{"floor":32,"key":"REST"}],"neow_cost":"PERCENT_DAMAGE","seed_source_timestamp":53516753414400,"circlet_count":0,"master_deck":["Strike_B","Strike_B","Strike_B","Strike_B","Defend_B","Defend_B","Zap","Dualcast+1","Beam Cell","Darkness+1","White Noise+1","Chill","Redo+1","Loop","Stack","BootSequence","Ball Lightning","Cold Snap","Coolheaded","Heatsinks","Hologram","Reboot+1","Sweeping Beam","Undo","Doom and Gloom","All For One","Sweeping Beam","Scrape","Writhe","Redo+1","Cold Snap+1","Glacier+1","Amplify","Self Repair","Glacier","Hello World"],"relics":["Cracked Core","Prayer Wheel","Thread and Needle","Darkstone Periapt","Pear","War Paint","Red Mask","Gambling Chip","Happy Flower","Nloth\u0027s Gift","Question Card"],"potions_floor_usage":[6,6,8,16,22,31,33],"damage_taken":[{"damage":0,"enemies":"Small Slimes","floor":1,"turns":3},{"damage":0,"enemies":"2 Louse","floor":2,"turns":2},{"damage":0,"enemies":"Cultist","floor":3,"turns":3},{"damage":10,"enemies":"Lots of Slimes","floor":4,"turns":5},{"damage":0,"enemies":"Looter","floor":5,"turns":3},{"damage":11,"enemies":"Lagavulin","floor":6,"turns":5},{"damage":35,"enemies":"Gremlin Nob","floor":8,"turns":5},{"damage":2,"enemies":"Blue Slaver","floor":11,"turns":4},{"damage":6,"enemies":"Lots of Slimes","floor":12,"turns":4},{"damage":2,"enemies":"Lagavulin","floor":14,"turns":7},{"damage":21,"enemies":"The Guardian","floor":16,"turns":9},{"damage":1,"enemies":"Spheric Guardian","floor":18,"turns":4},{"damage":8,"enemies":"Masked Bandits","floor":19,"turns":4},{"damage":0,"enemies":"2 Thieves","floor":22,"turns":4},{"damage":20,"enemies":"Book of Stabbing","floor":24,"turns":6},{"damage":37,"enemies":"Slavers","floor":29,"turns":7},{"damage":10,"enemies":"Shelled Parasite and Fungi","floor":30,"turns":5},{"damage":1,"enemies":"Centurion and Healer","floor":31,"turns":2},{"damage":66,"enemies":"Champ","floor":33,"turns":11}],"seed_played":"2206982392414642411","potions_obtained":[{"floor":1,"key":"Weak Potion"},{"floor":5,"key":"Swift Potion"},{"floor":6,"key":"GamblersBrew"},{"floor":12,"key":"SteroidPotion"},{"floor":14,"key":"Fire Potion"},{"floor":16,"key":"Swift Potion"},{"floor":19,"key":"Swift Potion"},{"floor":30,"key":"SmokeBomb"}],"is_trial":false,"path_per_floor":["M","M","M","M","M","E","R","E","T","R","M","M","R","E","R","B",null,"M","?","?","?","M","R","E","R","T","$","?","E","M","M","R","B"],"character_chosen":"DEFECT","items_purchased":["Amplify"],"campfire_rested":4,"item_purchase_floors":[27],"current_hp_per_floor":[54,54,54,44,44,33,55,20,30,55,53,47,72,70,70,49,85,84,76,76,82,82,82,62,62,62,62,62,25,22,35,62,0],"gold":283,"neow_bonus":"ONE_RARE_RELIC","is_prod":false,"is_daily":false,"chose_seed":false,"campfire_upgraded":3,"win_rate":0,"timestamp":1565226521,"path_taken":["M","M","M","M","M","E","R","E","T","R","M","M","R","E","R","BOSS","M","?","?","?","M","R","E","R","T","$","?","E","M","M","R","BOSS"],"build_version":"2019-07-05","purchased_purges":1,"victory":false,"max_hp_per_floor":[75,75,75,75,75,75,75,75,85,85,85,85,85,85,85,85,85,85,85,85,91,91,91,91,91,91,91,91,91,91,91,91,91],"card_choices":[{"not_picked":["Chaos","Coolheaded"],"picked":"Beam Cell","floor":1},{"not_picked":["Steam Power","Streamline"],"picked":"Darkness","floor":1},{"not_picked":["Steam","Fusion"],"picked":"White Noise","floor":2},{"not_picked":["Aggregate","Redo"],"picked":"Chill","floor":2},{"not_picked":["Conserve Battery","Ball Lightning"],"picked":"Redo","floor":3},{"not_picked":["Consume","Skim"],"picked":"Loop","floor":3},{"not_picked":["Leap","Thunder Strike"],"picked":"Stack","floor":4},{"not_picked":["Leap","Rebound"],"picked":"BootSequence","floor":4},{"not_picked":["Turbo","Loop"],"picked":"Ball Lightning","floor":5},{"not_picked":["Leap","Chaos"],"picked":"Cold Snap","floor":5},{"not_picked":["Cold Snap","Leap"],"picked":"Coolheaded","floor":6},{"not_picked":["Stack","Hologram"],"picked":"Heatsinks","floor":8},{"not_picked":["Heatsinks","Streamline"],"picked":"Hologram","floor":11},{"not_picked":["Storm","Gash"],"picked":"Reboot","floor":11},{"not_picked":["Ball Lightning","Compile Driver"],"picked":"Sweeping Beam","floor":12},{"not_picked":["Conserve Battery","Barrage"],"picked":"Undo","floor":12},{"not_picked":["Streamline","Coolheaded"],"picked":"Doom and Gloom","floor":14},{"not_picked":["Fission","Biased Cognition"],"picked":"All For One","floor":16},{"not_picked":["Beam Cell","Coolheaded+1"],"picked":"Sweeping Beam","floor":18},{"not_picked":["Go for the Eyes","Barrage+1"],"picked":"Scrape","floor":18},{"not_picked":["Sweeping Beam+1","Conserve Battery"],"picked":"Redo+1","floor":22},{"not_picked":["Leap+1","Streamline"],"picked":"Cold Snap+1","floor":22},{"not_picked":["Go for the Eyes","Auto Shields"],"picked":"Glacier+1","floor":24},{"not_picked":["Static Discharge","Meteor Strike"],"picked":"Self Repair","floor":29},{"not_picked":["Conserve Battery","Go for the Eyes+1","Steam Power"],"picked":"Glacier","floor":30},{"not_picked":["Go for the Eyes","Turbo","Gash"],"picked":"Hello World","floor":30}],"player_experience":170548,"relics_obtained":[{"floor":6,"key":"Thread and Needle"},{"floor":8,"key":"Darkstone Periapt"},{"floor":9,"key":"Pear"},{"floor":14,"key":"War Paint"},{"floor":19,"key":"Red Mask"},{"floor":24,"key":"Dream Catcher"},{"floor":26,"key":"Happy Flower"},{"floor":29,"key":"Question Card"}],"event_choices":[{"damage_healed":0,"gold_gain":0,"player_choice":"Fought Bandits","damage_taken":0,"max_hp_gain":0,"max_hp_loss":0,"event_name":"Masked Bandits","floor":19,"gold_loss":0},{"cards_removed":["Defend_B"],"damage_healed":0,"gold_gain":0,"player_choice":"Elegance","damage_taken":0,"max_hp_gain":0,"max_hp_loss":0,"event_name":"Back to Basics","floor":20,"gold_loss":0},{"damage_healed":0,"gold_gain":0,"player_choice":"Opened","damage_taken":0,"relics_obtained":["Gambling Chip"],"max_hp_gain":0,"max_hp_loss":0,"event_name":"The Mausoleum","floor":21,"gold_loss":0,"cards_obtained":["Writhe"]},{"damage_healed":0,"gold_gain":0,"player_choice":"Traded Relic","damage_taken":0,"relics_obtained":["Nloth\u0027s Gift"],"max_hp_gain":0,"max_hp_loss":0,"event_name":"N\u0027loth","floor":28,"relics_lost":["Dream Catcher"],"gold_loss":0}],"is_beta":false,"boss_relics":[{"not_picked":["Sozu","Snecko Eye","Philosopher\u0027s Stone"]}],"items_purged_floors":[27],"is_endless":false,"potions_floor_spawned":[1,5,6,12,14,16,19,30,31],"killed_by":"Champ","ascension_level":1}