{"gold_per_floor":[117,131,150,115,131,158,158,168,168,183,183,194,245,3,3,104,104,124,124,13,23,23],"floor_reached":22,"playtime":3309,"items_purged":[],"score":188,"play_id":"e3900601-aa29-42f1-890e-98a4ab5c93f3","local_time":"20190808185824","is_ascension_mode":false,"campfire_choices":[{"floor":7,"key":"REST"},{"floor":11,"key":"REST"},{"floor":15,"key":"REST"}],"neow_cost":"PERCENT_DAMAGE","seed_source_timestamp":8028320996900,"circlet_count":0,"master_deck":["Strike_B","Strike_B","Strike_B","Strike_B","Defend_B","Defend_B","Defend_B","Defend_B","Zap","Dualcast","Core Surge","Rebound","Hello World","Coolheaded","Coolheaded","Aggregate","Sunder","Lockon","Rebound","Self Repair","Hologram","Streamline","Multi-Cast","Beam Cell","Chaos","Blizzard","Melter"],"relics":["Peace Pipe","Darkstone Periapt","Lizard Tail","Nloth\u0027s Gift"],"potions_floor_usage":[8,14,16,21],"damage_taken":[{"damage":0,"enemies":"2 Louse","floor":1,"turns":2},{"damage":10,"enemies":"Small Slimes","floor":2,"turns":2},{"damage":6,"enemies":"Cultist","floor":3,"turns":3},{"damage":7,"enemies":"3 Louse","floor":5,"turns":4},{"damage":25,"enemies":"Lagavulin","floor":6,"turns":10},{"damage":13,"enemies":"Looter","floor":8,"turns":3},{"damage":21,"enemies":"Exordium Wildlife","floor":10,"turns":4},{"damage":10,"enemies":"3 Louse","floor":12,"turns":2},{"damage":6,"enemies":"Slime Boss","floor":16,"turns":8},{"damage":49,"enemies":"Shell Parasite","floor":18,"turns":7},{"damage":36,"enemies":"3 Byrds","floor":21,"turns":8},{"damage":55,"enemies":"Shelled Parasite and Fungi","floor":22,"turns":6}],"seed_played":"-3720849180346799848","potions_obtained":[{"floor":1,"key":"Swift Potion"},{"floor":6,"key":"GamblersBrew"},{"floor":8,"key":"SpeedPotion"},{"floor":10,"key":"SteroidPotion"},{"floor":12,"key":"AttackPotion"},{"floor":18,"key":"FearPotion"}],"is_trial":false,"path_per_floor":["M","M","M","?","M","E","R","M","T","M","R","M","?","$","R","B",null,"M","?","$","M","M"],"character_chosen":"DEFECT","items_purchased":["Fruit Juice","Self Repair","Hologram","Streamline","Chaos","Blizzard"],"campfire_rested":3,"item_purchase_floors":[14,14,14,14,20,20],"current_hp_per_floor":[54,44,38,56,49,24,46,33,33,12,34,24,24,29,53,54,80,38,38,38,9,0],"gold":23,"neow_bonus":"THREE_RARE_CARDS","is_prod":false,"is_daily":false,"chose_seed":false,"campfire_upgraded":0,"win_rate":0,"timestamp":1565308704,"path_taken":["M","M","M","?","M","E","R","M","T","M","R","M","?","$","R","BOSS","M","?","$","M","?"],"build_version":"2019-07-05","purchased_purges":0,"victory":false,"max_hp_per_floor":[75,75,75,75,75,75,75,75,75,75,75,75,75,80,80,80,80,80,80,80,80,80],"card_choices":[{"not_picked":["Machine Learning","Biased Cognition"],"picked":"Core Surge","floor":0},{"not_picked":["Hello World","Leap"],"picked":"Rebound","floor":1},{"not_picked":["Cold Snap","Loop"],"picked":"Hello World","floor":2},{"not_picked":["Turbo","Reprogram"],"picked":"Coolheaded","floor":3},{"not_picked":["Auto Shields","Genetic Algorithm"],"picked":"Coolheaded","floor":5},{"not_picked":["Recycle","Coolheaded"],"picked":"Aggregate","floor":6},{"not_picked":["Auto Shields","Conserve Battery"],"picked":"Sunder","floor":8},{"not_picked":["Sweeping Beam","Steam Power"],"picked":"Lockon","floor":10},{"not_picked":["Machine Learning","Coolheaded"],"picked":"Rebound","floor":12},{"not_picked":["Seek","Reboot"],"picked":"Multi-Cast","floor":16},{"not_picked":["Darkness","BootSequence"],"picked":"Beam Cell","floor":18},{"not_picked":["Steam Power","Turbo"],"picked":"Melter","floor":21}],"player_experience":193735,"relics_obtained":[{"floor":6,"key":"Peace Pipe"},{"floor":9,"key":"Darkstone Periapt"}],"event_choices":[{"damage_healed":18,"gold_gain":0,"player_choice":"Healed","damage_taken":0,"max_hp_gain":0,"max_hp_loss":0,"event_name":"The Cleric","floor":4,"gold_loss":35},{"damage_healed":0,"gold_gain":51,"player_choice":"Gained Gold","damage_taken":0,"max_hp_gain":0,"max_hp_loss":0,"event_name":"Golden Wing","floor":13,"gold_loss":0},{"damage_healed":0,"gold_gain":0,"player_choice":"Traded Relic","damage_taken":0,"relics_obtained":["Nloth\u0027s Gift"],"max_hp_gain":0,"max_hp_loss":0,"event_name":"N\u0027loth","floor":19,"relics_lost":["Cracked Core"],"gold_loss":0}],"is_beta":false,"boss_relics":[{"not_picked":["Black Star","Philosopher\u0027s Stone"],"picked":"Lizard Tail"}],"items_purged_floors":[],"is_endless":false,"potions_floor_spawned":[1,6,8,10,12,18],"killed_by":"Shelled Parasite and Fungi","ascension_level":0}