{"gold_per_floor":[118,128,148,165,165,165,199,216,216,247,247,9,9,28,28,125,125,143,143,52,66,0,0,32,32],"floor_reached":25,"playtime":997,"items_purged":["Zap","Defend_G"],"score":254,"play_id":"c3724c1b-2c08-4c83-bc93-9eb0cd012d05","local_time":"20181011094009","daily_mods":["Chimera","Uncertain Future","Careless"],"is_ascension_mode":true,"campfire_choices":[{"data":"Disarm","floor":6,"key":"SMITH"},{"floor":15,"key":"REST"},{"data":"Uppercut","floor":23,"key":"SMITH"}],"neow_cost":"","seed_source_timestamp":0,"circlet_count":0,"master_deck":["Bash","Survivor","Strike_R","Strike_G","Strike_B","Defend_R","Defend_B","Cleave","Disarm+1","Twin Strike","Double Tap","Disarm","Impervious","Armaments","Ghostly Armor","Iron Wave","Necronomicurse","Uppercut+1","Clothesline+1"],"relics":["Burning Blood","WarpedTongs","Blood Vial","Blue Candle","Centennial Puzzle","Membership Card","WingedGreaves","Orrery","Necronomicon","Bottled Lightning"],"potions_floor_usage":[14,14,18,24,25],"damage_taken":[{"damage":3,"enemies":"Jaw Worm","floor":1,"turns":5},{"damage":6,"enemies":"Cultist","floor":2,"turns":3},{"damage":1,"enemies":"Small Slimes","floor":3,"turns":4},{"damage":7,"enemies":"3 Louse","floor":4,"turns":2},{"damage":34,"enemies":"Lagavulin","floor":7,"turns":6},{"damage":15,"enemies":"Exordium Wildlife","floor":8,"turns":4},{"damage":28,"enemies":"3 Sentries","floor":10,"turns":7},{"damage":16,"enemies":"Exordium Thugs","floor":14,"turns":5},{"damage":30,"enemies":"The Guardian","floor":16,"turns":15},{"damage":16,"enemies":"Chosen","floor":18,"turns":6},{"damage":15,"enemies":"3 Byrds","floor":21,"turns":6},{"damage":46,"enemies":"Book of Stabbing","floor":24,"turns":7},{"damage":12,"enemies":"Centurion and Healer","floor":25,"turns":4}],"seed_played":"8644998341031159811","potions_obtained":[{"floor":1,"key":"Energy Potion"},{"floor":2,"key":"SkillPotion"},{"floor":10,"key":"Energy Potion"},{"floor":16,"key":"Fire Potion"},{"floor":24,"key":"AttackPotion"}],"is_trial":true,"path_per_floor":["M","M","M","M","?","R","E","M","T","E","?","$","?","M","R","B",null,"M","?","$","M","?","R","E"],"character_chosen":"IRONCLAD","items_purchased":["Membership Card","Uppercut"],"campfire_rested":1,"item_purchase_floors":[12,20],"current_hp_per_floor":[80,80,80,79,79,79,51,44,44,24,24,24,17,9,33,11,80,70,54,54,47,47,47,9,0],"gold":32,"neow_bonus":"","is_prod":false,"is_daily":false,"chose_seed":false,"campfire_upgraded":2,"win_rate":0,"timestamp":1539265209,"path_taken":["M","M","M","M","?","R","E","M","T","E","?","$","?","M","R","BOSS","M","?","$","M","?","R","E","M"],"build_version":"2018-10-04v2","purchased_purges":2,"victory":false,"max_hp_per_floor":[80,80,80,80,80,80,80,80,80,80,80,80,80,80,80,80,80,80,80,80,80,80,80,80,80],"card_choices":[{"not_picked":["Rupture","Fire Breathing"],"picked":"Cleave","floor":1},{"not_picked":["Thunderclap","Flex"],"picked":"Disarm","floor":2},{"not_picked":["Heavy Blade","Reckless Charge"],"picked":"Twin Strike","floor":3},{"not_picked":["Twin Strike","Clash","Clothesline"],"picked":"SKIP","floor":4},{"not_picked":["Evolve","Second Wind","Corruption"],"picked":"SKIP","floor":7},{"not_picked":["Blood for Blood","Perfected Strike"],"picked":"Double Tap","floor":8},{"not_picked":["Burning Pact","Warcry","Fire Breathing"],"picked":"SKIP","floor":10},{"not_picked":["Iron Wave","Inflame"],"picked":"Disarm","floor":14},{"not_picked":["Double Tap","Immolate"],"picked":"Impervious","floor":16},{"not_picked":["Iron Wave","Flex"],"picked":"Armaments","floor":17},{"not_picked":["Headbutt","Twin Strike"],"picked":"Ghostly Armor","floor":17},{"not_picked":["Entrench","Dropkick"],"picked":"Iron Wave","floor":18},{"not_picked":["Thunderclap+1","Twin Strike+1","Flame Barrier"],"picked":"SKIP","floor":21},{"not_picked":["Limit Break","Shockwave"],"picked":"Clothesline+1","floor":24}],"player_experience":218676,"relics_obtained":[{"floor":7,"key":"Blood Vial"},{"floor":9,"key":"Blue Candle"},{"floor":10,"key":"Centennial Puzzle"},{"floor":19,"key":"Necronomicon"},{"floor":24,"key":"Bottled Lightning"}],"event_choices":[{"event_name":"Accursed Blacksmith","player_choice":"Rummage","floor":5,"damage_taken":0},{"event_name":"Living Wall","player_choice":"Forget","floor":11,"damage_taken":0},{"event_name":"Scrap Ooze","player_choice":"success","floor":13,"damage_taken":7},{"event_name":"Cursed Tome","player_choice":"Obtained Book","floor":19,"damage_taken":0},{"event_name":"Masked Bandits","player_choice":"Paid Fearfully","floor":22,"damage_taken":0}],"is_beta":false,"boss_relics":[{"not_picked":["Pandora\u0027s Box","Runic Dome"],"picked":"Orrery"}],"items_purged_floors":[12,20],"is_endless":false,"potions_floor_spawned":[1,2,10,16,24],"killed_by":"Centurion and Healer","ascension_level":2}