{"gold_per_floor":[359,377,377,377,62,62,97,97,120,141,179,194,208,173,173,296,296,320,320,320,358,382,382,401,401,401,23,47,90,90,128,128,252,252,273,29,50,50,65,65,45,45,68,116,78,102,102,117,117,117],"floor_reached":51,"playtime":2487,"items_purged":["Strike_R","Strike_R","Strike_R","Strike_R"],"score":898,"play_id":"5e7fc5af-996c-4d13-bf09-1283092691f5","local_time":"20181011102224","is_ascension_mode":true,"campfire_choices":[{"data":"Body Slam","floor":6,"key":"SMITH"},{"data":"Apotheosis","floor":8,"key":"SMITH"},{"data":"Body Slam","floor":15,"key":"SMITH"},{"data":"Demon Form","floor":23,"key":"SMITH"},{"floor":25,"key":"REST"},{"floor":32,"key":"REST"},{"floor":40,"key":"REST"},{"floor":42,"key":"REST"},{"floor":47,"key":"REST"},{"floor":49,"key":"REST"}],"neow_cost":"PERCENT_DAMAGE","seed_source_timestamp":63548739158425,"circlet_count":0,"master_deck":["Defend_R","Defend_R+1","Defend_R+1","Defend_R","Bash","Headbutt","Body Slam+1","Apotheosis+1","Body Slam+1","Impervious","Demon Form+1","Shrug It Off","Feel No Pain","Offering","Double Tap"],"relics":["Burning Blood","Golden Idol","Turnip","Bottled Lightning","War Paint","Letter Opener","Mark of Pain","Red Mask","Mummified Hand","OrangePellets","Boot","Smiling Mask","Molten Egg 2","Sozu","ClockworkSouvenir","Calipers","MawBank","Vajra"],"potions_floor_usage":[11,21,39,50],"damage_taken":[{"damage":5,"enemies":"Small Slimes","floor":1,"turns":4},{"damage":0,"enemies":"2 Louse","floor":2,"turns":3},{"damage":25,"enemies":"3 Sentries","floor":7,"turns":10},{"damage":0,"enemies":"Cultist","floor":10,"turns":3},{"damage":15,"enemies":"Lagavulin","floor":11,"turns":5},{"damage":0,"enemies":"3 Louse","floor":12,"turns":3},{"damage":7,"enemies":"Gremlin Gang","floor":13,"turns":5},{"damage":10,"enemies":"Hexaghost","floor":16,"turns":8},{"damage":8,"enemies":"Chosen","floor":18,"turns":4},{"damage":4,"enemies":"Masked Bandits","floor":21,"turns":3},{"damage":14,"enemies":"3 Byrds","floor":22,"turns":6},{"damage":22,"enemies":"Centurion and Healer","floor":24,"turns":6},{"damage":7,"enemies":"3 Cultists","floor":28,"turns":6},{"damage":0,"enemies":"Book of Stabbing","floor":29,"turns":3},{"damage":30,"enemies":"Gremlin Leader","floor":31,"turns":9},{"damage":51,"enemies":"Automaton","floor":33,"turns":10},{"damage":9,"enemies":"3 Shapes","floor":35,"turns":4},{"damage":35,"enemies":"3 Darklings","floor":37,"turns":4},{"damage":6,"enemies":"Mind Bloom Boss Battle","floor":38,"turns":6},{"damage":34,"enemies":"4 Shapes","floor":39,"turns":11},{"damage":6,"enemies":"Giant Head","floor":44,"turns":5},{"damage":6,"enemies":"Transient","floor":46,"turns":5},{"damage":23,"enemies":"3 Darklings","floor":48,"turns":4},{"damage":67,"enemies":"Awakened One","floor":50,"turns":12}],"seed_played":"31028875198079760","potions_obtained":[{"floor":2,"key":"GamblersBrew"},{"floor":7,"key":"Weak Potion"},{"floor":12,"key":"Explosive Potion"},{"floor":24,"key":"AttackPotion"},{"floor":28,"key":"FearPotion"},{"floor":29,"key":"Block Potion"}],"is_trial":false,"path_per_floor":["M","M","?","?","$","R","E","R","T","M","E","M","M","?","R","B",null,"M","?","?","?","M","R","M","R","T","$","M","E","T","E","R","B",null,"M","$","M","?","M","R","?","R","T","E","$","M","R","M","R","B"],"character_chosen":"IRONCLAD","items_purchased":["Apotheosis","Body Slam","Feel No Pain","OrangePellets","ClockworkSouvenir"],"campfire_rested":6,"item_purchase_floors":[5,5,27,27,36],"current_hp_per_floor":[57,63,43,43,43,43,24,24,24,30,21,27,26,46,46,42,80,78,78,78,80,72,72,56,80,80,80,79,80,80,56,80,35,80,77,77,48,48,20,44,44,68,68,68,68,68,80,63,80,19],"gold":117,"neow_bonus":"TWO_FIFTY_GOLD","is_prod":false,"is_daily":false,"chose_seed":false,"campfire_upgraded":4,"win_rate":0,"timestamp":1539267744,"path_taken":["M","M","?","?","$","R","E","R","T","M","E","?","M","?","R","BOSS","M","?","?","?","M","R","M","R","T","$","M","E","?","E","R","BOSS","M","$","M","?","M","R","?","R","T","E","$","M","R","M","R","BOSS"],"build_version":"2018-10-04v2","purchased_purges":4,"victory":true,"max_hp_per_floor":[80,80,80,80,80,80,80,80,80,80,80,80,80,80,80,80,80,80,80,80,80,80,80,80,80,80,80,80,80,80,80,80,80,80,80,80,80,80,80,80,80,80,80,80,80,80,80,80,80,80],"card_choices":[{"not_picked":["Thunderclap","Pummel"],"picked":"Headbutt","floor":1},{"not_picked":["Flex","Shockwave"],"picked":"Body Slam","floor":2},{"not_picked":["Searing Blow","Bloodletting","Clash"],"picked":"SKIP","floor":7},{"not_picked":["Wild Strike","Reckless Charge","Body Slam"],"picked":"SKIP","floor":10},{"not_picked":["Dropkick","Headbutt","Thunderclap"],"picked":"SKIP","floor":11},{"not_picked":["Headbutt","Carnage"],"picked":"Impervious","floor":12},{"not_picked":["Pommel Strike","Headbutt","Clothesline"],"picked":"SKIP","floor":13},{"not_picked":["Fiend Fire","Bludgeon"],"picked":"Demon Form","floor":16},{"not_picked":["Cleave","Iron Wave","Anger+1"],"picked":"SKIP","floor":18},{"not_picked":["Clash","Warcry","Sentinel"],"picked":"SKIP","floor":22},{"not_picked":["Fire Breathing+1","Wild Strike","Inflame"],"picked":"SKIP","floor":24},{"not_picked":["Intimidate","Havoc","True Grit"],"picked":"SKIP","floor":28},{"not_picked":["Sever Soul","Warcry","Second Wind"],"picked":"SKIP","floor":29},{"not_picked":["Rampage","Iron Wave+1","Armaments"],"picked":"SKIP","floor":31},{"not_picked":["Bludgeon+1","Limit Break"],"picked":"Offering","floor":33},{"not_picked":["Havoc+1","Headbutt+1","Heavy Blade+1"],"picked":"SKIP","floor":35},{"not_picked":["Heavy Blade+1","Flex","Warcry+1"],"picked":"SKIP","floor":37},{"not_picked":["Sword Boomerang+1","Pummel+1","Power Through"],"picked":"SKIP","floor":39},{"not_picked":["Shrug It Off","Spot Weakness"],"picked":"Double Tap","floor":44},{"not_picked":["Bloodletting","Heavy Blade+1","Clash+1"],"picked":"SKIP","floor":46},{"not_picked":["Metallicize","Flex+1","Feel No Pain"],"picked":"SKIP","floor":48}],"player_experience":219673,"relics_obtained":[{"floor":7,"key":"Bottled Lightning"},{"floor":9,"key":"War Paint"},{"floor":11,"key":"Letter Opener"},{"floor":21,"key":"Red Mask"},{"floor":26,"key":"Mummified Hand"},{"floor":29,"key":"Boot"},{"floor":30,"key":"Smiling Mask"},{"floor":31,"key":"Molten Egg 2"},{"floor":38,"key":"Calipers"},{"floor":43,"key":"MawBank"},{"floor":44,"key":"Vajra"}],"event_choices":[{"event_name":"Golden Idol","player_choice":"Take Damage","floor":3,"damage_taken":0},{"event_name":"WeMeetAgain","player_choice":"Potion","floor":4,"damage_taken":0},{"event_name":"The Cleric","player_choice":"Healed","floor":14,"damage_taken":0},{"event_name":"The Library","player_choice":"Read","floor":19,"damage_taken":0},{"event_name":"Bonfire Elementals","player_choice":"BASIC","floor":20,"damage_taken":0},{"event_name":"Masked Bandits","player_choice":"Fought Bandits","floor":21,"damage_taken":0},{"event_name":"MindBloom","player_choice":"Fight","floor":38,"damage_taken":0},{"event_name":"The Woman in Blue","player_choice":"Bought 1 Potion","floor":41,"damage_taken":0}],"is_beta":false,"boss_relics":[{"not_picked":["Black Star","Empty Cage"],"picked":"Mark of Pain"},{"not_picked":["Black Blood","Snecko Eye"],"picked":"Sozu"}],"items_purged_floors":[5,27,36,45],"is_endless":false,"potions_floor_spawned":[2,7,12,24,28,29,38,39,44],"ascension_level":2}