{"gold_per_floor":[116,191,141,141,157,157,183,183,209,238,238,29,45,74,74,74],"floor_reached":16,"playtime":691,"items_purged":[],"score":116,"play_id":"b56d7885-8c36-4d17-9c20-8cccfcf99085","local_time":"20190526123238","daily_mods":["Specialized","Colorless Cards","Elite Swarm"],"is_ascension_mode":false,"campfire_choices":[{"data":"Bash","floor":6,"key":"SMITH"},{"floor":8,"key":"REST"},{"data":"Reaper","floor":11,"key":"SMITH"},{"floor":15,"key":"REST"}],"neow_cost":"","seed_source_timestamp":0,"circlet_count":0,"master_deck":["Strike_R","Strike_R","Strike_R","Strike_R","Strike_R","Defend_R","Defend_R","Defend_R","Defend_R","Bash+1","Enlightenment","Enlightenment","Enlightenment","Iron Wave","Havoc","Apotheosis","Reaper+1","Armaments","Master of Strategy"],"relics":["Burning Blood","Strawberry","Happy Flower","Centennial Puzzle","Art of War","MealTicket","Meat on the Bone"],"potions_floor_usage":[14,14,14],"damage_taken":[{"damage":12,"enemies":"2 Louse","floor":1,"turns":3},{"damage":6,"enemies":"Small Slimes","floor":5,"turns":4},{"damage":58,"enemies":"3 Sentries","floor":7,"turns":16},{"damage":6,"enemies":"Lagavulin","floor":10,"turns":6},{"damage":6,"enemies":"Jaw Worm","floor":13,"turns":4},{"damage":22,"enemies":"Gremlin Nob","floor":14,"turns":5},{"damage":70,"enemies":"Slime Boss","floor":16,"turns":19}],"seed_played":"6346608881532288581","potions_obtained":[{"floor":5,"key":"Block Potion"},{"floor":7,"key":"Explosive Potion"},{"floor":13,"key":"Explosive Potion"}],"is_trial":true,"path_per_floor":["M","?","?","?","M","R","E","R","T","E","R","$","M","E","R","B"],"character_chosen":"IRONCLAD","items_purchased":["MealTicket"],"campfire_rested":2,"item_purchase_floors":[12],"current_hp_per_floor":[74,63,63,70,70,70,18,44,44,44,44,44,49,38,64,0],"gold":74,"neow_bonus":"","is_prod":false,"is_daily":false,"chose_seed":false,"campfire_upgraded":2,"win_rate":0,"timestamp":1558888358,"path_taken":["M","?","?","?","M","R","E","R","T","E","R","$","M","E","R","BOSS"],"build_version":"2019-01-23","purchased_purges":0,"victory":false,"max_hp_per_floor":[80,80,80,87,87,87,87,87,87,87,87,87,87,87,87,87],"card_choices":[{"not_picked":["Bloodletting","Combust"],"picked":"Iron Wave","floor":1},{"not_picked":["Thunderclap","Infernal Blade"],"picked":"Havoc","floor":5},{"not_picked":["Violence","Juggernaut"],"picked":"Apotheosis","floor":7},{"not_picked":["Chrysalis","Demon Form"],"picked":"Reaper","floor":10},{"not_picked":["Wild Strike","Shockwave"],"picked":"Armaments","floor":13},{"not_picked":["Barricade","Exhume"],"picked":"Master of Strategy","floor":14}],"player_experience":308469,"relics_obtained":[{"floor":7,"key":"Happy Flower"},{"floor":9,"key":"Centennial Puzzle"},{"floor":10,"key":"Art of War"},{"floor":14,"key":"Meat on the Bone"}],"event_choices":[{"damage_healed":0,"gold_gain":75,"player_choice":"Gather Gold","damage_taken":11,"max_hp_gain":0,"max_hp_loss":0,"event_name":"World of Goop","floor":2,"gold_loss":0},{"cards_removed":["Enlightenment"],"damage_healed":0,"gold_gain":0,"player_choice":"Card Removal","damage_taken":0,"max_hp_gain":0,"max_hp_loss":0,"event_name":"The Cleric","floor":3,"gold_loss":50},{"cards_removed":["Enlightenment"],"damage_healed":0,"gold_gain":0,"player_choice":"Gave Card","damage_taken":0,"relics_obtained":["Strawberry"],"max_hp_gain":0,"max_hp_loss":0,"event_name":"WeMeetAgain","floor":4,"gold_loss":0}],"is_beta":false,"boss_relics":[],"items_purged_floors":[],"is_endless":true,"potions_floor_spawned":[5,7,13],"killed_by":"Slime Boss","ascension_level":0}