{"gold_per_floor":[110,120,45,45,45,45,45,45,113,125,142,142,142,174,174,174],"floor_reached":16,"playtime":834,"items_purged":["Strike_G"],"score":98,"play_id":"e48c1ce3-47f1-4a5a-8886-805feb22d78c","local_time":"20181013145946","is_ascension_mode":false,"campfire_choices":[{"data":"Burst","floor":6.0,"key":"SMITH"},{"data":"Backflip","floor":8.0,"key":"SMITH"},{"data":"Neutralize","floor":12.0,"key":"SMITH"},{"data":"Blur","floor":15,"key":"SMITH"}],"neow_cost":"NONE","seed_source_timestamp":0,"circlet_count":0,"master_deck":["Defend_G","Defend_G","Defend_G","Defend_G","Defend_G","Strike_G","Strike_G","Survivor","Neutralize+1","Backflip+1","Burst+1","Blur+1","Pain"],"special_seed":0,"relics":["Ring of the Snake","Sundial","WarpedTongs","Bronze Scales"],"potions_floor_usage":[14,14],"damage_taken":[{"damage":0.0,"enemies":"Small Slimes","floor":1.0,"turns":7.0},{"damage":0.0,"enemies":"2 Louse","floor":2.0,"turns":3.0},{"damage":0.0,"enemies":"Cultist","floor":10.0,"turns":8.0},{"damage":2.0,"enemies":"Large Slime","floor":11.0,"turns":14.0},{"damage":24,"enemies":"Lagavulin","floor":14,"turns":23},{"damage":59,"enemies":"Hexaghost","floor":16,"turns":21}],"seed_played":"-5902743009821232997","potions_obtained":[{"floor":1.0,"key":"SteroidPotion"},{"floor":2.0,"key":"Regen Potion"}],"is_trial":false,"path_per_floor":["M","M","$","?","?","R","$","R","T","M","M","R","?","E","R"],"character_chosen":"THE_SILENT","items_purchased":[],"campfire_rested":0,"item_purchase_floors":[],"current_hp_per_floor":[70,70,70,70,70,70,70,70,70,70,68,68,68,56,56,0],"gold":174,"neow_bonus":"REMOVE_CARD","is_prod":false,"is_daily":false,"chose_seed":false,"campfire_upgraded":4,"win_rate":0,"timestamp":1539457186,"path_taken":["M","M","$","?","?","R","$","R","T","M","M","R","?","E","R","BOSS"],"build_version":"2018-10-11","purchased_purges":1,"victory":false,"max_hp_per_floor":[70,70,70,70,70,70,70,70,70,70,70,70,70,70,70,70],"card_choices":[{"not_picked":["Dash","Dodge and Roll","Prepared"],"picked":"SKIP","floor":1.0},{"not_picked":["Outmaneuver","Blade Dance"],"picked":"Backflip","floor":2.0},{"not_picked":["Blade Dance","Sucker Punch","Finisher"],"picked":"SKIP","floor":10.0},{"not_picked":["Dodge and Roll","Slice"],"picked":"Blur","floor":11.0},{"not_picked":["PiercingWail","Underhanded Strike","Bullet Time"],"picked":"SKIP","floor":14}],"player_experience":239450,"relics_obtained":[{"floor":9.0,"key":"Sundial"},{"floor":14,"key":"Bronze Scales"}],"event_choices":[{"event_name":"Liars Game","player_choice":"disagreed","floor":4.0,"damage_taken":0.0},{"event_name":"Transmorgrifier","player_choice":"Transform","floor":5.0,"damage_taken":0.0},{"event_name":"Accursed Blacksmith","player_choice":"Rummage","floor":13.0,"damage_taken":0.0}],"is_beta":false,"boss_relics":[],"items_purged_floors":[3],"is_endless":false,"potions_floor_spawned":[1,2],"killed_by":"Hexaghost","ascension_level":0}