{"gold_per_floor":[110,110,35,55,55,88,88,99,149,162,62,62,89,99,99,99],"floor_reached":16,"playtime":367,"items_purged":["Regret","Strike_R"],"score":149,"play_id":"558471bf-0900-405a-9f03-5a7d4be71df3","local_time":"20181009183233","is_ascension_mode":true,"campfire_choices":[{"data":"Bash","floor":7.0,"key":"SMITH"},{"data":"Body Slam","floor":15,"key":"SMITH"}],"neow_cost":"NONE","seed_source_timestamp":1542720192838485,"circlet_count":0,"master_deck":["Strike_R","Strike_R+1","Strike_R","Defend_R","Defend_R","Defend_R","Defend_R","Bash+1","Pommel Strike+1","Body Slam+1"],"special_seed":0,"relics":["Burning Blood","NeowsBlessing","Champion Belt","Dodecahedron","Bottled Lightning","Whetstone","Boot"],"potions_floor_usage":[],"damage_taken":[{"damage":0.0,"enemies":"Cultist","floor":1.0,"turns":1.0},{"damage":0.0,"enemies":"Small Slimes","floor":4.0,"turns":1.0},{"damage":0.0,"enemies":"3 Sentries","floor":6.0,"turns":2.0},{"damage":11.0,"enemies":"Jaw Worm","floor":8.0,"turns":5.0},{"damage":10.0,"enemies":"Blue Slaver","floor":10.0,"turns":5.0},{"damage":31.0,"enemies":"Lagavulin","floor":13.0,"turns":4.0},{"damage":0.0,"enemies":"2 Fungi Beasts","floor":14.0,"turns":2.0},{"damage":53,"enemies":"Hexaghost","floor":16,"turns":10}],"seed_played":"4907481640615644679","potions_obtained":[{"floor":4.0,"key":"FearPotion"},{"floor":8.0,"key":"SteroidPotion"},{"floor":10.0,"key":"Strength Potion"}],"is_trial":false,"path_per_floor":["M","?","$","M","T","E","R","M","T","M","$","?","E","M","R"],"character_chosen":"IRONCLAD","items_purchased":[],"campfire_rested":0,"item_purchase_floors":[],"current_hp_per_floor":[80,80,80,80,80,80,80,75,75,71,71,71,46,52,52,0],"gold":99,"neow_bonus":"THREE_ENEMY_KILL","is_prod":false,"is_daily":false,"chose_seed":false,"campfire_upgraded":2,"win_rate":0,"timestamp":1539124353,"path_taken":["M","?","?","M","?","E","R","M","T","M","$","?","E","M","R","BOSS"],"build_version":"2018-10-04v2","purchased_purges":2,"victory":false,"max_hp_per_floor":[80,80,80,80,80,80,80,80,80,80,80,80,80,80,80,80],"card_choices":[{"not_picked":["Clash","Armaments","Reckless Charge"],"picked":"SKIP","floor":1.0},{"not_picked":["Wild Strike","Dropkick","Sever Soul"],"picked":"SKIP","floor":4.0},{"not_picked":["Perfected Strike","Pummel","Corruption"],"picked":"SKIP","floor":6.0},{"not_picked":["Clash","Wild Strike"],"picked":"Pommel Strike","floor":8.0},{"not_picked":["Entrench","Fire Breathing","Corruption"],"picked":"SKIP","floor":10.0},{"not_picked":["Reckless Charge","Carnage"],"picked":"Body Slam","floor":13.0},{"not_picked":["Dual Wield","Wild Strike","Rage"],"picked":"SKIP","floor":14.0}],"player_experience":205563,"relics_obtained":[{"floor":5.0,"key":"Dodecahedron"},{"floor":6.0,"key":"Bottled Lightning"},{"floor":9.0,"key":"Whetstone"},{"floor":13.0,"key":"Boot"}],"event_choices":[{"event_name":"Big Fish","player_choice":"Box","floor":2.0,"damage_taken":0.0},{"event_name":"Living Wall","player_choice":"Forget","floor":12.0,"damage_taken":0.0}],"is_beta":false,"boss_relics":[],"items_purged_floors":[3,11],"is_endless":false,"potions_floor_spawned":[4,8,10],"killed_by":"Hexaghost","ascension_level":2}