{"gold_per_floor":[109,109,120,45,61,96,108,155,194,235,197,209,221,245,257,371,383,411,434,371,187,187,187,199,199,199,199,217,217,231,241,241,345,345,362,184,184,34,34,34,34,34,34,50,68,96,111,126,126,126],"floor_reached":51,"playtime":2252,"items_purged":["Strike_R","Strike_R","Strike_R","Defend_R"],"score":896,"play_id":"c12bb7b6-1050-42b7-9465-575cb4b034be","local_time":"20181011205736","is_ascension_mode":true,"campfire_choices":[{"data":"Whirlwind","floor":7,"key":"SMITH"},{"data":"Rampage","floor":13,"key":"SMITH"},{"data":"True Grit","floor":15,"key":"SMITH"},{"data":"True Grit","floor":23,"key":"SMITH"},{"data":"Limit Break","floor":25,"key":"SMITH"},{"data":"Disarm","floor":27,"key":"SMITH"},{"data":"Double Tap","floor":32,"key":"SMITH"},{"data":"Shrug It Off","floor":40,"key":"SMITH"},{"data":"Warcry","floor":42,"key":"SMITH"},{"data":"Offering","floor":49,"key":"SMITH"}],"neow_cost":"NONE","seed_source_timestamp":98997192079560,"circlet_count":0,"master_deck":["Defend_R","Defend_R","Bash","Rampage+1","Whirlwind+1","Double Tap+1","True Grit+1","True Grit+1","Limit Break+1","Shrug It Off+1","Impervious","Disarm+1","Shrug It Off","Shrug It Off","Warcry+1","Shrug It Off+1","Offering+1","Body Slam+1"],"relics":["Burning Blood","NeowsBlessing","Red Skull","MawBank","Sundial","Regal Pillow","Prayer Wheel","Coffee Dripper","Pocketwatch","Mango","Velvet Choker","Ginger","Shuriken","Paper Frog"],"potions_floor_usage":[10,16,19,19,21,22,45,50,50,50],"damage_taken":[{"damage":0,"enemies":"Small Slimes","floor":1,"turns":1},{"damage":0,"enemies":"Cultist","floor":3,"turns":1},{"damage":0,"enemies":"2 Louse","floor":5,"turns":1},{"damage":45,"enemies":"3 Sentries","floor":6,"turns":11},{"damage":20,"enemies":"Gremlin Nob","floor":8,"turns":4},{"damage":15,"enemies":"Lagavulin","floor":10,"turns":5},{"damage":4,"enemies":"Large Slime","floor":14,"turns":4},{"damage":68,"enemies":"Hexaghost","floor":16,"turns":13},{"damage":24,"enemies":"2 Thieves","floor":18,"turns":4},{"damage":59,"enemies":"Chosen","floor":19,"turns":12},{"damage":20,"enemies":"Colosseum Slavers","floor":22,"turns":4},{"damage":0,"enemies":"Snecko","floor":24,"turns":3},{"damage":1,"enemies":"Snake Plant","floor":28,"turns":4},{"damage":4,"enemies":"3 Cultists","floor":30,"turns":4},{"damage":4,"enemies":"Cultist and Chosen","floor":31,"turns":5},{"damage":7,"enemies":"Champ","floor":33,"turns":9},{"damage":3,"enemies":"3 Darklings","floor":35,"turns":3},{"damage":0,"enemies":"Mind Bloom Boss Battle","floor":37,"turns":6},{"damage":0,"enemies":"Orb Walker","floor":44,"turns":3},{"damage":14,"enemies":"4 Shapes","floor":45,"turns":3},{"damage":28,"enemies":"Nemesis","floor":46,"turns":11},{"damage":6,"enemies":"Maw","floor":47,"turns":7},{"damage":28,"enemies":"Transient","floor":48,"turns":5},{"damage":7,"enemies":"Awakened One","floor":50,"turns":9}],"seed_played":"-6150650296593520116","potions_obtained":[{"floor":8,"key":"SpeedPotion"},{"floor":14,"key":"BloodPotion"},{"floor":16,"key":"Fruit Juice"},{"floor":18,"key":"SkillPotion"},{"floor":19,"key":"Regen Potion"},{"floor":28,"key":"FearPotion"},{"floor":33,"key":"Explosive Potion"},{"floor":35,"key":"EssenceOfSteel"},{"floor":45,"key":"SteroidPotion"}],"is_trial":false,"path_per_floor":["M","?","M","$","M","E","R","E","T","E","?","?","R","M","R","B",null,"M","M","?","$","?","R","M","R","T","R","M","?","M","M","R","B",null,"M","$","?","$","?","R","?","R","T","M","M","E","M","M","R","B"],"character_chosen":"IRONCLAD","items_purchased":["Fruit Juice","Shrug It Off"],"campfire_rested":0,"item_purchase_floors":[21,36],"current_hp_per_floor":[80,62,68,68,74,35,35,21,21,12,12,80,80,80,80,23,85,67,22,22,27,25,25,31,31,31,31,36,50,52,54,54,53,104,104,104,104,104,94,94,94,94,94,100,92,70,70,48,48,47],"gold":126,"neow_bonus":"THREE_ENEMY_KILL","is_prod":false,"is_daily":false,"chose_seed":false,"campfire_upgraded":10,"win_rate":0,"timestamp":1539305856,"path_taken":["M","?","?","$","M","E","R","E","T","E","?","?","R","M","R","BOSS","M","M","?","$","?","R","?","R","T","R","?","?","?","?","R","BOSS","M","$","?","?","?","R","?","R","T","?","?","E","?","M","R","BOSS"],"build_version":"2018-10-04v2","purchased_purges":4,"victory":true,"max_hp_per_floor":[80,80,80,80,80,80,80,80,80,80,80,80,80,80,80,85,85,85,85,85,90,90,90,90,90,90,90,90,104,104,104,104,104,104,104,104,104,104,104,104,104,104,104,104,104,104,104,104,104,104],"card_choices":[{"not_picked":["Flex","Burning Pact","Wild Strike"],"picked":"SKIP","floor":1},{"not_picked":["Sword Boomerang","Bloodletting","Iron Wave"],"picked":"SKIP","floor":3},{"not_picked":["True Grit","Heavy Blade"],"picked":"Rampage","floor":5},{"not_picked":["Dual Wield","Uppercut"],"picked":"Whirlwind","floor":6},{"not_picked":["Hemokinesis","Burning Pact"],"picked":"Double Tap","floor":8},{"not_picked":["Havoc","Heavy Blade","Perfected Strike"],"picked":"SKIP","floor":10},{"not_picked":["Iron Wave","Searing Blow"],"picked":"True Grit","floor":14},{"not_picked":["Clash","Headbutt"],"picked":"True Grit","floor":14},{"not_picked":["Impervious","Barricade"],"picked":"Limit Break","floor":16},{"not_picked":["Clothesline+1","Pommel Strike"],"picked":"Shrug It Off","floor":18},{"not_picked":["Spot Weakness","Perfected Strike","Iron Wave"],"picked":"SKIP","floor":18},{"not_picked":["Carnage","Twin Strike"],"picked":"Impervious","floor":19},{"not_picked":["Warcry","Wild Strike","Armaments"],"picked":"SKIP","floor":19},{"not_picked":["Dual Wield","Metallicize+1"],"picked":"Disarm","floor":24},{"not_picked":["Anger+1","Iron Wave","Clothesline"],"picked":"SKIP","floor":24},{"not_picked":["Cleave","Iron Wave"],"picked":"Shrug It Off","floor":28},{"not_picked":["Armaments","Clothesline","Flame Barrier+1"],"picked":"SKIP","floor":28},{"not_picked":["Iron Wave","Whirlwind","Battle Trance"],"picked":"SKIP","floor":30},{"not_picked":["Clash","Body Slam","Iron Wave+1"],"picked":"SKIP","floor":30},{"not_picked":["Anger","Clash","Berserk"],"picked":"SKIP","floor":31},{"not_picked":["Armaments+1","Sword Boomerang","Rage+1"],"picked":"SKIP","floor":31},{"not_picked":["Iron Wave","Battle Trance+1","Burning Pact+1"],"picked":"SKIP","floor":35},{"not_picked":["Headbutt","Heavy Blade+1","Clothesline"],"picked":"SKIP","floor":35},{"not_picked":["True Grit","Warcry","Perfected Strike"],"picked":"SKIP","floor":44},{"not_picked":["Thunderclap+1","Power Through+1","Warcry"],"picked":"SKIP","floor":44},{"not_picked":["Shockwave","Warcry"],"picked":"Shrug It Off+1","floor":45},{"not_picked":["Warcry","Wild Strike","True Grit"],"picked":"SKIP","floor":45},{"not_picked":["Double Tap","Combust+1"],"picked":"Offering","floor":46},{"not_picked":["Shockwave+1","Seeing Red","Cleave"],"picked":"SKIP","floor":47},{"not_picked":["Body Slam+1","Shrug It Off+1","Clothesline"],"picked":"SKIP","floor":47},{"not_picked":["Pommel Strike+1","Clothesline"],"picked":"Body Slam+1","floor":48},{"not_picked":["Brutality","Carnage","Anger"],"picked":"SKIP","floor":48}],"player_experience":231727,"relics_obtained":[{"floor":6,"key":"MawBank"},{"floor":8,"key":"Sundial"},{"floor":9,"key":"Regal Pillow"},{"floor":10,"key":"Prayer Wheel"},{"floor":26,"key":"Pocketwatch"},{"floor":37,"key":"Ginger"},{"floor":43,"key":"Shuriken"},{"floor":46,"key":"Paper Frog"}],"event_choices":[{"event_name":"Scrap Ooze","player_choice":"success","floor":2,"damage_taken":18},{"event_name":"The Cleric","player_choice":"Card Removal","floor":11,"damage_taken":0},{"event_name":"Wheel of Change","player_choice":"Full Heal","floor":12,"damage_taken":0},{"event_name":"Beggar","player_choice":"Gave Gold","floor":20,"damage_taken":0},{"event_name":"Colosseum","player_choice":"Fight","floor":22,"damage_taken":0},{"event_name":"Colosseum","player_choice":"Fled From Nobs","floor":22,"damage_taken":0},{"event_name":"The Mausoleum","player_choice":"Yes","floor":29,"damage_taken":0},{"event_name":"MindBloom","player_choice":"Fight","floor":37,"damage_taken":0},{"event_name":"SensoryStone","player_choice":"Memory 3","floor":39,"damage_taken":0},{"event_name":"Transmorgrifier","player_choice":"Transform","floor":41,"damage_taken":0}],"is_beta":false,"boss_relics":[{"not_picked":["Astrolabe","Snecko Eye"],"picked":"Coffee Dripper"},{"not_picked":["Orrery","Busted Crown"],"picked":"Velvet Choker"}],"items_purged_floors":[4,21,36,38],"is_endless":false,"potions_floor_spawned":[8,14,16,18,19,28,33,35,45,48],"ascension_level":3}