{"gold_per_floor":[109,121,132,152,165,198,198,227,252,19,45,45,45,45],"floor_reached":14,"playtime":2280,"items_purged":[],"score":116,"play_id":"6ea46dcd-9f1b-4d1d-8d0e-ab7250c73af4","local_time":"20190817044446","is_ascension_mode":true,"campfire_choices":[{"floor":7,"key":"REST"}],"neow_cost":"NONE","seed_source_timestamp":219499922437300,"circlet_count":0,"master_deck":["Strike_G","Strike_G","Strike_G","Strike_G","Strike_G","Defend_G","Defend_G","Defend_G","Defend_G","Defend_G","Survivor","Neutralize+1","Deadly Poison","Setup","Poisoned Stab","Footwork","Outmaneuver","PiercingWail","Wraith Form v2+1","Calculated Gamble","Sucker Punch"],"relics":["Ring of the Snake","Paper Crane","Frozen Egg 2","Juzu Bracelet","Membership Card","Centennial Puzzle"],"potions_floor_usage":[11,11,11],"damage_taken":[{"damage":0,"enemies":"Cultist","floor":1,"turns":4},{"damage":6,"enemies":"2 Louse","floor":2,"turns":3},{"damage":2,"enemies":"Small Slimes","floor":3,"turns":4},{"damage":17,"enemies":"Looter","floor":4,"turns":3},{"damage":4,"enemies":"Blue Slaver","floor":5,"turns":5},{"damage":25,"enemies":"Gremlin Nob","floor":6,"turns":5},{"damage":17,"enemies":"Lagavulin","floor":8,"turns":10},{"damage":14,"enemies":"3 Sentries","floor":11,"turns":8},{"damage":6,"enemies":"Gremlin Gang","floor":14,"turns":3}],"seed_played":"-7560305519463848201","potions_obtained":[{"floor":1,"key":"Energy Potion"},{"floor":5,"key":"Explosive Potion"},{"floor":8,"key":"GamblersBrew"}],"is_trial":false,"path_per_floor":["M","M","M","M","M","E","R","E","T","$","E","?","?","M"],"character_chosen":"THE_SILENT","items_purchased":["Membership Card","Calculated Gamble"],"campfire_rested":1,"item_purchase_floors":[10,10],"current_hp_per_floor":[70,64,62,45,41,16,37,20,20,20,6,6,6,0],"gold":45,"neow_bonus":"UPGRADE_CARD","is_prod":false,"is_daily":false,"chose_seed":false,"campfire_upgraded":0,"win_rate":0,"timestamp":1566035086,"path_taken":["M","M","M","?","M","E","R","E","T","$","E","?","?","M"],"build_version":"2019-07-17","purchased_purges":0,"victory":false,"max_hp_per_floor":[70,70,70,70,70,70,70,70,70,70,70,70,70,70],"card_choices":[{"not_picked":["Escape Plan","Quick Slash"],"picked":"Deadly Poison","floor":1},{"not_picked":["Underhanded Strike","Eviscerate"],"picked":"Setup","floor":2},{"not_picked":["Quick Slash","Backflip"],"picked":"Poisoned Stab","floor":3},{"not_picked":["Corpse Explosion","Choke"],"picked":"Footwork","floor":4},{"not_picked":["Quick Slash","Slice"],"picked":"Outmaneuver","floor":5},{"not_picked":["Poisoned Stab","Slice"],"picked":"PiercingWail","floor":6},{"not_picked":["Dagger Spray","Quick Slash"],"picked":"Wraith Form v2","floor":8},{"not_picked":["Leg Sweep","Setup"],"picked":"Sucker Punch","floor":11}],"player_experience":389316,"relics_obtained":[{"floor":6,"key":"Paper Crane"},{"floor":8,"key":"Frozen Egg 2"},{"floor":9,"key":"Juzu Bracelet"},{"floor":11,"key":"Centennial Puzzle"}],"event_choices":[{"damage_healed":0,"gold_gain":0,"player_choice":"Ignored","damage_taken":0,"max_hp_gain":0,"max_hp_loss":0,"event_name":"Shining Light","floor":12,"gold_loss":0},{"damage_healed":0,"gold_gain":0,"player_choice":"Searched \u00270\u0027 times","damage_taken":0,"max_hp_gain":0,"max_hp_loss":0,"event_name":"Dead Adventurer","floor":13,"gold_loss":0}],"is_beta":false,"boss_relics":[],"items_purged_floors":[],"is_endless":false,"potions_floor_spawned":[1,5,8],"killed_by":"Gremlin Gang","ascension_level":1}