{"gold_per_floor":[146,166,177,193,212,240,240,254,304,320,332,347,347,380,380,485,485,501,519,543,558,634,634,72,72,118,128,128,42,56,69,69,172,172,192,192,192,207,73,73,73,73,73,73,39,39,58,108,108,108],"floor_reached":50,"playtime":6632,"items_purged":["Defend_R","Defend_R"],"score":506,"play_id":"840b56f2-7774-4dbe-a3ee-2a285e2a422c","local_time":"20190806172955","is_ascension_mode":false,"campfire_choices":[{"floor":7.0,"key":"REST"},{"floor":13.0,"key":"REST"},{"data":"Uppercut","floor":15.0,"key":"SMITH"},{"floor":23.0,"key":"REST"},{"data":"Thunderclap","floor":25.0,"key":"SMITH"},{"floor":32.0,"key":"REST"},{"floor":40,"key":"REST"},{"data":"Carnage","floor":42,"key":"SMITH"},{"data":"Demon Form","floor":44,"key":"SMITH"},{"data":"Searing Blow","floor":46,"key":"SMITH"},{"data":"Searing Blow+1","floor":49,"key":"SMITH"}],"neow_cost":"NONE","seed_source_timestamp":0,"circlet_count":0,"master_deck":["Strike_R","Strike_R","Strike_R+1","Strike_R","Strike_R+1","Defend_R","Defend_R","Bash","Burning Pact","Uppercut+1","Shrug It Off","Battle Trance","Carnage+1","Shrug It Off+1","True Grit+1","Spot Weakness+1","Ghostly Armor+1","Warcry+1","Clothesline","Demon Form+1","Wild Strike","Heavy Blade+1","Discovery+1","Thunderclap+1","Thinking Ahead+1","Rampage+1","Dramatic Entrance","Dramatic Entrance","Dark Shackles+1","Feed","Anger+1","Enlightenment+1","Heavy Blade","Infernal Blade+1","Searing Blow+2"],"special_seed":0,"relics":["Burning Blood","Tiny Chest","Toxic Egg 2","Regal Pillow","Gremlin Horn","Busted Crown","Whetstone","Ornamental Fan","Red Skull","Omamori","Lizard Tail","Self Forming Clay","StoneCalendar"],"potions_floor_usage":[48,50],"damage_taken":[{"damage":5.0,"enemies":"Cultist","floor":1.0,"turns":4.0},{"damage":1.0,"enemies":"Jaw Worm","floor":2.0,"turns":5.0},{"damage":5.0,"enemies":"2 Louse","floor":3.0,"turns":3.0},{"damage":26.0,"enemies":"Exordium Thugs","floor":4.0,"turns":6.0},{"damage":17.0,"enemies":"3 Louse","floor":5.0,"turns":4.0},{"damage":20.0,"enemies":"Gremlin Nob","floor":6.0,"turns":4.0},{"damage":9.0,"enemies":"2 Fungi Beasts","floor":8.0,"turns":4.0},{"damage":8.0,"enemies":"Red Slaver","floor":10.0,"turns":3.0},{"damage":9.0,"enemies":"Blue Slaver","floor":11.0,"turns":5.0},{"damage":10.0,"enemies":"Looter","floor":12.0,"turns":2.0},{"damage":13.0,"enemies":"Lagavulin","floor":14.0,"turns":9.0},{"damage":72.0,"enemies":"Hexaghost","floor":16.0,"turns":14.0},{"damage":14.0,"enemies":"2 Thieves","floor":18.0,"turns":5.0},{"damage":24.0,"enemies":"3 Byrds","floor":19.0,"turns":6.0},{"damage":27.0,"enemies":"Centurion and Healer","floor":21.0,"turns":6.0},{"damage":3.0,"enemies":"Snake Plant","floor":27.0,"turns":4.0},{"damage":13.0,"enemies":"Cultist and Chosen","floor":30.0,"turns":4.0},{"damage":22.0,"enemies":"Centurion and Healer","floor":31.0,"turns":4.0},{"damage":60.0,"enemies":"Automaton","floor":33.0,"turns":9.0},{"damage":48.0,"enemies":"3 Darklings","floor":35.0,"turns":5.0},{"damage":21.0,"enemies":"Orb Walker","floor":38.0,"turns":3.0},{"damage":12,"enemies":"Jaw Worm Horde","floor":47,"turns":5},{"damage":8,"enemies":"2 Orb Walkers","floor":48,"turns":4},{"damage":121,"enemies":"Time Eater","floor":50,"turns":11}],"seed_played":"-6206183649811363325","potions_obtained":[{"floor":1.0,"key":"LiquidBronze"},{"floor":2.0,"key":"FairyPotion"},{"floor":4.0,"key":"FearPotion"},{"floor":8.0,"key":"SteroidPotion"},{"floor":12.0,"key":"Fire Potion"},{"floor":19.0,"key":"Energy Potion"},{"floor":21.0,"key":"Explosive Potion"},{"floor":31.0,"key":"Explosive Potion"},{"floor":35.0,"key":"GamblersBrew"},{"floor":47,"key":"Block Potion"},{"floor":48,"key":"SpeedPotion"}],"is_trial":false,"path_per_floor":["M","M","M","M","M","E","R","M","T","M","M","M","R","E","R","B",null,"M","M","T","M","T","R","$","R","T","M","?","$","M","M","R","B",null,"M","?","?","M","$","R","$","R","T","R","$","R","M","?","R","B"],"character_chosen":"IRONCLAD","items_purchased":["Red Skull","Discovery+1","Thunderclap","Thinking Ahead+1","Dark Shackles+1","Infernal Blade+1","Searing Blow"],"campfire_rested":5,"item_purchase_floors":[24,24,24,24,29,39,45],"current_hp_per_floor":[80,80,80,60,49,35,59,56,56,54,51,47,80,73,73,7,80,72,54,54,33,33,72,72,72,72,75,51,51,44,28,67,13,80,38,38,38,23,23,62,62,62,62,62,62,62,59,60,60,0],"gold":108,"neow_bonus":"RANDOM_COMMON_RELIC","is_prod":false,"is_daily":false,"chose_seed":false,"campfire_upgraded":6,"win_rate":0.0,"timestamp":1565130595,"path_taken":["M","M","M","M","M","E","R","M","T","M","M","M","R","E","R","BOSS","M","M","?","M","?","R","$","R","T","?","?","?","M","M","R","BOSS","M","?","?","?","?","R","$","R","T","R","$","R","M","?","R","BOSS"],"build_version":"2019-07-05","purchased_purges":2,"victory":false,"max_hp_per_floor":[80,80,80,80,80,80,80,80,80,80,80,80,80,80,80,80,80,80,80,80,80,80,80,80,80,80,80,80,80,80,80,80,80,80,80,80,80,80,80,80,80,80,80,80,80,80,83,86,86,86],"card_choices":[{"not_picked":["Metallicize","Rage"],"picked":"Burning Pact","floor":1.0},{"not_picked":["Anger","Pommel Strike"],"picked":"Uppercut","floor":2.0},{"not_picked":["Thunderclap","Heavy Blade"],"picked":"Shrug It Off","floor":3.0},{"not_picked":["Wild Strike","Heavy Blade"],"picked":"Battle Trance","floor":4.0},{"not_picked":["Iron Wave","Perfected Strike"],"picked":"Carnage","floor":5.0},{"not_picked":["Rampage","Rage"],"picked":"Shrug It Off","floor":6.0},{"not_picked":["Cleave","Twin Strike"],"picked":"True Grit+1","floor":8.0},{"not_picked":["Searing Blow","Feel No Pain"],"picked":"Spot Weakness+1","floor":10.0},{"not_picked":["Cleave","True Grit+1"],"picked":"Ghostly Armor+1","floor":11.0},{"not_picked":["Disarm+1","Rage+1"],"picked":"Warcry+1","floor":12.0},{"not_picked":["Dropkick","Iron Wave"],"picked":"Clothesline","floor":14.0},{"not_picked":["Fiend Fire","Barricade"],"picked":"Demon Form","floor":16.0},{"not_picked":[],"picked":"Wild Strike","floor":18.0},{"not_picked":["Rage+1"],"picked":"SKIP","floor":19.0},{"not_picked":[],"picked":"Heavy Blade+1","floor":21.0},{"not_picked":[],"picked":"Rampage+1","floor":27.0},{"not_picked":["Perfected Strike"],"picked":"SKIP","floor":30.0},{"not_picked":["Clash"],"picked":"SKIP","floor":31.0},{"not_picked":[],"picked":"Feed","floor":33.0},{"not_picked":[],"picked":"Anger+1","floor":35.0},{"not_picked":[],"picked":"Enlightenment+1","floor":36.0},{"not_picked":[],"picked":"Heavy Blade","floor":38.0},{"not_picked":["Cleave"],"picked":"SKIP","floor":47}],"player_experience":131170,"relics_obtained":[{"floor":6.0,"key":"Toxic Egg 2"},{"floor":9.0,"key":"Regal Pillow"},{"floor":14.0,"key":"Gremlin Horn"},{"floor":20.0,"key":"Whetstone"},{"floor":22.0,"key":"Ornamental Fan"},{"floor":26.0,"key":"Omamori"},{"floor":43,"key":"Self Forming Clay"},{"floor":48,"key":"StoneCalendar"}],"event_choices":[{"damage_healed":0.0,"max_hp_gain":0.0,"max_hp_loss":0.0,"gold_gain":0.0,"event_name":"Knowing Skull","player_choice":"CARD CARD ","floor":28.0,"potions_obtained":[],"gold_loss":0.0,"damage_taken":24.0,"cards_obtained":["Dramatic Entrance","Dramatic Entrance"]},{"damage_healed":0.0,"max_hp_gain":0.0,"max_hp_loss":0.0,"gold_gain":0.0,"event_name":"SensoryStone","player_choice":"Memory 1","floor":36.0,"gold_loss":0.0,"damage_taken":0.0},{"damage_healed":0.0,"max_hp_gain":0.0,"max_hp_loss":0.0,"gold_gain":0.0,"event_name":"Match and Keep!","player_choice":"0 cards matched","floor":37.0,"gold_loss":0.0,"damage_taken":0.0,"cards_obtained":[]},{"damage_healed":0,"gold_gain":0,"player_choice":"Fight","damage_taken":0,"max_hp_gain":0,"max_hp_loss":0,"event_name":"Mysterious Sphere","floor":48,"gold_loss":0}],"is_beta":false,"boss_relics":[{"not_picked":["Tiny House","Snecko Eye"],"picked":"Busted Crown"},{"not_picked":["Runic Pyramid","Velvet Choker"],"picked":"Lizard Tail"}],"items_purged_floors":[24,39],"is_endless":false,"potions_floor_spawned":[1,2,4,8,12,19,21,31,35,47,48],"killed_by":"Time Eater","ascension_level":0}