{"gold_per_floor":[109,109,109,109,125,125,140,170,170,182,208,248,260,289,301,415,427,450,475,502,514,526,538,550],"floor_reached":24,"playtime":1323,"items_purged":[],"score":319,"play_id":"619fcba0-e9c5-446b-8938-8312d442f1a8","local_time":"20190826125947","is_ascension_mode":true,"campfire_choices":[{"data":"Caltrops","floor":6,"key":"SMITH"},{"data":"Venomology","floor":10,"key":"SMITH"},{"floor":13,"key":"REST"},{"data":"Malaise","floor":15,"key":"SMITH"},{"data":"Ghostly","floor":23,"key":"SMITH"}],"neow_cost":"NONE","seed_source_timestamp":951490520576400,"circlet_count":0,"master_deck":["Strike_G","Strike_G","Defend_G","Defend_G","Defend_G","Defend_G","Defend_G","Survivor","Neutralize+1","Caltrops+1","Dodge and Roll","Venomology+1","Malaise+1","Poisoned Stab","Corpse Explosion","Skewer","Prepared+1","Unload","Ghostly+1","Ghostly","Ghostly","Ghostly","Ghostly"],"relics":["Ring of the Snake","Gremlin Horn","Ice Cream","MawBank","Question Card","Empty Cage","Nilry\u0027s Codex"],"potions_floor_usage":[8,8,12,12,12,16,18,18,20,24,24],"damage_taken":[{"damage":0,"enemies":"Jaw Worm","floor":1,"turns":5},{"damage":0,"enemies":"2 Louse","floor":5,"turns":4},{"damage":0,"enemies":"Small Slimes","floor":7,"turns":5},{"damage":21,"enemies":"Gremlin Nob","floor":8,"turns":5},{"damage":24,"enemies":"Exordium Thugs","floor":11,"turns":10},{"damage":12,"enemies":"3 Sentries","floor":12,"turns":9},{"damage":0,"enemies":"Red Slaver","floor":14,"turns":6},{"damage":0,"enemies":"Hexaghost","floor":16,"turns":9},{"damage":2,"enemies":"Chosen","floor":18,"turns":9},{"damage":13,"enemies":"Shell Parasite","floor":19,"turns":10},{"damage":12,"enemies":"Snake Plant","floor":20,"turns":7},{"damage":29,"enemies":"Cultist and Chosen","floor":24,"turns":5}],"seed_played":"4260982874949608496","potions_obtained":[{"floor":1,"key":"Dexterity Potion"},{"floor":5,"key":"SteroidPotion"},{"floor":11,"key":"Block Potion"},{"floor":18,"key":"Poison Potion"},{"floor":20,"key":"SpeedPotion"}],"is_trial":false,"path_per_floor":["M","?","?","?","M","R","M","E","T","R","M","E","R","M","R","B",null,"M","M","M","?","?","R","M"],"character_chosen":"THE_SILENT","items_purchased":[],"campfire_rested":1,"item_purchase_floors":[],"current_hp_per_floor":[77,70,58,58,58,58,58,37,37,37,13,1,24,24,24,24,77,75,62,50,38,22,22,0],"gold":550,"neow_bonus":"TEN_PERCENT_HP_BONUS","is_prod":false,"is_daily":false,"chose_seed":false,"campfire_upgraded":4,"win_rate":0,"timestamp":1566817187,"path_taken":["M","?","?","?","M","R","M","E","T","R","?","E","R","M","R","BOSS","M","M","M","?","?","R","M"],"build_version":"2019-07-17","purchased_purges":0,"victory":false,"max_hp_per_floor":[77,77,77,77,77,77,77,77,77,77,77,77,77,77,77,77,77,77,77,77,38,38,38,38],"card_choices":[{"not_picked":["Dodge and Roll","Blade Dance"],"picked":"Caltrops","floor":1},{"not_picked":["Dagger Throw","Flying Knee"],"picked":"Dodge and Roll","floor":5},{"not_picked":["Deadly Poison","Flying Knee"],"picked":"Venomology","floor":7},{"not_picked":["Underhanded Strike","Blade Dance","Reflex"],"picked":"SKIP","floor":8},{"not_picked":["Acrobatics","Blade Dance","Dodge and Roll"],"picked":"SKIP","floor":11},{"not_picked":["Acrobatics","A Thousand Cuts"],"picked":"Malaise","floor":12},{"not_picked":["Underhanded Strike","Dagger Throw","Accuracy"],"picked":"Poisoned Stab","floor":14},{"not_picked":["Unload","Glass Knife","Phantasmal Killer"],"picked":"Corpse Explosion","floor":16},{"not_picked":["Underhanded Strike+1","Dagger Throw","Acrobatics"],"picked":"Skewer","floor":18},{"not_picked":["Quick Slash","Underhanded Strike+1","Sucker Punch"],"picked":"Prepared+1","floor":19},{"not_picked":["Eviscerate","Skewer","Sucker Punch"],"picked":"Unload","floor":20}],"player_experience":209426,"relics_obtained":[{"floor":8,"key":"Ice Cream"},{"floor":9,"key":"MawBank"},{"floor":12,"key":"Question Card"},{"floor":22,"key":"Nilry\u0027s Codex"}],"event_choices":[{"cards_removed":["Strike_G"],"damage_healed":0,"gold_gain":0,"player_choice":"Card Removal","damage_taken":7,"max_hp_gain":0,"max_hp_loss":0,"event_name":"Golden Wing","floor":2,"gold_loss":0},{"damage_healed":0,"gold_gain":0,"player_choice":"Success","damage_taken":12,"relics_obtained":["Gremlin Horn"],"max_hp_gain":0,"max_hp_loss":0,"event_name":"Scrap Ooze","floor":3,"gold_loss":0},{"damage_healed":0,"gold_gain":0,"player_choice":"Upgraded","damage_taken":0,"max_hp_gain":0,"max_hp_loss":0,"event_name":"Upgrade Shrine","floor":4,"gold_loss":0,"cards_upgraded":["Neutralize"]},{"damage_healed":0,"gold_gain":0,"player_choice":"Became a Ghost","damage_taken":0,"max_hp_gain":0,"max_hp_loss":39,"event_name":"Ghosts","floor":21,"gold_loss":0,"cards_obtained":["Ghostly","Ghostly","Ghostly","Ghostly","Ghostly"]},{"damage_healed":0,"gold_gain":0,"player_choice":"Obtained Book","damage_taken":16,"max_hp_gain":0,"max_hp_loss":0,"event_name":"Cursed Tome","floor":22,"gold_loss":0}],"is_beta":false,"boss_relics":[{"not_picked":["Ectoplasm","Ring of the Serpent"],"picked":"Empty Cage"}],"items_purged_floors":[],"is_endless":false,"potions_floor_spawned":[1,5,11,18,20],"killed_by":"Cultist and Chosen","ascension_level":3}