{"gold_per_floor":[109,109,119,119,131,131,156,156,156,174,184,5,5,38,38,135,135,154,168,181,200,213,213,244,244,269,269,282,46,59,59,59,154,154,169,169,183,183,195,195,195,0,0,0,0,0,17,37,37,37],"floor_reached":51,"playtime":4453,"items_purged":[],"score":710,"play_id":"a709ea6d-3a73-487e-a2cb-9bce3637ea99","local_time":"20190830221143","is_ascension_mode":true,"campfire_choices":[{"data":"Predator","floor":6.0,"key":"SMITH"},{"floor":8.0,"key":"REST"},{"data":"Mayhem","floor":13.0,"key":"SMITH"},{"data":"Tools of the Trade","floor":15.0,"key":"SMITH"},{"floor":23.0,"key":"REST"},{"data":"Envenom","floor":25.0,"key":"SMITH"},{"data":"Catalyst","floor":27.0,"key":"SMITH"},{"data":"Noxious Fumes","floor":32.0,"key":"SMITH"},{"data":"Wraith Form v2","floor":40,"key":"SMITH"},{"data":"Malaise","floor":44,"key":"SMITH"},{"data":"Caltrops","floor":49,"key":"SMITH"}],"neow_cost":"NONE","seed_source_timestamp":0,"circlet_count":0,"master_deck":["Strike_G+1","Strike_G+1","Strike_G+1","Strike_G+1","Defend_G+1","Defend_G+1","Survivor+1","Neutralize+1","Dagger Spray+1","Tools of the Trade+1","Predator+1","Deadly Poison+1","Deadly Poison+1","Malaise+1","Catalyst+1","Mayhem+1","Calculated Gamble+1","Envenom+1","Deadly Poison+1","Dagger Throw+1","Escape Plan+1","Eviscerate+1","Slice+1","Caltrops+1","Bane+1","Bane+1","Deflect+1","Backstab+1","Noxious Fumes+1","Riddle With Holes+1","Ghostly+1","Ghostly+1","Ghostly+1","Ghostly+1","Ghostly+1","Wraith Form v2+1","Bane+1","Caltrops+1","Madness+1","Madness+1","PiercingWail+1","Panache+1","Caltrops+1","Outmaneuver+1"],"special_seed":0,"relics":["Ring of the Snake","Mummified Hand","Meat on the Bone","Ancient Tea Set","Astrolabe","Unceasing Top","Centennial Puzzle","Juzu Bracelet","Eternal Feather","Red Mask","Ornamental Fan","Mark of the Bloom"],"potions_floor_usage":[37,50,50],"damage_taken":[{"damage":1.0,"enemies":"Cultist","floor":1.0,"turns":5.0},{"damage":4.0,"enemies":"Small Slimes","floor":3.0,"turns":4.0},{"damage":5.0,"enemies":"Jaw Worm","floor":5.0,"turns":4.0},{"damage":18.0,"enemies":"Gremlin Nob","floor":7.0,"turns":4.0},{"damage":4.0,"enemies":"Blue Slaver","floor":10.0,"turns":4.0},{"damage":1.0,"enemies":"Exordium Wildlife","floor":11.0,"turns":3.0},{"damage":25.0,"enemies":"3 Sentries","floor":14.0,"turns":7.0},{"damage":22.0,"enemies":"Hexaghost","floor":16.0,"turns":9.0},{"damage":10.0,"enemies":"Shell Parasite","floor":18.0,"turns":3.0},{"damage":1.0,"enemies":"Chosen","floor":19.0,"turns":4.0},{"damage":15.0,"enemies":"Snake Plant","floor":20.0,"turns":4.0},{"damage":13.0,"enemies":"3 Cultists","floor":21.0,"turns":4.0},{"damage":32.0,"enemies":"Chosen and Byrds","floor":22.0,"turns":6.0},{"damage":19.0,"enemies":"Gremlin Leader","floor":24.0,"turns":5.0},{"damage":3.0,"enemies":"Centurion and Healer","floor":28.0,"turns":4.0},{"damage":15.0,"enemies":"Sentry and Sphere","floor":30.0,"turns":5.0},{"damage":3.0,"enemies":"Champ","floor":33.0,"turns":8.0},{"damage":0,"enemies":"3 Shapes","floor":35,"turns":4},{"damage":9,"enemies":"3 Darklings","floor":37,"turns":4},{"damage":23,"enemies":"4 Shapes","floor":39,"turns":6},{"damage":0,"enemies":"Transient","floor":47,"turns":5},{"damage":6,"enemies":"Maw","floor":48,"turns":7},{"damage":4,"enemies":"Donu and Deca","floor":50,"turns":9}],"seed_played":"-3633794177639479231","potions_obtained":[{"floor":4.0,"key":"SneckoOil"},{"floor":4.0,"key":"SkillPotion"},{"floor":4.0,"key":"SneckoOil"},{"floor":7.0,"key":"Regen Potion"},{"floor":10.0,"key":"SkillPotion"},{"floor":14.0,"key":"Swift Potion"},{"floor":20.0,"key":"EntropicBrew"},{"floor":21.0,"key":"PowerPotion"},{"floor":22.0,"key":"Fire Potion"},{"floor":28.0,"key":"Ancient Potion"},{"floor":35,"key":"Block Potion"},{"floor":39,"key":"SkillPotion"},{"floor":48,"key":"Weak Potion"}],"is_trial":false,"path_per_floor":["M","?","M","?","M","R","E","R","T","M","M","$","R","E","R","B",null,"M","M","M","M","M","R","E","R","T","R","M","$","M","?","R","B",null,"M","?","M","?","M","R","?","?","T","R","$","?","M","M","R","B",null],"character_chosen":"THE_SILENT","items_purchased":["Mayhem","Noxious Fumes","Juzu Bracelet","Block Potion"],"campfire_rested":2,"item_purchase_floors":[12,29,29,29],"current_hp_per_floor":[76,76,72,72,67,67,49,72,72,68,67,67,67,42,42,47,77,67,66,51,50,30,53,46,46,46,46,43,43,40,38,38,35,38,38,38,29,24,13,37,37,37,37,38,38,38,38,32,32,28],"gold":37,"neow_bonus":"TEN_PERCENT_HP_BONUS","is_prod":false,"is_daily":false,"chose_seed":false,"campfire_upgraded":9,"win_rate":0,"timestamp":1567221103,"path_taken":["M","?","M","?","M","R","E","R","T","M","M","$","R","E","R","BOSS","M","M","M","M","M","R","E","R","T","R","M","$","M","?","R","BOSS","M","?","M","?","M","R","?","?","T","R","?","?","M","M","R","BOSS"],"build_version":"2019-08-26","purchased_purges":0,"victory":true,"max_hp_per_floor":[77,77,77,77,77,77,77,77,77,77,77,77,77,77,77,77,77,77,77,77,77,77,77,77,77,77,77,77,77,77,38,38,38,38,38,38,38,38,38,38,38,38,38,38,38,38,38,38,38,38],"card_choices":[{"not_picked":["Deadly Poison","Deflect"],"picked":"Dagger Spray","floor":1.0},{"not_picked":["Backflip","Dagger Spray"],"picked":"Predator","floor":3.0},{"not_picked":["Venomology","Prepared"],"picked":"Deadly Poison","floor":5.0},{"not_picked":["Prepared","Dagger Throw"],"picked":"Deadly Poison","floor":7.0},{"not_picked":["Slice","Dagger Throw"],"picked":"Malaise","floor":10.0},{"not_picked":["Distraction","Sucker Punch"],"picked":"Catalyst","floor":11.0},{"not_picked":["Eviscerate","Sucker Punch"],"picked":"Calculated Gamble","floor":14.0},{"not_picked":["Phantasmal Killer","A Thousand Cuts"],"picked":"Envenom","floor":16.0},{"not_picked":["Calculated Gamble","Quick Slash"],"picked":"Eviscerate+1","floor":18.0},{"not_picked":["Blade Dance","Prepared"],"picked":"Slice","floor":19.0},{"not_picked":["Cloak And Dagger","Slice+1"],"picked":"Caltrops+1","floor":20.0},{"not_picked":["Deflect+1","Dagger Spray"],"picked":"Bane","floor":21.0},{"not_picked":["Deflect","Escape Plan"],"picked":"Bane+1","floor":22.0},{"not_picked":["Dagger Throw","Burst"],"picked":"Deflect","floor":24.0},{"not_picked":["Quick Slash","Masterful Stab"],"picked":"Backstab","floor":28.0},{"not_picked":["Dodge and Roll","Outmaneuver"],"picked":"Riddle With Holes","floor":30.0},{"not_picked":["Bullet Time","Grand Finale"],"picked":"Wraith Form v2","floor":33.0},{"not_picked":["Outmaneuver","Blade Dance"],"picked":"Bane","floor":35},{"not_picked":["Prepared","Backflip"],"picked":"Caltrops","floor":37},{"not_picked":["Outmaneuver","Dash"],"picked":"PiercingWail+1","floor":39},{"not_picked":["Magnetism","Chrysalis"],"picked":"Panache","floor":41},{"not_picked":["Poisoned Stab+1","Deadly Poison"],"picked":"Caltrops","floor":47},{"not_picked":["Finisher+1","Sucker Punch+1"],"picked":"Outmaneuver+1","floor":48}],"player_experience":499412,"relics_obtained":[{"floor":7.0,"key":"Mummified Hand"},{"floor":9.0,"key":"Meat on the Bone"},{"floor":14.0,"key":"Ancient Tea Set"},{"floor":24.0,"key":"Unceasing Top"},{"floor":26.0,"key":"Centennial Puzzle"},{"floor":43,"key":"Ornamental Fan"}],"event_choices":[{"damage_healed":0.0,"max_hp_gain":0.0,"max_hp_loss":0.0,"gold_gain":0.0,"cards_transformed":["Defend_G"],"event_name":"Living Wall","player_choice":"Change","floor":2.0,"gold_loss":0.0,"damage_taken":0.0,"cards_obtained":["Tools of the Trade"]},{"damage_healed":0.0,"max_hp_gain":0.0,"max_hp_loss":0.0,"gold_gain":0.0,"event_name":"Lab","player_choice":"Got Potions","floor":4.0,"gold_loss":0.0,"damage_taken":0.0},{"damage_healed":0.0,"max_hp_gain":0.0,"max_hp_loss":39.0,"gold_gain":0.0,"event_name":"Ghosts","player_choice":"Became a Ghost","floor":31.0,"gold_loss":0.0,"damage_taken":0.0,"cards_obtained":["Ghostly","Ghostly","Ghostly","Ghostly","Ghostly"]},{"damage_healed":0,"gold_gain":0,"player_choice":"Forge","damage_taken":0,"max_hp_gain":0,"max_hp_loss":0,"event_name":"Accursed Blacksmith","floor":36,"gold_loss":0,"cards_upgraded":["Calculated Gamble"]},{"damage_healed":0,"gold_gain":0,"player_choice":"Embrace Madness","damage_taken":5,"max_hp_gain":0,"max_hp_loss":0,"event_name":"Winding Halls","floor":38,"gold_loss":0,"cards_obtained":["Madness","Madness"]},{"damage_healed":0,"gold_gain":0,"player_choice":"Memory 1","damage_taken":0,"max_hp_gain":0,"max_hp_loss":0,"event_name":"SensoryStone","floor":41,"gold_loss":0},{"damage_healed":0,"gold_gain":0,"player_choice":"Paid","damage_taken":0,"relics_obtained":["Red Mask"],"max_hp_gain":0,"max_hp_loss":0,"event_name":"Tomb of Lord Red Mask","floor":42,"gold_loss":195},{"damage_healed":0,"gold_gain":0,"player_choice":"Upgrade","damage_taken":0,"relics_obtained":["Mark of the Bloom"],"max_hp_gain":0,"max_hp_loss":0,"event_name":"MindBloom","floor":46,"gold_loss":0,"cards_upgraded":["Strike_G","Strike_G","Strike_G","Strike_G","Defend_G","Defend_G","Survivor","Neutralize","Dagger Spray","Deadly Poison","Deadly Poison","Slice","Bane","Deflect","Backstab","Riddle With Holes","Ghostly","Ghostly","Ghostly","Ghostly","Ghostly","Bane","Caltrops","Madness","Madness","Panache"]}],"is_beta":true,"boss_relics":[{"not_picked":["Lizard Tail","Tiny House"],"picked":"Astrolabe"},{"not_picked":["Calling Bell","Runic Dome"],"picked":"Eternal Feather"}],"items_purged_floors":[],"is_endless":false,"potions_floor_spawned":[7,10,14,20,21,22,28,35,39,48],"ascension_level":1}