{"gold_per_floor":[115,125,139,159,159,194,194,221,221,221,247,247,272,285,285,390,390,403,416,416,428,428,454,454,465,465,465,476,5,33,132,132,236,236,249,261,307,14,14,48,0,14,64,90,90,90,105,105,105,105],"floor_reached":51,"playtime":4384,"items_purged":["Normality"],"score":1013,"play_id":"79b7af0f-2632-4bc2-b553-19fb3a086f06","local_time":"20190908013714","is_ascension_mode":true,"campfire_choices":[{"data":"Glass Knife","floor":7.0,"key":"SMITH"},{"floor":12.0,"key":"REST"},{"floor":15.0,"key":"REST"},{"data":"Infinite Blades","floor":24.0,"key":"SMITH"},{"data":"Malaise","floor":32.0,"key":"SMITH"},{"data":"Writhe","floor":46,"key":"PURGE"},{"data":"Well Laid Plans","floor":49,"key":"PURGE"}],"neow_cost":"NONE","seed_source_timestamp":0,"circlet_count":0,"master_deck":["Defend_G","Defend_G","Defend_G","Defend_G","Survivor","Neutralize","Dagger Throw","Slice","Finisher","Backflip","Terror","Glass Knife+1","Sucker Punch","Night Terror","Cloak And Dagger","Slice","Malaise+1","PiercingWail","Caltrops","Infinite Blades+1","Bite+1","Bite","Bite","Bite","Bite+1","Flash of Steel","Storm of Steel","Calculated Gamble+1","Blur+1","Footwork+1","Accuracy+1","Envenom+1","The Bomb"],"special_seed":0,"relics":["Ring of the Snake","Orichalcum","Singing Bowl","Peace Pipe","Ninja Scroll","Incense Burner","FossilizedHelix","Cursed Key","MutagenicStrength","Blue Candle","Shuriken","Unceasing Top","Ornamental Fan","Runic Pyramid","WingedGreaves","Frozen Egg 2","PreservedInsect","Red Mask","Boot","Whetstone"],"potions_floor_usage":[35,37,37,37,50,50],"damage_taken":[{"damage":0.0,"enemies":"Cultist","floor":1.0,"turns":3.0},{"damage":7.0,"enemies":"Small Slimes","floor":2.0,"turns":3.0},{"damage":1.0,"enemies":"2 Louse","floor":3.0,"turns":2.0},{"damage":0.0,"enemies":"Looter","floor":4.0,"turns":2.0},{"damage":6.0,"enemies":"Gremlin Nob","floor":6.0,"turns":4.0},{"damage":10.0,"enemies":"Lagavulin","floor":8.0,"turns":3.0},{"damage":7.0,"enemies":"3 Sentries","floor":11.0,"turns":7.0},{"damage":15.0,"enemies":"Lagavulin","floor":13.0,"turns":4.0},{"damage":0.0,"enemies":"3 Louse","floor":14.0,"turns":2.0},{"damage":0.0,"enemies":"Slime Boss","floor":16.0,"turns":3.0},{"damage":0.0,"enemies":"Spheric Guardian","floor":18.0,"turns":4.0},{"damage":0.0,"enemies":"Chosen","floor":19.0,"turns":5.0},{"damage":2.0,"enemies":"Snecko","floor":21.0,"turns":5.0},{"damage":0.0,"enemies":"Gremlin Leader","floor":23.0,"turns":3.0},{"damage":0.0,"enemies":"Centurion and Healer","floor":25.0,"turns":5.0},{"damage":0.0,"enemies":"Cultist and Chosen","floor":28.0,"turns":3.0},{"damage":0.0,"enemies":"Slavers","floor":30.0,"turns":4.0},{"damage":0.0,"enemies":"Automaton","floor":33.0,"turns":5.0},{"damage":20,"enemies":"3 Darklings","floor":35,"turns":4},{"damage":4,"enemies":"3 Shapes","floor":36,"turns":4},{"damage":0,"enemies":"2 Orb Walkers","floor":37,"turns":4},{"damage":22,"enemies":"Reptomancer","floor":40,"turns":5},{"damage":3,"enemies":"Jaw Worm Horde","floor":42,"turns":4},{"damage":0,"enemies":"Giant Head","floor":44,"turns":4},{"damage":0,"enemies":"Sphere and 2 Shapes","floor":47,"turns":4},{"damage":40,"enemies":"Time Eater","floor":50,"turns":9}],"seed_played":"2584617326494003241","potions_obtained":[{"floor":2.0,"key":"FearPotion"},{"floor":11.0,"key":"PowerPotion"},{"floor":13.0,"key":"Weak Potion"},{"floor":16.0,"key":"Block Potion"},{"floor":18.0,"key":"EntropicBrew"},{"floor":21.0,"key":"Fruit Juice"},{"floor":23.0,"key":"Poison Potion"},{"floor":36,"key":"EssenceOfSteel"},{"floor":40,"key":"Explosive Potion"},{"floor":44,"key":"FearPotion"}],"is_trial":false,"path_per_floor":["M","M","M","M","T","E","R","E","T","?","E","R","E","M","R","B",null,"M","M","?","M","?","E","R","M","T","?","M","$","E","?","R","B",null,"M","M","?","$","?","E","?","M","T","E","$","R","M","?","R","B",null],"character_chosen":"THE_SILENT","items_purchased":["Unceasing Top","Flash of Steel","Frozen Egg 2","Footwork+1"],"campfire_rested":2,"item_purchase_floors":[29,29,38,38],"current_hp_per_floor":[70,63,62,62,62,56,56,46,46,46,39,60,45,45,66,66,70,70,70,70,68,55,60,60,62,62,57,59,59,61,61,61,61,61,49,51,61,61,60,44,44,47,47,49,49,49,54,54,54,26],"gold":105,"neow_bonus":"TRANSFORM_CARD","is_prod":false,"is_daily":false,"chose_seed":false,"campfire_upgraded":3,"win_rate":0,"timestamp":1567924634,"path_taken":["M","M","M","M","?","E","R","E","T","?","E","R","E","M","R","BOSS","M","M","?","M","?","E","R","M","T","?","M","$","E","?","R","BOSS","M","M","?","$","?","E","?","M","T","E","?","R","M","?","R","BOSS"],"build_version":"2019-08-26","purchased_purges":1,"victory":true,"max_hp_per_floor":[70,70,70,70,70,70,70,70,70,70,70,70,70,70,70,70,70,70,70,70,70,75,80,80,82,82,57,59,59,61,61,61,61,61,63,63,63,63,60,60,60,62,62,62,62,62,64,64,64,64],"card_choices":[{"not_picked":["Cloak And Dagger","Blade Dance"],"picked":"Slice","floor":1.0},{"not_picked":["Poisoned Stab","Concentrate"],"picked":"Finisher","floor":2.0},{"not_picked":["Deadly Poison","Concentrate"],"picked":"Backflip","floor":3.0},{"not_picked":["Accuracy","Prepared"],"picked":"Terror","floor":4.0},{"not_picked":["Sucker Punch","Acrobatics"],"picked":"Glass Knife","floor":6.0},{"not_picked":["Underhanded Strike","Backflip"],"picked":"Sucker Punch","floor":8.0},{"not_picked":["Eviscerate","Cloak And Dagger"],"picked":"Night Terror","floor":11.0},{"not_picked":["Predator","Tactician"],"picked":"Cloak And Dagger","floor":13.0},{"not_picked":["Dagger Throw","Backflip"],"picked":"Slice","floor":14.0},{"not_picked":["Phantasmal Killer","Unload"],"picked":"Malaise","floor":16.0},{"not_picked":["Blade Dance","Prepared"],"picked":"PiercingWail","floor":18.0},{"not_picked":["Deadly Poison","Underhanded Strike"],"picked":"Well Laid Plans","floor":19.0},{"not_picked":["All Out Attack","Blade Dance"],"picked":"Caltrops","floor":21.0},{"not_picked":["Well Laid Plans","Concentrate+1"],"picked":"Infinite Blades","floor":23.0},{"not_picked":["Sucker Punch","Dodge and Roll","Noxious Fumes+1"],"picked":"Singing Bowl","floor":25.0},{"not_picked":["Cloak And Dagger","Blur","Noxious Fumes"],"picked":"Singing Bowl","floor":28.0},{"not_picked":["Backflip","Prepared","Finisher+1"],"picked":"Singing Bowl","floor":30.0},{"not_picked":["Grand Finale","Tools of the Trade"],"picked":"Storm of Steel","floor":33.0},{"not_picked":["Expertise","Slice+1","Prepared"],"picked":"Singing Bowl","floor":35},{"not_picked":["Sucker Punch+1","Slice"],"picked":"Calculated Gamble+1","floor":36},{"not_picked":["Tactician+1","Flying Knee+1"],"picked":"Blur+1","floor":37},{"not_picked":["Predator","Quick Slash"],"picked":"Accuracy+1","floor":40},{"not_picked":["Blade Dance+1","Finisher","Poisoned Stab+1"],"picked":"Singing Bowl","floor":42},{"not_picked":["Distraction","Terror"],"picked":"Envenom+1","floor":44},{"not_picked":["Deadly Poison+1","Setup","Flying Knee"],"picked":"Singing Bowl","floor":47},{"not_picked":["Dark Shackles","Purity"],"picked":"The Bomb","floor":48}],"player_experience":517538,"relics_obtained":[{"floor":5.0,"key":"Orichalcum"},{"floor":6.0,"key":"Singing Bowl"},{"floor":8.0,"key":"Peace Pipe"},{"floor":9.0,"key":"Ninja Scroll"},{"floor":11.0,"key":"Incense Burner"},{"floor":13.0,"key":"FossilizedHelix"},{"floor":23.0,"key":"Blue Candle"},{"floor":26.0,"key":"Shuriken"},{"floor":30.0,"key":"Ornamental Fan"},{"floor":37,"key":"WingedGreaves"},{"floor":40,"key":"PreservedInsect"},{"floor":43,"key":"Boot"},{"floor":44,"key":"Whetstone"}],"event_choices":[{"damage_healed":0.0,"max_hp_gain":0.0,"max_hp_loss":0.0,"gold_gain":0.0,"event_name":"Shining Light","player_choice":"Ignored","floor":10.0,"gold_loss":0.0,"damage_taken":0.0},{"damage_healed":0.0,"max_hp_gain":0.0,"max_hp_loss":0.0,"gold_gain":0.0,"event_name":"Drug Dealer","player_choice":"Inject Mutagens","floor":20.0,"gold_loss":0.0,"damage_taken":0.0,"relics_obtained":["MutagenicStrength"]},{"damage_healed":0.0,"max_hp_gain":5.0,"max_hp_loss":0.0,"gold_gain":0.0,"event_name":"Forgotten Altar","player_choice":"Shed Blood","floor":22.0,"gold_loss":0.0,"damage_taken":18.0},{"damage_healed":0.0,"max_hp_gain":0.0,"max_hp_loss":25.0,"gold_gain":0.0,"event_name":"Vampires","player_choice":"Became a vampire","floor":27.0,"gold_loss":0.0,"damage_taken":0.0,"cards_obtained":["Bite","Bite","Bite","Bite","Bite"]},{"damage_healed":0.0,"max_hp_gain":0.0,"max_hp_loss":0.0,"gold_gain":99.0,"event_name":"Nest","player_choice":"Stole From Cult","floor":31.0,"gold_loss":0.0,"damage_taken":0.0},{"damage_healed":0,"gold_gain":0,"player_choice":"Fight","damage_taken":0,"max_hp_gain":0,"max_hp_loss":0,"event_name":"Mysterious Sphere","floor":37,"gold_loss":0},{"damage_healed":0,"gold_gain":0,"player_choice":"Max HP","damage_taken":0,"max_hp_gain":0,"max_hp_loss":3,"event_name":"Winding Halls","floor":39,"gold_loss":0},{"damage_healed":0,"gold_gain":0,"player_choice":"Paid","damage_taken":0,"relics_obtained":["Red Mask"],"max_hp_gain":0,"max_hp_loss":0,"event_name":"Tomb of Lord Red Mask","floor":41,"gold_loss":48},{"damage_healed":0,"gold_gain":0,"player_choice":"Memory 1","damage_taken":0,"max_hp_gain":0,"max_hp_loss":0,"event_name":"SensoryStone","floor":48,"gold_loss":0}],"is_beta":true,"boss_relics":[{"not_picked":["Calling Bell","Coffee Dripper"],"picked":"Cursed Key"},{"not_picked":["Eternal Feather","Black Star"],"picked":"Runic Pyramid"}],"items_purged_floors":[29],"is_endless":false,"potions_floor_spawned":[2,11,13,16,18,21,23,36,40,44],"ascension_level":2}