{"gold_per_floor":[17,33,33,52,52,85,85,116,116,127,141,66,66,83,83,185,185,196,111,122,122,0,0,27,27,27,55,68,88,122,54,54,54],"floor_reached":33,"playtime":1170,"items_purged":["Strike_R","Strike_R+1"],"score":378,"play_id":"f4f8972b-0ead-4305-aa6a-e2aeba30cd04","local_time":"20190525191252","is_ascension_mode":true,"campfire_choices":[{"floor":7,"key":"REST"},{"floor":13,"key":"REST"},{"data":"True Grit","floor":15,"key":"SMITH"},{"data":"Twin Strike","floor":23,"key":"SMITH"},{"data":"Inflame","floor":25,"key":"SMITH"},{"floor":32,"key":"REST"}],"neow_cost":"NO_GOLD","seed_source_timestamp":90551657500393,"circlet_count":0,"master_deck":["Strike_R+1","Strike_R+1","Strike_R+1","Defend_R+1","Defend_R+1","Defend_R+1","Bash","Inflame+1","Twin Strike+1","Pummel","Body Slam+1","Inflame","True Grit+1","Fiend Fire+1","Uppercut+1","Twin Strike+1","Shrug It Off+1","Immolate+1","Inflame+1","Metallicize+1","Iron Wave+1","Armaments"],"relics":["Burning Blood","Charon\u0027s Ashes","Mercury Hourglass","Bottled Flame","Molten Egg 2","Sozu","The Courier","Red Skull","Regal Pillow","Centennial Puzzle","Lantern","Smiling Mask"],"potions_floor_usage":[8,16],"damage_taken":[{"damage":11,"enemies":"Cultist","floor":1,"turns":4},{"damage":8,"enemies":"Small Slimes","floor":2,"turns":4},{"damage":15,"enemies":"2 Louse","floor":4,"turns":4},{"damage":44,"enemies":"Gremlin Nob","floor":6,"turns":5},{"damage":30,"enemies":"3 Sentries","floor":8,"turns":5},{"damage":16,"enemies":"Blue Slaver","floor":10,"turns":3},{"damage":7,"enemies":"Looter","floor":11,"turns":3},{"damage":2,"enemies":"Exordium Wildlife","floor":14,"turns":3},{"damage":39,"enemies":"The Guardian","floor":16,"turns":9},{"damage":6,"enemies":"Spheric Guardian","floor":18,"turns":3},{"damage":13,"enemies":"Shell Parasite","floor":20,"turns":3},{"damage":36,"enemies":"Book of Stabbing","floor":24,"turns":4},{"damage":23,"enemies":"Gremlin Leader","floor":27,"turns":5},{"damage":0,"enemies":"Sentry and Sphere","floor":28,"turns":2},{"damage":18,"enemies":"Snake Plant","floor":29,"turns":3},{"damage":15,"enemies":"Slavers","floor":30,"turns":3},{"damage":74,"enemies":"Champ","floor":33,"turns":7}],"seed_played":"4422951217259059333","potions_obtained":[{"floor":1,"key":"BloodPotion"},{"floor":6,"key":"SpeedPotion"},{"floor":10,"key":"SteroidPotion"},{"floor":11,"key":"Poison Potion"}],"is_trial":false,"path_per_floor":["M","M","?","M","?","E","R","E","T","M","M","$","R","M","R","B",null,"M","?","M","?","$","R","E","R","T","E","M","M","E","$","R","B"],"character_chosen":"IRONCLAD","items_purchased":["Red Skull","Armaments"],"campfire_rested":3,"item_purchase_floors":[22,31],"current_hp_per_floor":[75,73,73,64,64,26,50,34,34,24,23,23,47,51,51,18,80,80,80,73,73,73,73,43,43,43,26,32,20,11,11,50,0],"gold":54,"neow_bonus":"ONE_RARE_RELIC","is_prod":false,"is_daily":false,"chose_seed":false,"campfire_upgraded":3,"win_rate":0,"timestamp":1558825972,"path_taken":["M","?","?","M","?","E","R","E","T","M","M","$","R","M","R","BOSS","M","?","M","?","$","R","E","R","T","E","M","M","E","$","R","BOSS"],"build_version":"2019-01-23","purchased_purges":2,"victory":false,"max_hp_per_floor":[80,80,80,80,80,80,80,80,80,80,80,80,80,80,80,80,80,80,80,80,80,80,80,80,80,80,80,80,80,80,80,80,80],"card_choices":[{"not_picked":["Second Wind","Carnage"],"picked":"Inflame","floor":1},{"not_picked":["Power Through","Rupture","Intimidate"],"picked":"SKIP","floor":2},{"not_picked":["Infernal Blade","Rampage"],"picked":"Twin Strike","floor":4},{"not_picked":["Perfected Strike","Clash"],"picked":"Pummel","floor":6},{"not_picked":["Bloodletting","Seeing Red","Clothesline"],"picked":"SKIP","floor":8},{"not_picked":["Clothesline+1","Ghostly Armor"],"picked":"Body Slam+1","floor":10},{"not_picked":["Clash+1","Anger+1"],"picked":"Inflame","floor":11},{"not_picked":["Rampage+1","Thunderclap+1"],"picked":"True Grit","floor":14},{"not_picked":["Impervious","Exhume"],"picked":"Fiend Fire+1","floor":16},{"not_picked":["Thunderclap+1","Wild Strike+1"],"picked":"Uppercut+1","floor":18},{"not_picked":["Infernal Blade","Shrug It Off"],"picked":"Twin Strike+1","floor":20},{"not_picked":["Wild Strike+1","Anger+1"],"picked":"Shrug It Off+1","floor":24},{"not_picked":["Entrench","Perfected Strike+1"],"picked":"Immolate+1","floor":27},{"not_picked":["Twin Strike+1","Body Slam+1"],"picked":"Inflame+1","floor":28},{"not_picked":["Inflame","Blood for Blood+1"],"picked":"Metallicize+1","floor":29},{"not_picked":["Havoc","Rage"],"picked":"Iron Wave+1","floor":30}],"player_experience":304567,"relics_obtained":[{"floor":6,"key":"Mercury Hourglass"},{"floor":8,"key":"Bottled Flame"},{"floor":9,"key":"Molten Egg 2"},{"floor":24,"key":"Regal Pillow"},{"floor":26,"key":"Centennial Puzzle"},{"floor":27,"key":"Lantern"},{"floor":30,"key":"Smiling Mask"}],"event_choices":[{"damage_healed":0,"gold_gain":0,"player_choice":"Leave","damage_taken":0,"max_hp_gain":0,"max_hp_loss":0,"event_name":"The Cleric","floor":3,"gold_loss":0},{"cards_removed":["Defend_R"],"damage_healed":0,"gold_gain":0,"player_choice":"Forget","damage_taken":0,"max_hp_gain":0,"max_hp_loss":0,"event_name":"Living Wall","floor":5,"gold_loss":0},{"damage_healed":0,"gold_gain":0,"player_choice":"Obtained Relic","damage_taken":0,"relics_obtained":["The Courier"],"max_hp_gain":0,"max_hp_loss":0,"event_name":"Addict","floor":19,"gold_loss":85},{"damage_healed":0,"gold_gain":0,"player_choice":"Simplicity","damage_taken":0,"max_hp_gain":0,"max_hp_loss":0,"event_name":"Back to Basics","floor":21,"gold_loss":0,"cards_upgraded":["Strike_R","Strike_R","Strike_R","Strike_R","Defend_R","Defend_R","Defend_R"]}],"is_beta":false,"boss_relics":[{"not_picked":["Orrery","Runic Dome"],"picked":"Sozu"}],"items_purged_floors":[12,31],"is_endless":false,"potions_floor_spawned":[1,6,10,11,18,27,29,30],"killed_by":"Champ","ascension_level":4}