{"gold_per_floor":[115,125,79,89,108,123,123,48,93,125,143,171,17,73,73,171,171,188,188,77,63,81,81,81,81,149,149,166,166,176,190,190,290,290,300,319,319],"floor_reached":37,"playtime":7134,"items_purged":["Defend_B","Strike_B"],"score":543,"play_id":"94396ec1-ff29-49e5-beec-38992bf237c0","local_time":"20190813234134","is_ascension_mode":false,"campfire_choices":[{"data":"Capacitor","floor":7,"key":"SMITH"},{"floor":15,"key":"REST"},{"floor":23,"key":"REST"},{"data":"Defragment","floor":25,"key":"SMITH"},{"data":"Undo","floor":27,"key":"SMITH"},{"floor":32,"key":"REST"}],"neow_cost":"NONE","seed_source_timestamp":0,"circlet_count":0,"master_deck":["Strike_B","Strike_B","Strike_B","Defend_B","Defend_B","Zap","Dualcast+1","Capacitor+1","Glacier+1","Cold Snap","Chill","Rip and Tear","Consume","Fission","Melter","Undo+1","Barrage","Coolheaded","Rainbow","Defragment+1","Doom and Gloom","Loop","Compile Driver","Skim","Leap","Gash","Static Discharge","Core Surge","Self Repair","Force Field"],"special_seed":0,"relics":["Cracked Core","Bronze Scales","War Paint","Gremlin Horn","Potion Belt","Tiny Chest","Inserter","GremlinMask","Blue Candle","Runic Pyramid"],"potions_floor_usage":[10,12,21,22,28,30,36],"damage_taken":[{"damage":1,"enemies":"Cultist","floor":1,"turns":3},{"damage":3,"enemies":"Small Slimes","floor":2,"turns":3},{"damage":5,"enemies":"Jaw Worm","floor":4,"turns":4},{"damage":0,"enemies":"Large Slime","floor":5,"turns":8},{"damage":6,"enemies":"2 Fungi Beasts","floor":6,"turns":4},{"damage":5,"enemies":"Lagavulin","floor":10,"turns":5},{"damage":4,"enemies":"Blue Slaver","floor":11,"turns":3},{"damage":8,"enemies":"Gremlin Nob","floor":12,"turns":3},{"damage":21,"enemies":"3 Sentries","floor":14,"turns":5},{"damage":14,"enemies":"The Guardian","floor":16,"turns":11},{"damage":0,"enemies":"Spheric Guardian","floor":18,"turns":2},{"damage":24,"enemies":"2 Thieves","floor":21,"turns":4},{"damage":28,"enemies":"Snake Plant","floor":22,"turns":5},{"damage":0,"enemies":"Snecko","floor":28,"turns":4},{"damage":18,"enemies":"Centurion and Healer","floor":30,"turns":6},{"damage":17,"enemies":"Shelled Parasite and Fungi","floor":31,"turns":6},{"damage":39,"enemies":"Automaton","floor":33,"turns":9},{"damage":34,"enemies":"Orb Walker","floor":35,"turns":5},{"damage":39,"enemies":"3 Darklings","floor":36,"turns":7},{"damage":11,"enemies":"Transient","floor":37,"turns":2}],"seed_played":"896171713932705663","potions_obtained":[{"floor":2,"key":"SteroidPotion"},{"floor":4,"key":"Energy Potion"},{"floor":6,"key":"PowerPotion"},{"floor":11,"key":"Swift Potion"},{"floor":16,"key":"Regen Potion"},{"floor":18,"key":"GamblersBrew"},{"floor":35,"key":"Energy Potion"},{"floor":36,"key":"Regen Potion"}],"is_trial":false,"path_per_floor":["M","M","$","M","M","M","R","$","T","E","M","E","$","E","R","B",null,"M","?","$","M","M","R","$","R","T","R","M","?","M","M","R","B",null,"M","M","M"],"character_chosen":"DEFECT","items_purchased":["Cold Snap","Barrage","Doom and Gloom","Loop"],"campfire_rested":3,"item_purchase_floors":[3,13,20,20],"current_hp_per_floor":[74,71,71,66,66,60,60,60,60,55,51,43,43,22,44,30,75,75,75,75,51,35,57,57,57,57,57,57,57,39,22,44,5,75,41,9,0],"gold":319,"neow_bonus":"RANDOM_COMMON_RELIC","is_prod":false,"is_daily":false,"chose_seed":false,"campfire_upgraded":3,"win_rate":0,"timestamp":1565757694,"path_taken":["M","M","?","M","M","?","R","$","T","E","M","E","$","E","R","BOSS","M","?","$","M","M","R","?","R","T","R","M","?","M","?","R","BOSS","M","?","M"],"build_version":"2019-07-05","purchased_purges":2,"victory":false,"max_hp_per_floor":[75,75,75,75,75,75,75,75,75,75,75,75,75,75,75,75,75,75,75,75,75,75,75,75,75,75,75,75,75,75,75,75,75,75,75,75,75],"card_choices":[{"not_picked":["Compile Driver","White Noise"],"picked":"Capacitor","floor":1},{"not_picked":["Redo","Barrage"],"picked":"Glacier","floor":2},{"not_picked":["Stack","Compile Driver"],"picked":"Chill","floor":4},{"not_picked":["Steam Power","Hologram"],"picked":"Rip and Tear","floor":5},{"not_picked":["Loop","Conserve Battery"],"picked":"Consume","floor":6},{"not_picked":["Redo","Beam Cell"],"picked":"Fission","floor":10},{"not_picked":["Ball Lightning","Streamline"],"picked":"Melter","floor":11},{"not_picked":["Cold Snap","Fission"],"picked":"Undo","floor":12},{"not_picked":["Beam Cell","Turbo"],"picked":"Coolheaded","floor":14},{"not_picked":["Hyperbeam","Biased Cognition"],"picked":"Rainbow","floor":16},{"not_picked":["Loop+1","Cold Snap"],"picked":"Defragment","floor":18},{"not_picked":["Loop","Skim"],"picked":"Compile Driver","floor":21},{"not_picked":["Cold Snap","Defragment+1"],"picked":"Skim","floor":22},{"not_picked":["Compile Driver","Beam Cell"],"picked":"Leap","floor":28},{"not_picked":["Leap","Coolheaded+1"],"picked":"Gash","floor":30},{"not_picked":["Sunder+1","Creative AI"],"picked":"Static Discharge","floor":31},{"not_picked":["Biased Cognition","Thunder Strike"],"picked":"Core Surge","floor":33},{"not_picked":["Hologram","Skim+1"],"picked":"Self Repair","floor":35},{"not_picked":["Hologram","Reprogram"],"picked":"Force Field","floor":36}],"player_experience":298276,"relics_obtained":[{"floor":9,"key":"War Paint"},{"floor":10,"key":"Gremlin Horn"},{"floor":12,"key":"Potion Belt"},{"floor":14,"key":"Tiny Chest"},{"floor":26,"key":"Blue Candle"}],"event_choices":[{"damage_healed":0,"gold_gain":0,"player_choice":"Trade","damage_taken":0,"relics_obtained":["GremlinMask"],"max_hp_gain":0,"max_hp_loss":0,"event_name":"FaceTrader","floor":19,"gold_loss":0},{"cards_removed":["Defend_B"],"damage_healed":0,"gold_gain":0,"player_choice":"Card Removal","damage_taken":0,"max_hp_gain":0,"max_hp_loss":0,"event_name":"Wheel of Change","floor":29,"gold_loss":0}],"is_beta":false,"boss_relics":[{"not_picked":["Coffee Dripper","Black Star"],"picked":"Inserter"},{"not_picked":["Snecko Eye","Calling Bell"],"picked":"Runic Pyramid"}],"items_purged_floors":[8,13],"is_endless":false,"potions_floor_spawned":[2,4,6,11,16,18,35,36],"killed_by":"Transient","ascension_level":0}