{"gold_per_floor":[116,41,58,72,87,118,293,320,344,344,344,377,396,396,396,498,498,518,518,22,42,57,92,92,92,146,146,163,194,213,223,223,320,320,335,351,99,111,130,130,155,155,178,209,284,284,303,329,329,329,329,329,59,85,85],"floor_reached":56,"playtime":3930,"items_purged":["Defend_G","Strike_G","Defend_G","Defend_G"],"score":1536,"play_id":"8ddbf6e3-8a0b-47c9-90df-f91028fd939e","local_time":"20190915213848","is_ascension_mode":true,"campfire_choices":[{"floor":11.0,"key":"REST"},{"floor":15.0,"key":"REST"},{"data":"Catalyst","floor":24.0,"key":"SMITH"},{"data":"Wraith Form v2","floor":27.0,"key":"SMITH"},{"floor":32.0,"key":"REST"},{"floor":40.0,"key":"REST"},{"floor":42.0,"key":"RECALL"},{"floor":46.0,"key":"REST"},{"data":"Bullet Time","floor":49.0,"key":"SMITH"},{"data":"After Image","floor":52,"key":"SMITH"}],"neow_cost":"NONE","seed_source_timestamp":108691931692900,"circlet_count":0,"master_deck":["Strike_G","Defend_G+1","Defend_G","Survivor","Neutralize","Noxious Fumes","Catalyst+1","Quick Slash","Deadly Poison+1","Escape Plan","Footwork","Footwork","Wraith Form v2+1","Dodge and Roll+1","Crippling Poison","PiercingWail","Poisoned Stab+1","Calculated Gamble+1","Catalyst+1","Leg Sweep","Bouncing Flask","Footwork","Dash+1","After Image+1","Deadly Poison+1","Finisher+1","All Out Attack+1","Well Laid Plans","Sucker Punch","Crippling Poison+1","Heel Hook","Bullet Time+1","Prepared+1"],"special_seed":0,"relics":["Ring of the Snake","Ancient Tea Set","Turnip","War Paint","Potion Belt","Art of War","SacredBark","Spirit Poop","Membership Card","Incense Burner","Gremlin Horn","Thread and Needle","Regal Pillow","Shuriken","Astrolabe","Snake Skull","PreservedInsect","Vajra","Blue Candle","Anchor","Pantograph","Centennial Puzzle","Bottled Flame"],"potions_floor_usage":[55,55,55,55],"damage_taken":[{"damage":0.0,"enemies":"Cultist","floor":1.0,"turns":5.0},{"damage":4.0,"enemies":"Small Slimes","floor":3.0,"turns":4.0},{"damage":1.0,"enemies":"Jaw Worm","floor":4.0,"turns":6.0},{"damage":5.0,"enemies":"Large Slime","floor":5.0,"turns":7.0},{"damage":33.0,"enemies":"Lagavulin","floor":6.0,"turns":10.0},{"damage":23.0,"enemies":"3 Sentries","floor":8.0,"turns":8.0},{"damage":15.0,"enemies":"Lagavulin","floor":12.0,"turns":5.0},{"damage":3.0,"enemies":"Blue Slaver","floor":13.0,"turns":3.0},{"damage":18.0,"enemies":"Slime Boss","floor":16.0,"turns":13.0},{"damage":0.0,"enemies":"Chosen","floor":18.0,"turns":4.0},{"damage":14.0,"enemies":"3 Byrds","floor":21.0,"turns":6.0},{"damage":18.0,"enemies":"3 Cultists","floor":22.0,"turns":6.0},{"damage":23.0,"enemies":"Gremlin Leader","floor":23.0,"turns":7.0},{"damage":0.0,"enemies":"Cultist and Chosen","floor":28.0,"turns":5.0},{"damage":6.0,"enemies":"Book of Stabbing","floor":29.0,"turns":4.0},{"damage":0.0,"enemies":"Snecko","floor":30.0,"turns":3.0},{"damage":4.0,"enemies":"Centurion and Healer","floor":31.0,"turns":7.0},{"damage":0.0,"enemies":"Champ","floor":33.0,"turns":10.0},{"damage":21.0,"enemies":"3 Darklings","floor":35.0,"turns":6.0},{"damage":0.0,"enemies":"3 Shapes","floor":36.0,"turns":8.0},{"damage":3.0,"enemies":"Maw","floor":38.0,"turns":6.0},{"damage":25.0,"enemies":"3 Darklings","floor":39.0,"turns":7.0},{"damage":24.0,"enemies":"Giant Head","floor":41.0,"turns":10.0},{"damage":8.0,"enemies":"Reptomancer","floor":44.0,"turns":4.0},{"damage":18.0,"enemies":"Spire Growth","floor":47.0,"turns":5.0},{"damage":2.0,"enemies":"Giant Head","floor":48.0,"turns":7.0},{"damage":25,"enemies":"Time Eater","floor":50,"turns":7},{"damage":7,"enemies":"Shield and Spear","floor":54,"turns":6},{"damage":0,"enemies":"The Heart","floor":55,"turns":7}],"seed_played":"1400615166960027868","potions_obtained":[{"floor":1.0,"key":"Dexterity Potion"},{"floor":12.0,"key":"Fire Potion"},{"floor":13.0,"key":"SteroidPotion"},{"floor":16.0,"key":"EntropicBrew"},{"floor":21.0,"key":"SpeedPotion"},{"floor":28.0,"key":"FairyPotion"},{"floor":44.0,"key":"Dexterity Potion"}],"is_trial":false,"path_per_floor":["M","$","M","M","M","E","?","E","T","?","R","E","M","?","R","B",null,"M","?","$","M","M","E","R","?","T","R","M","E","M","M","R","B",null,"M","M","$","M","M","R","E","R","T","E","?","R","M","E","R","B",null,"R","$","E","B",null],"character_chosen":"THE_SILENT","items_purchased":["Membership Card","Incense Burner","Gremlin Horn","Crippling Poison","Snake Skull","PreservedInsect","DuplicationPotion","Pantograph","Centennial Puzzle"],"campfire_rested":5,"item_purchase_floors":[20,20,20,20,37,37,37,53,53],"current_hp_per_floor":[70,70,66,65,60,27,27,4,4,1,22,7,4,4,25,7,70,70,70,70,56,38,15,15,15,15,15,15,9,9,5,41,41,70,49,49,49,46,21,57,33,33,33,25,18,54,36,34,34,9,70,70,70,63,70],"gold":85,"neow_bonus":"RANDOM_COMMON_RELIC","is_prod":false,"is_daily":false,"chose_seed":false,"campfire_upgraded":4,"win_rate":0,"timestamp":1568576328,"path_taken":["M","?","M","M","?","E","?","E","T","?","R","E","M","?","R","BOSS","M","?","?","M","M","E","R","?","T","R","M","E","?","M","R","BOSS","M","M","$","M","M","R","E","R","T","E","?","R","?","E","R","BOSS","R","$","E","BOSS"],"build_version":"2019-09-12","purchased_purges":4,"victory":true,"max_hp_per_floor":[70,70,70,70,70,70,70,70,70,70,70,70,70,70,70,70,70,70,70,70,70,70,70,70,70,70,70,70,70,70,70,70,70,70,70,70,70,70,70,70,70,70,70,70,70,70,70,70,70,70,70,70,70,70,70],"card_choices":[{"not_picked":["Masterful Stab","Dodge and Roll"],"picked":"Noxious Fumes","floor":1.0},{"not_picked":["Poisoned Stab","Underhanded Strike"],"picked":"Catalyst","floor":3.0},{"not_picked":["Deflect","Blade Dance"],"picked":"Quick Slash","floor":4.0},{"not_picked":["Reflex","Accuracy","Deflect"],"picked":"SKIP","floor":5.0},{"not_picked":["Dagger Spray","PiercingWail"],"picked":"Deadly Poison","floor":6.0},{"not_picked":["Blade Dance","Bane"],"picked":"Escape Plan","floor":8.0},{"not_picked":["Flechettes","Skewer"],"picked":"Footwork","floor":12.0},{"not_picked":["Well Laid Plans","Expertise"],"picked":"Footwork","floor":13.0},{"not_picked":["Doppelganger","Night Terror"],"picked":"Wraith Form v2","floor":16.0},{"not_picked":["Cloak And Dagger+1","Dagger Spray+1"],"picked":"Dodge and Roll+1","floor":18.0},{"not_picked":["Infinite Blades","Flying Knee"],"picked":"PiercingWail","floor":21.0},{"not_picked":["PiercingWail","Cloak And Dagger+1"],"picked":"Poisoned Stab+1","floor":22.0},{"not_picked":["Blade Dance","Deflect+1"],"picked":"Calculated Gamble+1","floor":23.0},{"not_picked":["Tools of the Trade","Underhanded Strike"],"picked":"Leg Sweep","floor":28.0},{"not_picked":["Slice+1","Blade Dance+1"],"picked":"Bouncing Flask","floor":29.0},{"not_picked":["Blade Dance","Underhanded Strike+1"],"picked":"Footwork","floor":30.0},{"not_picked":["Poisoned Stab","Underhanded Strike"],"picked":"Dash+1","floor":31.0},{"not_picked":["Glass Knife","Doppelganger"],"picked":"After Image","floor":33.0},{"not_picked":["Reflex","Calculated Gamble+1","Dagger Spray+1"],"picked":"SKIP","floor":35.0},{"not_picked":["Underhanded Strike+1","Backflip+1"],"picked":"Well Laid Plans","floor":36.0},{"not_picked":["Flechettes","Underhanded Strike+1"],"picked":"Sucker Punch","floor":38.0},{"not_picked":["Expertise","Dagger Throw+1","Cloak And Dagger"],"picked":"SKIP","floor":39.0},{"not_picked":["Deflect+1","Cloak And Dagger+1"],"picked":"Crippling Poison+1","floor":41.0},{"not_picked":["Leg Sweep+1","Underhanded Strike","Eviscerate+1"],"picked":"SKIP","floor":44.0},{"not_picked":["Terror","Slice"],"picked":"Heel Hook","floor":47.0},{"not_picked":["Deadly Poison+1","Prepared"],"picked":"Bullet Time","floor":48.0},{"not_picked":["Dagger Spray","Expertise"],"picked":"Prepared+1","floor":54}],"player_experience":243877,"relics_obtained":[{"floor":6.0,"key":"Turnip"},{"floor":8.0,"key":"War Paint"},{"floor":9.0,"key":"Potion Belt"},{"floor":12.0,"key":"Art of War"},{"floor":23.0,"key":"Thread and Needle"},{"floor":26.0,"key":"Regal Pillow"},{"floor":29.0,"key":"Shuriken"},{"floor":41.0,"key":"Vajra"},{"floor":44.0,"key":"Blue Candle"},{"floor":48.0,"key":"Anchor"},{"floor":54,"key":"Bottled Flame"}],"event_choices":[{"damage_healed":0.0,"max_hp_gain":0.0,"max_hp_loss":0.0,"gold_gain":175.0,"event_name":"Liars Game","player_choice":"AGREE","floor":7.0,"gold_loss":0.0,"damage_taken":0.0,"cards_obtained":["Doubt"]},{"damage_healed":0.0,"max_hp_gain":0.0,"max_hp_loss":0.0,"gold_gain":0.0,"event_name":"Scrap Ooze","player_choice":"Fled","floor":10.0,"gold_loss":0.0,"damage_taken":3.0},{"damage_healed":0.0,"max_hp_gain":0.0,"max_hp_loss":0.0,"gold_gain":0.0,"event_name":"Golden Idol","player_choice":"Ignored","floor":14.0,"gold_loss":0.0,"damage_taken":0.0},{"cards_removed":["Doubt"],"damage_healed":0.0,"max_hp_gain":0.0,"max_hp_loss":0.0,"gold_gain":0.0,"event_name":"Bonfire Elementals","player_choice":"Offered Curse","floor":19.0,"gold_loss":0.0,"damage_taken":0.0,"relics_obtained":["Spirit Poop"]},{"damage_healed":0.0,"max_hp_gain":0.0,"max_hp_loss":0.0,"gold_gain":0.0,"event_name":"Duplicator","player_choice":"Copied","floor":25.0,"gold_loss":0.0,"damage_taken":0.0,"cards_obtained":["Catalyst"]},{"damage_healed":0.0,"max_hp_gain":0.0,"max_hp_loss":0.0,"gold_gain":75.0,"event_name":"FaceTrader","player_choice":"Touch","floor":45.0,"gold_loss":0.0,"damage_taken":7.0}],"is_beta":true,"boss_relics":[{"not_picked":["WristBlade","Black Star"],"picked":"SacredBark"},{"not_picked":["Runic Pyramid","Fusion Hammer"],"picked":"Astrolabe"}],"items_purged_floors":[2,20,37,53],"is_endless":false,"potions_floor_spawned":[1,12,13,16,21,22,28,33,36,38,44,47],"ascension_level":3}