{"gold_per_floor":[117,117,292,103,113,113,144,144,144,162,179,192,211,211,211,309,309,328,42,78,3,3,3,3,3,3,3,35,75,75],"floor_reached":30,"playtime":5046,"items_purged":[],"score":255,"play_id":"b6e5e8c2-cf6b-4657-b8f8-65b56ed06edf","local_time":"20190802042546","is_ascension_mode":false,"campfire_choices":[{"floor":6,"key":"REST"},{"floor":8,"key":"REST"},{"data":"Doubt","floor":15,"key":"PURGE"},{"floor":23,"key":"REST"},{"data":"Infinite Blades","floor":25,"key":"SMITH"},{"data":"Calculated Gamble","floor":27,"key":"SMITH"}],"neow_cost":"NONE","seed_source_timestamp":8892299922900,"circlet_count":0,"master_deck":["Strike_G","Strike_G","Strike_G","Strike_G","Defend_G","Defend_G","Defend_G","Defend_G","Defend_G","Survivor","Neutralize","Infinite Blades+1","Quick Slash","Skewer","Footwork","Underhanded Strike","Deflect","Poisoned Stab","Finisher","Calculated Gamble+1","Well Laid Plans","Adrenaline","Blade Dance","Infinite Blades","Outmaneuver","Well Laid Plans","Blade Dance","Endless Agony","HandOfGreed","Quick Slash","Acrobatics","Predator","Choke","Die Die Die"],"relics":["Ring of the Snake","Pantograph","Peace Pipe","Question Card","Orrery","Ninja Scroll","Mango"],"potions_floor_usage":[16,16,29],"damage_taken":[{"damage":3,"enemies":"Small Slimes","floor":1,"turns":5},{"damage":2,"enemies":"Jaw Worm","floor":5,"turns":4},{"damage":47,"enemies":"Lagavulin","floor":7,"turns":10},{"damage":8,"enemies":"Cultist","floor":10,"turns":5},{"damage":0,"enemies":"2 Fungi Beasts","floor":11,"turns":3},{"damage":11,"enemies":"Large Slime","floor":12,"turns":8},{"damage":1,"enemies":"Looter","floor":13,"turns":4},{"damage":60,"enemies":"Hexaghost","floor":16,"turns":16},{"damage":12,"enemies":"Chosen","floor":18,"turns":5},{"damage":18,"enemies":"Shell Parasite","floor":20,"turns":7},{"damage":26,"enemies":"Snake Plant","floor":28,"turns":6},{"damage":37,"enemies":"Centurion and Healer","floor":29,"turns":9},{"damage":20,"enemies":"Chosen and Byrds","floor":30,"turns":3}],"seed_played":"2662463561853866956","potions_obtained":[{"floor":5,"key":"Swift Potion"},{"floor":10,"key":"Energy Potion"},{"floor":28,"key":"Fire Potion"},{"floor":29,"key":"Poison Potion"}],"is_trial":false,"path_per_floor":["M","?","?","$","M","R","E","R","T","M","M","M","M","?","R","B",null,"M","$","M","?","?","R","?","R","T","R","M","M","M"],"character_chosen":"THE_SILENT","items_purchased":["Quick Slash","Skewer","Footwork","HandOfGreed","Quick Slash","Acrobatics"],"campfire_rested":3,"item_purchase_floors":[4,4,4,19,19,19],"current_hp_per_floor":[74,62,62,62,60,77,30,53,53,45,45,34,33,58,58,17,77,65,65,47,47,47,70,63,63,77,77,51,14,0],"gold":75,"neow_bonus":"TEN_PERCENT_HP_BONUS","is_prod":false,"is_daily":false,"chose_seed":false,"campfire_upgraded":2,"win_rate":0.0,"timestamp":1564737946,"path_taken":["M","?","?","?","M","R","E","R","T","M","M","?","M","?","R","BOSS","M","$","M","?","?","R","?","R","T","R","M","?","M"],"build_version":"2019-07-05","purchased_purges":0,"victory":false,"max_hp_per_floor":[77,77,77,77,77,77,77,77,77,77,77,77,77,77,77,77,77,77,77,77,77,77,77,77,77,91,91,91,91,91],"card_choices":[{"not_picked":["Outmaneuver","Acrobatics"],"picked":"Infinite Blades","floor":1},{"not_picked":["Deflect","Quick Slash"],"picked":"Underhanded Strike","floor":5},{"not_picked":["Dodge and Roll","PiercingWail"],"picked":"Deflect","floor":7},{"not_picked":["Blade Dance","Quick Slash","Well Laid Plans"],"picked":"Poisoned Stab","floor":10},{"not_picked":["Dodge and Roll","Dagger Spray","Burst"],"picked":"Finisher","floor":11},{"not_picked":["Flechettes","Dash","Distraction"],"picked":"Calculated Gamble","floor":12},{"not_picked":["Deflect","Deadly Poison","Footwork"],"picked":"Well Laid Plans","floor":13},{"not_picked":["Glass Knife","Tools of the Trade","Bullet Time"],"picked":"Adrenaline","floor":16},{"not_picked":["Masterful Stab","Flechettes","Dagger Spray"],"picked":"Blade Dance","floor":17},{"not_picked":["Slice","Sucker Punch","Prepared"],"picked":"Infinite Blades","floor":17},{"not_picked":["Burst","Flying Knee","Dagger Throw"],"picked":"Outmaneuver","floor":17},{"not_picked":["Deflect","Outmaneuver","Acrobatics"],"picked":"Well Laid Plans","floor":17},{"not_picked":["Crippling Poison","Acrobatics","Bullet Time"],"picked":"Blade Dance","floor":17},{"not_picked":["Prepared+1","Quick Slash","Dagger Spray"],"picked":"Endless Agony","floor":18},{"not_picked":["Eviscerate","PiercingWail","Masterful Stab"],"picked":"Predator","floor":20},{"not_picked":["Leg Sweep","Deadly Poison+1","Slice"],"picked":"Choke","floor":28},{"not_picked":["Outmaneuver","Dodge and Roll","Poisoned Stab"],"picked":"Die Die Die","floor":29}],"player_experience":3640,"relics_obtained":[{"floor":7,"key":"Peace Pipe"},{"floor":9,"key":"Question Card"},{"floor":26,"key":"Mango"}],"event_choices":[{"damage_healed":0,"gold_gain":0,"player_choice":"Success","damage_taken":12,"relics_obtained":["Pantograph"],"max_hp_gain":0,"max_hp_loss":0,"event_name":"Scrap Ooze","floor":2,"gold_loss":0},{"damage_healed":0,"gold_gain":175,"player_choice":"AGREE","damage_taken":0,"max_hp_gain":0,"max_hp_loss":0,"event_name":"Liars Game","floor":3,"gold_loss":0,"cards_obtained":["Doubt"]},{"damage_healed":25,"gold_gain":0,"player_choice":"Banana","damage_taken":0,"max_hp_gain":0,"max_hp_loss":0,"event_name":"Big Fish","floor":14,"gold_loss":0},{"cards_removed":["Strike_G"],"damage_healed":0,"gold_gain":0,"player_choice":"Gave Gold","damage_taken":0,"max_hp_gain":0,"max_hp_loss":0,"event_name":"Beggar","floor":21,"gold_loss":75},{"damage_healed":0,"gold_gain":0,"player_choice":"Opened","damage_taken":0,"relics_obtained":["Ninja Scroll"],"max_hp_gain":0,"max_hp_loss":0,"event_name":"The Mausoleum","floor":22,"gold_loss":0},{"damage_healed":0,"gold_gain":0,"player_choice":"Damaged","damage_taken":7,"max_hp_gain":0,"max_hp_loss":0,"event_name":"Wheel of Change","floor":24,"gold_loss":0}],"is_beta":false,"boss_relics":[{"not_picked":["Calling Bell","Eternal Feather"],"picked":"Orrery"}],"items_purged_floors":[],"is_endless":false,"potions_floor_spawned":[5,10,28,29],"killed_by":"Chosen and Byrds","ascension_level":0}