{"gold_per_floor":[13,29,49,62,137,137,170,170,170,170,170,14,49,66,66,169,169,179,197,213,20,20,20],"floor_reached":23,"playtime":3038,"items_purged":["Defend_B"],"score":201,"play_id":"3327ad35-df41-4c6d-bf88-e83db52bed0d","local_time":"20190808180253","is_ascension_mode":false,"campfire_choices":[{"floor":6.0,"key":"REST"},{"floor":8.0,"key":"REST"},{"data":"Fusion","floor":11.0,"key":"SMITH"},{"data":"1","floor":15.0,"key":"LIFT"}],"neow_cost":"NO_GOLD","seed_source_timestamp":0,"circlet_count":0,"master_deck":["Strike_B","Strike_B+1","Strike_B","Strike_B","Defend_B","Zap","Dualcast","Fusion+1","Redo","Static Discharge","Sweeping Beam","Cold Snap","Self Repair","Loop","Hello World","Seek","Chill","Self Repair","Darkness","Capacitor","Sunder","Stack"],"special_seed":0,"relics":["Cracked Core","Bag of Marbles","Matryoshka","Girya","Empty Cage"],"potions_floor_usage":[20],"damage_taken":[{"damage":5.0,"enemies":"Jaw Worm","floor":1.0,"turns":4.0},{"damage":3.0,"enemies":"Small Slimes","floor":2.0,"turns":3.0},{"damage":2.0,"enemies":"2 Louse","floor":3.0,"turns":3.0},{"damage":11.0,"enemies":"Blue Slaver","floor":4.0,"turns":3.0},{"damage":28.0,"enemies":"Gremlin Nob","floor":7.0,"turns":5.0},{"damage":25.0,"enemies":"3 Sentries","floor":13.0,"turns":5.0},{"damage":12.0,"enemies":"2 Fungi Beasts","floor":14.0,"turns":4.0},{"damage":31.0,"enemies":"Hexaghost","floor":16.0,"turns":8.0},{"damage":18,"enemies":"Spheric Guardian","floor":18,"turns":4},{"damage":43,"enemies":"2 Thieves","floor":19,"turns":4},{"damage":13,"enemies":"3 Cultists","floor":20,"turns":7},{"damage":72,"enemies":"Book of Stabbing","floor":23,"turns":5}],"seed_played":"-577892567757868209","potions_obtained":[{"floor":2.0,"key":"Block Potion"},{"floor":3.0,"key":"SkillPotion"},{"floor":7.0,"key":"Fire Potion"},{"floor":19,"key":"SkillPotion"}],"is_trial":false,"path_per_floor":["M","M","M","M","?","R","E","R","T","?","R","$","E","M","R","B",null,"M","M","M","$","?","E"],"character_chosen":"DEFECT","items_purchased":["Self Repair","Capacitor","Sunder","Stack"],"campfire_rested":2,"item_purchase_floors":[12,21,21,21],"current_hp_per_floor":[84,81,79,68,57,83,55,81,81,63,63,63,45,40,40,16,89,78,42,43,43,72,0],"gold":20,"neow_bonus":"TWENTY_PERCENT_HP_BONUS","is_prod":false,"is_daily":false,"chose_seed":false,"campfire_upgraded":1,"win_rate":0,"timestamp":1565305373,"path_taken":["M","M","M","M","?","R","E","R","T","?","R","$","E","M","R","BOSS","M","M","M","$","?","E"],"build_version":"2019-07-05","purchased_purges":1,"victory":false,"max_hp_per_floor":[89,89,89,89,89,89,89,89,89,89,89,89,89,89,89,89,89,89,89,89,89,89,89],"card_choices":[{"not_picked":["Steam","Sweeping Beam"],"picked":"Fusion","floor":1.0},{"not_picked":["Storm","Aggregate"],"picked":"Redo","floor":2.0},{"not_picked":["Leap","Gash"],"picked":"Static Discharge","floor":3.0},{"not_picked":["Rebound","Ball Lightning"],"picked":"Sweeping Beam","floor":4.0},{"not_picked":["Consume","Hologram"],"picked":"Cold Snap","floor":7.0},{"not_picked":["Biased Cognition","Barrage"],"picked":"Loop","floor":13.0},{"not_picked":["Coolheaded","Cold Snap"],"picked":"Hello World","floor":14.0},{"not_picked":["Electrodynamics","Biased Cognition"],"picked":"Seek","floor":16.0},{"not_picked":["Gash+1","Genetic Algorithm"],"picked":"Chill","floor":18},{"not_picked":["Turbo","Loop"],"picked":"Self Repair","floor":19},{"not_picked":["Fusion","Leap+1"],"picked":"Darkness","floor":20}],"player_experience":190697,"relics_obtained":[{"floor":7.0,"key":"Bag of Marbles"},{"floor":9.0,"key":"Matryoshka"},{"floor":13.0,"key":"Girya"}],"event_choices":[{"damage_healed":0.0,"max_hp_gain":0.0,"max_hp_loss":0.0,"gold_gain":75.0,"event_name":"World of Goop","player_choice":"Gather Gold","floor":5.0,"gold_loss":0.0,"damage_taken":11.0},{"damage_healed":0.0,"max_hp_gain":0.0,"max_hp_loss":0.0,"gold_gain":0.0,"event_name":"Shining Light","player_choice":"Entered Light","floor":10.0,"gold_loss":0.0,"damage_taken":18.0,"cards_upgraded":["Defend_B","Strike_B"]},{"damage_healed":29,"gold_gain":0,"player_choice":"Heal","damage_taken":0,"max_hp_gain":0,"max_hp_loss":0,"event_name":"The Library","floor":22,"gold_loss":0}],"is_beta":false,"boss_relics":[{"not_picked":["Tiny House","Ectoplasm"],"picked":"Empty Cage"}],"items_purged_floors":[12],"is_endless":false,"potions_floor_spawned":[2,3,7,19],"killed_by":"Book of Stabbing","ascension_level":0}