{"gold_per_floor":[113,38,50,50,67,92,92,109,136,136,152,170,188,88,88,191,191,206,55,55,72,83,83,117,132,155,174,28,127,127,141,141,141],"floor_reached":33,"playtime":1651,"items_purged":["Decay","Strike_R"],"score":352,"play_id":"8b314fb9-8583-437d-af66-3e96861e2ea5","local_time":"20190927173852","is_ascension_mode":true,"campfire_choices":[{"floor":7,"key":"REST"},{"data":"Apotheosis","floor":15,"key":"SMITH"},{"floor":23,"key":"REST"},{"data":"Combust","floor":32,"key":"SMITH"}],"neow_cost":"CURSE","seed_source_timestamp":1133811196074500,"circlet_count":0,"master_deck":["Strike_R","Strike_R+1","Strike_R+1","Defend_R","Defend_R","Defend_R","Defend_R","Bash","Apotheosis+1","Headbutt","Thunderclap","Ghostly Armor","Double Tap","Twin Strike","Combust+1","Shrug It Off","Immolate","Shrug It Off","Dual Wield","Whirlwind+1","Warcry+1","Sword Boomerang+1","Clumsy"],"relics":["Burning Blood","Potion Belt","Whetstone","Lantern","Cursed Key","ClockworkSouvenir","Self Forming Clay","Anchor","Lee\u0027s Waffle"],"potions_floor_usage":[16,24,24,24,27,33],"damage_taken":[{"damage":10,"enemies":"Cultist","floor":1,"turns":4},{"damage":11,"enemies":"Jaw Worm","floor":3,"turns":3},{"damage":15,"enemies":"2 Louse","floor":5,"turns":3},{"damage":31,"enemies":"3 Sentries","floor":6,"turns":9},{"damage":0,"enemies":"Exordium Wildlife","floor":8,"turns":4},{"damage":6,"enemies":"3 Louse","floor":11,"turns":2},{"damage":13,"enemies":"Red Slaver","floor":12,"turns":3},{"damage":2,"enemies":"2 Fungi Beasts","floor":13,"turns":3},{"damage":14,"enemies":"The Guardian","floor":16,"turns":10},{"damage":0,"enemies":"Chosen","floor":18,"turns":4},{"damage":11,"enemies":"Shell Parasite","floor":21,"turns":4},{"damage":38,"enemies":"Snake Plant","floor":22,"turns":5},{"damage":27,"enemies":"Gremlin Leader","floor":24,"turns":6},{"damage":12,"enemies":"Shelled Parasite and Fungi","floor":25,"turns":3},{"damage":23,"enemies":"Cultist and Chosen","floor":27,"turns":6},{"damage":11,"enemies":"Centurion and Healer","floor":31,"turns":4},{"damage":109,"enemies":"Collector","floor":33,"turns":7}],"seed_played":"2921845837633119233","potions_obtained":[{"floor":8,"key":"Block Potion"},{"floor":11,"key":"ElixirPotion"},{"floor":12,"key":"Energy Potion"},{"floor":16,"key":"LiquidBronze"},{"floor":21,"key":"BloodPotion"},{"floor":25,"key":"Weak Potion"},{"floor":31,"key":"Fire Potion"}],"is_trial":false,"path_per_floor":["M","$","M","?","M","E","R","M","T","?","M","M","M","$","R","B",null,"M","$","?","M","M","R","E","M","T","M","$","?","?","M","R","B"],"character_chosen":"IRONCLAD","items_purchased":["ClockworkSouvenir","Lee\u0027s Waffle"],"campfire_rested":2,"item_purchase_floors":[19,28],"current_hp_per_floor":[68,68,63,56,47,22,46,52,52,34,34,27,31,31,31,23,66,72,72,57,52,20,45,41,35,35,18,92,92,92,87,87,0],"gold":141,"neow_bonus":"RANDOM_COLORLESS_2","is_prod":false,"is_daily":false,"chose_seed":false,"campfire_upgraded":2,"win_rate":0,"timestamp":1569598732,"path_taken":["M","$","M","?","M","E","R","M","T","?","M","M","M","?","R","BOSS","M","$","?","M","M","R","E","M","T","M","$","?","?","M","R","BOSS"],"build_version":"2019-09-26","purchased_purges":2,"victory":false,"max_hp_per_floor":[80,80,80,80,80,80,80,80,80,80,80,80,80,80,80,80,80,80,80,85,85,85,85,85,85,85,85,92,92,92,92,92,92],"card_choices":[{"not_picked":["Panache","Mayhem"],"picked":"Apotheosis","floor":0},{"not_picked":["True Grit","Carnage"],"picked":"Headbutt","floor":1},{"not_picked":["Twin Strike","Hemokinesis"],"picked":"Thunderclap","floor":3},{"not_picked":["Heavy Blade","Flex"],"picked":"Ghostly Armor","floor":5},{"not_picked":["Bloodletting","Body Slam"],"picked":"Double Tap","floor":6},{"not_picked":["Headbutt","Flex"],"picked":"Twin Strike","floor":8},{"not_picked":["Sever Soul","Ghostly Armor"],"picked":"Combust","floor":11},{"not_picked":["Perfected Strike","Sever Soul"],"picked":"Shrug It Off","floor":12},{"not_picked":["Sword Boomerang","Feel No Pain"],"picked":"Immolate","floor":13},{"not_picked":["True Grit","Iron Wave"],"picked":"Shrug It Off","floor":18},{"not_picked":["Flex","Second Wind"],"picked":"Dual Wield","floor":21},{"not_picked":["Armaments","Spot Weakness"],"picked":"Whirlwind+1","floor":22},{"not_picked":["Burning Pact","Exhume"],"picked":"Warcry+1","floor":24},{"not_picked":["Armaments","Warcry"],"picked":"Sword Boomerang+1","floor":25},{"not_picked":["Armaments+1","Anger+1","Shockwave"],"picked":"SKIP","floor":27},{"not_picked":["Cleave+1","Iron Wave","Carnage"],"picked":"SKIP","floor":31}],"player_experience":297610,"relics_obtained":[{"floor":6,"key":"Potion Belt"},{"floor":9,"key":"Whetstone"},{"floor":24,"key":"Self Forming Clay"},{"floor":26,"key":"Anchor"}],"event_choices":[{"cards_removed":["Strike_R"],"damage_healed":0,"gold_gain":0,"player_choice":"Card Removal","damage_taken":7,"max_hp_gain":0,"max_hp_loss":0,"event_name":"Golden Wing","floor":4,"gold_loss":0},{"damage_healed":0,"gold_gain":0,"player_choice":"Success","damage_taken":18,"relics_obtained":["Lantern"],"max_hp_gain":0,"max_hp_loss":0,"event_name":"Scrap Ooze","floor":10,"gold_loss":0},{"damage_healed":0,"gold_gain":0,"player_choice":"Shed Blood","damage_taken":20,"max_hp_gain":5,"max_hp_loss":0,"event_name":"Forgotten Altar","floor":20,"gold_loss":0},{"damage_healed":0,"gold_gain":99,"player_choice":"Stole From Cult","damage_taken":0,"max_hp_gain":0,"max_hp_loss":0,"event_name":"Nest","floor":29,"gold_loss":0},{"damage_healed":0,"gold_gain":0,"cards_transformed":["Normality"],"player_choice":"Transformed","damage_taken":0,"max_hp_gain":0,"max_hp_loss":0,"event_name":"Transmorgrifier","floor":30,"gold_loss":0,"cards_obtained":["Clumsy"]}],"is_beta":true,"boss_relics":[{"not_picked":["Coffee Dripper","Ectoplasm"],"picked":"Cursed Key"}],"items_purged_floors":[2,14],"is_endless":false,"potions_floor_spawned":[8,11,12,16,21,25,31],"killed_by":"Collector","ascension_level":6}