{"gold_per_floor":[119,119,119,194,218,218,31,62,88,4,25,64,64,103,103,228,528,551,565,664,705,730,765,765,765],"floor_reached":25,"playtime":1264,"items_purged":[],"score":328,"play_id":"57c6b16b-52c1-435c-81d1-42f5111a8a0b","local_time":"20190929132608","is_ascension_mode":true,"campfire_choices":[{"data":"Streamline","floor":6.0,"key":"SMITH"},{"floor":13.0,"key":"REST"},{"data":"Consume","floor":15.0,"key":"SMITH"}],"neow_cost":"TEN_PERCENT_HP_LOSS","seed_source_timestamp":1291772218111500,"circlet_count":0,"master_deck":["Strike_B","Strike_B+1","Strike_B","Strike_B","Defend_B","Defend_B","Defend_B","Defend_B","Zap","Dualcast","Streamline+1","Melter","Glacier","Coolheaded","Discovery","Redo","Consume+1","Doom and Gloom+1","Echo Form","CurseOfTheBell","Blizzard","Hologram","Conserve Battery","Turbo"],"special_seed":0,"relics":["Cracked Core","Thread and Needle","Bottled Flame","Golden Idol","Runic Capacitor","Happy Flower","Dream Catcher","Ancient Tea Set","Shuriken","Calling Bell","Orichalcum","Blue Candle","Old Coin","Red Mask","Question Card","Whetstone"],"potions_floor_usage":[23,23,25],"damage_taken":[{"damage":0.0,"enemies":"Cultist","floor":1.0,"turns":3.0},{"damage":0.0,"enemies":"2 Louse","floor":5.0,"turns":2.0},{"damage":19.0,"enemies":"Gremlin Nob","floor":8.0,"turns":4.0},{"damage":6.0,"enemies":"Small Slimes","floor":11.0,"turns":3.0},{"damage":4.0,"enemies":"Lagavulin","floor":12.0,"turns":6.0},{"damage":2.0,"enemies":"Gremlin Nob","floor":14.0,"turns":4.0},{"damage":5.0,"enemies":"Slime Boss","floor":16.0,"turns":8.0},{"damage":0.0,"enemies":"Spheric Guardian","floor":18.0,"turns":2.0},{"damage":2.0,"enemies":"Chosen","floor":19.0,"turns":4.0},{"damage":36.0,"enemies":"Masked Bandits","floor":21.0,"turns":5.0},{"damage":17.0,"enemies":"Snecko","floor":22.0,"turns":6.0},{"damage":0,"enemies":"Book of Stabbing","floor":23,"turns":8},{"damage":7,"enemies":"Slavers","floor":25,"turns":1}],"seed_played":"-5239277017622419836","potions_obtained":[{"floor":1.0,"key":"Strength Potion"},{"floor":11.0,"key":"Swift Potion"},{"floor":18.0,"key":"Energy Potion"},{"floor":22.0,"key":"PowerPotion"},{"floor":23,"key":"Strength Potion"}],"is_trial":false,"path_per_floor":["M","T","?","?","M","R","$","E","T","$","M","E","R","E","R","B",null,"M","M","?","?","M","E","T","E"],"character_chosen":"DEFECT","items_purchased":["Runic Capacitor","Glacier","Discovery"],"campfire_rested":1,"item_purchase_floors":[7,7,10],"current_hp_per_floor":[68,68,51,40,40,40,40,21,21,21,15,11,31,29,29,24,57,57,55,55,19,2,2,2,0],"gold":765,"neow_bonus":"ONE_RARE_RELIC","is_prod":false,"is_daily":false,"chose_seed":false,"campfire_upgraded":2,"win_rate":0,"timestamp":1569756368,"path_taken":["M","?","?","?","M","R","$","E","T","?","M","E","R","E","R","BOSS","M","M","?","?","M","E","?","E"],"build_version":"2019-09-27","purchased_purges":0,"victory":false,"max_hp_per_floor":[68,68,68,68,68,68,68,68,68,68,68,68,68,68,68,68,68,68,68,68,68,68,68,68,68],"card_choices":[{"not_picked":["Reinforced Body","Chill"],"picked":"Streamline","floor":1.0},{"not_picked":["Chill","Reinforced Body"],"picked":"Melter","floor":5.0},{"not_picked":["Hologram","Streamline"],"picked":"Coolheaded","floor":8.0},{"not_picked":["Sweeping Beam","Beam Cell"],"picked":"Redo","floor":11.0},{"not_picked":["Lockon","Beam Cell"],"picked":"Consume","floor":12.0},{"not_picked":["All For One","Redo"],"picked":"Doom and Gloom","floor":14.0},{"not_picked":["Reboot","Biased Cognition"],"picked":"Echo Form","floor":16.0},{"not_picked":["Beam Cell+1","Melter"],"picked":"Blizzard","floor":18.0},{"not_picked":["Steam","Hello World"],"picked":"Hologram","floor":19.0},{"not_picked":["Blizzard+1","Steam+1"],"picked":"Conserve Battery","floor":21.0},{"not_picked":["Steam","Conserve Battery+1","Compile Driver"],"picked":"SKIP","floor":22.0},{"not_picked":["Thunder Strike","Reprogram"],"picked":"Turbo","floor":23}],"player_experience":313873,"relics_obtained":[{"floor":2.0,"key":"Bottled Flame"},{"floor":8.0,"key":"Happy Flower"},{"floor":9.0,"key":"Dream Catcher"},{"floor":12.0,"key":"Ancient Tea Set"},{"floor":14.0,"key":"Shuriken"},{"floor":17.0,"key":"Orichalcum"},{"floor":17.0,"key":"Blue Candle"},{"floor":17.0,"key":"Old Coin"},{"floor":21.0,"key":"Red Mask"},{"floor":23,"key":"Question Card"},{"floor":24,"key":"Whetstone"}],"event_choices":[{"damage_healed":0.0,"max_hp_gain":0.0,"max_hp_loss":0.0,"gold_gain":0.0,"event_name":"Golden Idol","player_choice":"Take Damage","floor":3.0,"gold_loss":0.0,"damage_taken":17.0,"relics_obtained":["Golden Idol"]},{"damage_healed":0.0,"max_hp_gain":0.0,"max_hp_loss":0.0,"gold_gain":75.0,"event_name":"World of Goop","player_choice":"Gather Gold","floor":4.0,"gold_loss":0.0,"damage_taken":11.0},{"damage_healed":0.0,"max_hp_gain":0.0,"max_hp_loss":0.0,"gold_gain":99.0,"event_name":"Nest","player_choice":"Stole From Cult","floor":20.0,"gold_loss":0.0,"damage_taken":0.0},{"damage_healed":0.0,"max_hp_gain":0.0,"max_hp_loss":0.0,"gold_gain":0.0,"event_name":"Masked Bandits","player_choice":"Fought Bandits","floor":21.0,"gold_loss":0.0,"damage_taken":0.0}],"is_beta":true,"boss_relics":[{"not_picked":["Black Star","Velvet Choker"],"picked":"Calling Bell"}],"items_purged_floors":[],"is_endless":false,"potions_floor_spawned":[1,11,18,22,23],"killed_by":"Slavers","ascension_level":5}