{"gold_per_floor":[118,129,140,160,170,170,231,231,257,289,313,313,313,327,327,424,424,411,421,421,421,421,421,440,470,470,481,501,518,551,585,585,585],"floor_reached":33,"playtime":3984,"items_purged":[],"score":339,"play_id":"ed002cd5-2990-43b6-adb8-7a6f12def30e","local_time":"20190815183018","is_ascension_mode":true,"campfire_choices":[{"floor":6,"key":"RECALL"},{"data":"Searing Blow","floor":8,"key":"SMITH"},{"data":"Demon Form","floor":13,"key":"SMITH"},{"floor":15,"key":"REST"},{"floor":23,"key":"REST"},{"floor":32,"key":"REST"}],"neow_cost":"CURSE","seed_source_timestamp":93912627563900,"circlet_count":0,"master_deck":["Strike_R","Strike_R","Strike_R","Strike_R","Strike_R","Defend_R","Defend_R","Defend_R","Defend_R","Bash","Parasite","Demon Form+1","Pommel Strike","True Grit","Cleave","Searing Blow+1","Intimidate","Bludgeon","Heavy Blade","Ghostly Armor","Reaper","Second Wind+1","Clothesline","Writhe","Pummel","Thunderclap","Rampage+1","Warcry+1","Seeing Red+1","Uppercut","Havoc"],"relics":["Burning Blood","Tiny Chest","Boot","Red Skull","Calipers","Lizard Tail","Orichalcum","Pear","Vajra","Peace Pipe","Red Mask"],"potions_floor_usage":[7,10,10,18,25,25,27,27,27,27,28,30],"damage_taken":[{"damage":5,"enemies":"Cultist","floor":1,"turns":4},{"damage":13,"enemies":"Jaw Worm","floor":2,"turns":4},{"damage":0,"enemies":"Small Slimes","floor":3,"turns":3},{"damage":13,"enemies":"2 Fungi Beasts","floor":4,"turns":3},{"damage":18,"enemies":"Large Slime","floor":5,"turns":7},{"damage":14,"enemies":"Lagavulin","floor":7,"turns":7},{"damage":24,"enemies":"3 Sentries","floor":10,"turns":4},{"damage":3,"enemies":"Gremlin Gang","floor":14,"turns":3},{"damage":44,"enemies":"Slime Boss","floor":16,"turns":7},{"damage":29,"enemies":"2 Thieves","floor":18,"turns":5},{"damage":38,"enemies":"Spheric Guardian","floor":19,"turns":6},{"damage":40,"enemies":"Snake Plant","floor":24,"turns":6},{"damage":61,"enemies":"Gremlin Leader","floor":25,"turns":7},{"damage":5,"enemies":"Centurion and Healer","floor":27,"turns":4},{"damage":28,"enemies":"Shelled Parasite and Fungi","floor":28,"turns":5},{"damage":19,"enemies":"Snake Plant","floor":29,"turns":5},{"damage":56,"enemies":"Slavers","floor":30,"turns":6},{"damage":39,"enemies":"Masked Bandits","floor":31,"turns":6},{"damage":80,"enemies":"Collector","floor":33,"turns":7}],"seed_played":"4701226022761396280","potions_obtained":[{"floor":2,"key":"SkillPotion"},{"floor":4,"key":"Fire Potion"},{"floor":5,"key":"PowerPotion"},{"floor":14,"key":"SpeedPotion"},{"floor":22,"key":"EssenceOfSteel"},{"floor":22,"key":"Regen Potion"},{"floor":22,"key":"SpeedPotion"},{"floor":25,"key":"EntropicBrew"},{"floor":27,"key":"Regen Potion"},{"floor":28,"key":"Dexterity Potion"}],"is_trial":false,"path_per_floor":["M","M","M","M","M","R","E","R","T","E","T","T","R","M","R","B",null,"M","M","?","?","?","R","M","E","T","M","M","M","E","?","R","B"],"character_chosen":"IRONCLAD","items_purchased":[],"campfire_rested":3,"item_purchase_floors":[],"current_hp_per_floor":[80,73,79,72,60,60,52,52,52,34,34,34,34,37,61,23,80,67,35,35,20,20,45,18,18,18,47,39,34,51,28,56,0],"gold":585,"neow_bonus":"THREE_RARE_CARDS","is_prod":false,"is_daily":false,"chose_seed":false,"campfire_upgraded":2,"win_rate":0,"timestamp":1565911818,"path_taken":["M","M","M","M","M","R","E","R","T","E","?","?","R","?","R","BOSS","M","M","?","?","?","R","M","E","T","M","?","M","E","?","R","BOSS"],"build_version":"2019-07-05","purchased_purges":0,"victory":false,"max_hp_per_floor":[80,80,80,80,80,80,80,80,80,80,80,80,80,80,80,80,80,80,80,80,85,85,85,85,95,95,95,95,95,95,95,95,95],"card_choices":[{"not_picked":["Double Tap","Fiend Fire"],"picked":"Demon Form","floor":0},{"not_picked":["Shockwave","Headbutt"],"picked":"Pommel Strike","floor":1},{"not_picked":["Fire Breathing","Wild Strike"],"picked":"True Grit","floor":2},{"not_picked":["Flex","True Grit"],"picked":"Cleave","floor":3},{"not_picked":["Entrench","True Grit"],"picked":"Searing Blow","floor":4},{"not_picked":["Twin Strike","Bloodletting"],"picked":"Intimidate","floor":5},{"not_picked":["Havoc","Sword Boomerang"],"picked":"Bludgeon","floor":7},{"not_picked":["Uppercut","Rage"],"picked":"Heavy Blade","floor":10},{"not_picked":["Cleave","Flex"],"picked":"Ghostly Armor","floor":14},{"not_picked":["Feed","Dark Embrace"],"picked":"Reaper","floor":16},{"not_picked":["Corruption","Dual Wield+1"],"picked":"Second Wind+1","floor":18},{"not_picked":["Clash","Twin Strike"],"picked":"Clothesline","floor":19},{"not_picked":["Iron Wave","Combust"],"picked":"Pummel","floor":24},{"not_picked":["Perfected Strike","Twin Strike"],"picked":"Thunderclap","floor":25},{"not_picked":["Burning Pact","Wild Strike+1"],"picked":"Rampage+1","floor":27},{"not_picked":["Hemokinesis+1","Wild Strike"],"picked":"Warcry+1","floor":28},{"not_picked":["Pummel","Clothesline+1"],"picked":"Seeing Red+1","floor":29},{"not_picked":["Warcry","Wild Strike"],"picked":"Uppercut","floor":30},{"not_picked":["Shockwave","Intimidate+1"],"picked":"Havoc","floor":31}],"player_experience":345338,"relics_obtained":[{"floor":7,"key":"Tiny Chest"},{"floor":10,"key":"Boot"},{"floor":11,"key":"Red Skull"},{"floor":12,"key":"Calipers"},{"floor":25,"key":"Pear"},{"floor":26,"key":"Vajra"},{"floor":30,"key":"Peace Pipe"},{"floor":31,"key":"Red Mask"}],"event_choices":[{"damage_healed":0,"gold_gain":0,"player_choice":"Opened","damage_taken":0,"relics_obtained":["Orichalcum"],"max_hp_gain":0,"max_hp_loss":0,"event_name":"The Mausoleum","floor":20,"gold_loss":0,"cards_obtained":["Writhe"]},{"damage_healed":0,"gold_gain":0,"player_choice":"Shed Blood","damage_taken":20,"max_hp_gain":5,"max_hp_loss":0,"event_name":"Forgotten Altar","floor":21,"gold_loss":0},{"damage_healed":0,"gold_gain":0,"player_choice":"Got Potions","damage_taken":0,"max_hp_gain":0,"max_hp_loss":0,"event_name":"Lab","floor":22,"gold_loss":0},{"damage_healed":0,"gold_gain":0,"player_choice":"Fought Bandits","damage_taken":0,"max_hp_gain":0,"max_hp_loss":0,"event_name":"Masked Bandits","floor":31,"gold_loss":0}],"is_beta":false,"boss_relics":[{"not_picked":["Runic Cube","Tiny House"],"picked":"Lizard Tail"}],"items_purged_floors":[],"is_endless":false,"potions_floor_spawned":[2,4,5,14,25,27,28],"killed_by":"Collector","ascension_level":1}