{"gold_per_floor":[116,130,130,143,143,203,213,225,225,31,48,78,89,100,100,200,200,220,220,236,255,266,266,266,284,284,300,44,44,57,57,57,156,206,222,222,234,249,259,259,278,278,278,77,77,27,47,67,67,67],"floor_reached":50,"playtime":7480,"items_purged":["Defend_G"],"score":514,"play_id":"4e6b58e3-8886-46b6-950b-7980720eda0f","local_time":"20190808013325","is_ascension_mode":false,"campfire_choices":[{"floor":15.0,"key":"REST"},{"floor":23,"key":"REST"},{"floor":29,"key":"REST"},{"data":"Ghostly","floor":32,"key":"SMITH"},{"data":"Venomology","floor":40,"key":"SMITH"},{"data":"Riddle With Holes","floor":45,"key":"SMITH"},{"data":"Predator","floor":49,"key":"SMITH"}],"neow_cost":"NONE","seed_source_timestamp":0,"circlet_count":0,"master_deck":["Strike_G","Strike_G","Strike_G","Strike_G","Strike_G","Defend_G","Defend_G","Defend_G","Survivor","Neutralize","Noxious Fumes","Dagger Spray","Glass Knife","Pain","Backstab","Bane","Leg Sweep","Blur","Bane","Crippling Poison","Predator+1","Adrenaline","Terror+1","Venomology+1","Dagger Spray+1","After Image+1","Infinite Blades","Necronomicurse","Quick Slash+1","Dagger Throw+1","Calculated Gamble","Ghostly+1","Ghostly","Ghostly","Ghostly","Ghostly","Tools of the Trade+1","Caltrops","Riddle With Holes+1","Infinite Blades+1","Parasite","Well Laid Plans","Choke","Acrobatics","Corpse Explosion","Underhanded Strike"],"special_seed":0,"relics":["Ring of the Snake","WarpedTongs","Tiny Chest","Sundial","Toy Ornithopter","Ninja Scroll","Eternal Feather","Necronomicon","Question Card","ClockworkSouvenir","Tiny House","Du-Vu Doll"],"potions_floor_usage":[21,22,22,25,27,30,33,33,33,33,37,38,38,39,47,50,50,50],"damage_taken":[{"damage":0.0,"enemies":"2 Louse","floor":1.0,"turns":4.0},{"damage":0.0,"enemies":"Cultist","floor":2.0,"turns":4.0},{"damage":5.0,"enemies":"Small Slimes","floor":4.0,"turns":4.0},{"damage":16.0,"enemies":"Lagavulin","floor":6.0,"turns":5.0},{"damage":5.0,"enemies":"Looter","floor":7.0,"turns":2.0},{"damage":3.0,"enemies":"Large Slime","floor":8.0,"turns":4.0},{"damage":5.0,"enemies":"3 Louse","floor":11.0,"turns":3.0},{"damage":15.0,"enemies":"3 Sentries","floor":12.0,"turns":6.0},{"damage":5.0,"enemies":"Gremlin Gang","floor":13.0,"turns":1.0},{"damage":0.0,"enemies":"2 Fungi Beasts","floor":14.0,"turns":1.0},{"damage":49.0,"enemies":"The Guardian","floor":16.0,"turns":11.0},{"damage":16,"enemies":"2 Thieves","floor":18,"turns":4},{"damage":9,"enemies":"Shell Parasite","floor":20,"turns":3},{"damage":21,"enemies":"Cultist and Chosen","floor":21,"turns":6},{"damage":18,"enemies":"Snecko","floor":22,"turns":6},{"damage":20,"enemies":"Snake Plant","floor":25,"turns":5},{"damage":9,"enemies":"3 Cultists","floor":27,"turns":5},{"damage":3,"enemies":"Snecko","floor":30,"turns":4},{"damage":24,"enemies":"Champ","floor":33,"turns":12},{"damage":20,"enemies":"3 Shapes","floor":35,"turns":3},{"damage":5,"enemies":"3 Darklings","floor":37,"turns":7},{"damage":11,"enemies":"Writhing Mass","floor":38,"turns":3},{"damage":18,"enemies":"Maw","floor":39,"turns":7},{"damage":4,"enemies":"Spire Growth","floor":41,"turns":5},{"damage":10,"enemies":"Writhing Mass","floor":47,"turns":4},{"damage":7,"enemies":"3 Darklings","floor":48,"turns":5},{"damage":52,"enemies":"Awakened One","floor":50,"turns":11}],"seed_played":"3318482153467976239","potions_obtained":[{"floor":0.0,"key":"Fire Potion"},{"floor":0.0,"key":"AttackPotion"},{"floor":0.0,"key":"GamblersBrew"},{"floor":6.0,"key":"Swift Potion"},{"floor":11.0,"key":"Poison Potion"},{"floor":12.0,"key":"Strength Potion"},{"floor":13.0,"key":"Energy Potion"},{"floor":16.0,"key":"LiquidBronze"},{"floor":18,"key":"GhostInAJar"},{"floor":25,"key":"AttackPotion"},{"floor":27,"key":"Strength Potion"},{"floor":34,"key":"Block Potion"},{"floor":37,"key":"SteroidPotion"},{"floor":41,"key":"GhostInAJar"},{"floor":47,"key":"GhostInAJar"},{"floor":48,"key":"AttackPotion"}],"is_trial":false,"path_per_floor":["M","M","$","M","?","E","M","M","T","$","M","E","M","M","R","B",null,"M","?","M","M","M","R","?","M","T","M","$","R","M","?","R","B",null,"M","?","M","M","M","R","M","?","T","$","R","$","M","M","R","B"],"character_chosen":"THE_SILENT","items_purchased":["Toy Ornithopter","ClockworkSouvenir","PowerPotion","Choke","SkillPotion","Acrobatics"],"campfire_rested":3,"item_purchase_floors":[10,28,28,44,44,46],"current_hp_per_floor":[70,70,70,65,65,49,44,41,41,41,36,31,31,31,52,8,70,54,54,45,29,21,57,41,26,26,22,22,61,63,35,35,14,40,20,20,20,19,6,30,26,26,26,26,40,40,35,28,40,0],"gold":67,"neow_bonus":"THREE_SMALL_POTIONS","is_prod":false,"is_daily":false,"chose_seed":false,"campfire_upgraded":4,"win_rate":0,"timestamp":1565246005,"path_taken":["M","M","$","M","?","E","?","M","T","$","M","E","M","M","R","BOSS","M","?","?","M","M","R","?","M","T","M","$","R","M","?","R","BOSS","M","?","M","?","M","R","M","?","T","?","R","$","?","M","R","BOSS"],"build_version":"2019-07-05","purchased_purges":1,"victory":false,"max_hp_per_floor":[70,70,70,70,70,70,70,70,70,70,70,70,70,70,70,70,70,70,70,70,70,70,70,70,70,70,70,70,70,70,35,35,35,40,40,40,40,40,40,40,40,40,40,40,40,40,40,40,40,40],"card_choices":[{"not_picked":["Dagger Spray","Backflip"],"picked":"Noxious Fumes","floor":1.0},{"not_picked":["Prepared","Poisoned Stab"],"picked":"Dagger Spray","floor":2.0},{"not_picked":["Endless Agony","Prepared"],"picked":"Glass Knife","floor":4.0},{"not_picked":["Leg Sweep","Blade Dance"],"picked":"Backstab","floor":6.0},{"not_picked":["Reflex","Outmaneuver"],"picked":"Bane","floor":7.0},{"not_picked":["Blade Dance","Accuracy"],"picked":"Leg Sweep","floor":8.0},{"not_picked":["Outmaneuver","Deflect"],"picked":"Blur","floor":11.0},{"not_picked":["Bouncing Flask","Blur"],"picked":"Bane","floor":12.0},{"not_picked":["Backflip","Outmaneuver"],"picked":"Crippling Poison","floor":13.0},{"not_picked":["Dash","Bane"],"picked":"Predator","floor":14.0},{"not_picked":["Envenom","After Image"],"picked":"Adrenaline","floor":16.0},{"not_picked":["Deadly Poison","Slice"],"picked":"Terror+1","floor":18},{"not_picked":["Bane","Crippling Poison"],"picked":"Dagger Spray+1","floor":20},{"not_picked":["PiercingWail+1","Flying Knee"],"picked":"After Image","floor":21},{"not_picked":["Dagger Throw","Terror"],"picked":"Infinite Blades","floor":22},{"not_picked":["Terror+1","Catalyst+1"],"picked":"Quick Slash+1","floor":25},{"not_picked":["Expertise","Quick Slash","Backflip"],"picked":"Dagger Throw+1","floor":27},{"not_picked":["Leg Sweep","Reflex","Underhanded Strike+1"],"picked":"Calculated Gamble","floor":30},{"not_picked":["Doppelganger","Storm of Steel","Burst"],"picked":"Tools of the Trade","floor":33},{"not_picked":["Blade Dance","Quick Slash+1","Bane"],"picked":"Caltrops","floor":34},{"not_picked":["Footwork","Quick Slash","Cloak And Dagger"],"picked":"Riddle With Holes","floor":35},{"not_picked":["Flying Knee+1","Quick Slash+1","Riddle With Holes+1"],"picked":"Infinite Blades+1","floor":37},{"not_picked":["Quick Slash","After Image","Backstab+1","Heel Hook+1"],"picked":"SKIP","floor":38},{"not_picked":["Prepared","Poisoned Stab+1","Slice","Backflip"],"picked":"SKIP","floor":39},{"not_picked":["Underhanded Strike","Backstab+1","Outmaneuver"],"picked":"Well Laid Plans","floor":41},{"not_picked":["Choke+1","Dagger Throw","Deadly Poison"],"picked":"Corpse Explosion","floor":47},{"not_picked":["Heel Hook+1","Quick Slash+1","Calculated Gamble+1"],"picked":"Underhanded Strike","floor":48}],"player_experience":183217,"relics_obtained":[{"floor":6.0,"key":"Tiny Chest"},{"floor":9.0,"key":"Sundial"},{"floor":12.0,"key":"Ninja Scroll"},{"floor":24,"key":"Necronomicon"},{"floor":26,"key":"Question Card"},{"floor":43,"key":"Du-Vu Doll"}],"event_choices":[{"damage_healed":0.0,"max_hp_gain":0.0,"max_hp_loss":0.0,"gold_gain":0.0,"event_name":"Accursed Blacksmith","player_choice":"Rummage","floor":5.0,"gold_loss":0.0,"damage_taken":0.0,"relics_obtained":["WarpedTongs"],"cards_obtained":["Pain"]},{"damage_healed":0,"gold_gain":0,"cards_transformed":["Defend_G"],"player_choice":"Transformed","damage_taken":0,"max_hp_gain":0,"max_hp_loss":0,"event_name":"Transmorgrifier","floor":19,"gold_loss":0,"cards_obtained":["Venomology"]},{"damage_healed":0,"gold_gain":0,"player_choice":"Obtained Book","damage_taken":16,"max_hp_gain":0,"max_hp_loss":0,"event_name":"Cursed Tome","floor":24,"gold_loss":0},{"damage_healed":0,"gold_gain":0,"player_choice":"Became a Ghost","damage_taken":0,"max_hp_gain":0,"max_hp_loss":35,"event_name":"Ghosts","floor":31,"gold_loss":0,"cards_obtained":["Ghostly","Ghostly","Ghostly","Ghostly","Ghostly"]},{"damage_healed":0,"gold_gain":0,"player_choice":"Upgraded","damage_taken":0,"max_hp_gain":0,"max_hp_loss":0,"event_name":"Upgrade Shrine","floor":36,"gold_loss":0,"cards_upgraded":["After Image"]},{"damage_healed":0,"gold_gain":0,"player_choice":"Ignored","damage_taken":0,"max_hp_gain":0,"max_hp_loss":0,"event_name":"Mysterious Sphere","floor":42,"gold_loss":0}],"is_beta":false,"boss_relics":[{"not_picked":["Coffee Dripper","Cursed Key"],"picked":"Eternal Feather"},{"not_picked":["Sozu","Snecko Eye"],"picked":"Tiny House"}],"items_purged_floors":[44],"is_endless":false,"potions_floor_spawned":[4,6,11,12,13,16,18,25,27,37,41,47,48],"killed_by":"Awakened One","ascension_level":0}