{"gold_per_floor":[112,112,112,131,149,149,177,177,177,211,227,257,272,287,287,389,389,402,412,422,432,444,477,487,487,556,556,63,63,76,91,91,194,194,213,213,213,226,236,236,269,289,289,316,332,345,345,372,372,372],"floor_reached":51,"playtime":4748,"items_purged":["Fusion"],"score":1102,"play_id":"1686736f-e8c3-45c1-b136-90dea8fcfc10","local_time":"20190926013100","is_ascension_mode":true,"campfire_choices":[{"data":"Dualcast","floor":6.0,"key":"SMITH"},{"data":"Streamline","floor":8.0,"key":"SMITH"},{"data":"Seek","floor":15.0,"key":"SMITH"},{"data":"Creative AI","floor":25,"key":"SMITH"},{"data":"Defragment","floor":27,"key":"SMITH"},{"floor":32,"key":"REST"},{"data":"Apotheosis","floor":40,"key":"SMITH"},{"floor":49,"key":"RECALL"}],"neow_cost":"NONE","seed_source_timestamp":986222904485100,"circlet_count":0,"master_deck":["Zap+1","Dualcast+1","Doom and Gloom+1","Go for the Eyes+1","Streamline+1","Seek+1","FTL+1","Coolheaded+1","BootSequence+1","Redo+1","Creative AI+1","Chill+1","Storm+1","Conserve Battery+1","Undo+1","Rip and Tear+1","Defragment+1","Hologram+1","Blizzard+1","Capacitor+1","Stack+1","Biased Cognition+1","Amplify+1","Chaos+1","Steam Power+1","Echo Form+1","Apotheosis+1","Force Field+1","Melter+1","Buffer+1","Turbo+1"],"special_seed":0,"relics":["Cracked Core","Bag of Preparation","Dream Catcher","Whetstone","Mercury Hourglass","Bronze Scales","Vajra","Pandora\u0027s Box","Strawberry","Darkstone Periapt","Tiny Chest","Oddly Smooth Stone","HornCleat","Coffee Dripper","Potion Belt","Bottled Tornado","Gremlin Horn","Mark of the Bloom","War Paint"],"potions_floor_usage":[45,48,48,50,50],"damage_taken":[{"damage":0.0,"enemies":"2 Louse","floor":1.0,"turns":3.0},{"damage":4.0,"enemies":"Jaw Worm","floor":4.0,"turns":4.0},{"damage":0.0,"enemies":"Cultist","floor":5.0,"turns":3.0},{"damage":15.0,"enemies":"Lagavulin","floor":7.0,"turns":6.0},{"damage":10.0,"enemies":"Gremlin Nob","floor":10.0,"turns":3.0},{"damage":0.0,"enemies":"Lots of Slimes","floor":11.0,"turns":2.0},{"damage":0.0,"enemies":"3 Sentries","floor":12.0,"turns":3.0},{"damage":0.0,"enemies":"Gremlin Gang","floor":13.0,"turns":1.0},{"damage":0.0,"enemies":"Red Slaver","floor":14.0,"turns":2.0},{"damage":6.0,"enemies":"Hexaghost","floor":16.0,"turns":7.0},{"damage":4.0,"enemies":"Shell Parasite","floor":18.0,"turns":4.0},{"damage":0.0,"enemies":"3 Byrds","floor":19.0,"turns":2.0},{"damage":5.0,"enemies":"Sentry and Sphere","floor":20.0,"turns":3.0},{"damage":6.0,"enemies":"Chosen and Byrds","floor":21.0,"turns":5.0},{"damage":3.0,"enemies":"Cultist and Chosen","floor":22.0,"turns":6.0},{"damage":60.0,"enemies":"Slavers","floor":23.0,"turns":4.0},{"damage":0.0,"enemies":"Snecko","floor":24.0,"turns":5.0},{"damage":0,"enemies":"Chosen and Byrds","floor":30,"turns":3},{"damage":1,"enemies":"Centurion and Healer","floor":31,"turns":4},{"damage":0,"enemies":"Collector","floor":33,"turns":8},{"damage":0,"enemies":"3 Shapes","floor":35,"turns":4},{"damage":0,"enemies":"Orb Walker","floor":38,"turns":3},{"damage":0,"enemies":"Maw","floor":39,"turns":5},{"damage":0,"enemies":"Giant Head","floor":41,"turns":7},{"damage":8,"enemies":"Jaw Worm Horde","floor":42,"turns":3},{"damage":11,"enemies":"Nemesis","floor":44,"turns":8},{"damage":0,"enemies":"Writhing Mass","floor":45,"turns":5},{"damage":0,"enemies":"Transient","floor":46,"turns":5},{"damage":29,"enemies":"Giant Head","floor":48,"turns":8},{"damage":1,"enemies":"Donu and Deca","floor":50,"turns":14}],"seed_played":"-6525029428764628622","potions_obtained":[{"floor":4.0,"key":"Block Potion"},{"floor":7.0,"key":"SpeedPotion"},{"floor":10.0,"key":"FearPotion"},{"floor":11.0,"key":"SneckoOil"},{"floor":13.0,"key":"SkillPotion"},{"floor":14.0,"key":"SneckoOil"},{"floor":20.0,"key":"EntropicBrew"},{"floor":30,"key":"Fire Potion"},{"floor":33,"key":"AttackPotion"},{"floor":38,"key":"FocusPotion"},{"floor":44,"key":"Fire Potion"},{"floor":45,"key":"Regen Potion"}],"is_trial":false,"path_per_floor":["M","?","?","M","M","R","E","R","T","E","M","E","M","M","R","B",null,"M","M","M","M","M","E","M","R","T","R","$","T","M","M","R","B",null,"M","?","?","M","M","R","E","M","T","E","M","M","?","E","R","B",null],"character_chosen":"DEFECT","items_purchased":["Tiny Chest","Oddly Smooth Stone","Amplify"],"campfire_rested":1,"item_purchase_floors":[28,28,28],"current_hp_per_floor":[75,72,72,68,68,68,53,53,53,43,43,43,43,43,43,37,75,71,71,66,60,57,29,29,29,29,29,29,29,29,28,52,52,82,82,82,82,82,82,82,82,74,74,63,63,63,63,34,34,33],"gold":372,"neow_bonus":"RANDOM_COMMON_RELIC","is_prod":false,"is_daily":false,"chose_seed":false,"campfire_upgraded":6,"win_rate":0,"timestamp":1569454260,"path_taken":["M","?","?","M","M","R","E","R","T","E","?","E","?","M","R","BOSS","M","M","?","M","?","E","?","R","T","R","$","?","M","M","R","BOSS","M","?","?","M","M","R","E","M","T","E","?","M","?","E","R","BOSS"],"build_version":"2019-09-25","purchased_purges":1,"victory":true,"max_hp_per_floor":[75,75,75,75,75,75,75,75,75,75,75,75,75,75,75,75,75,75,75,75,75,75,82,82,82,82,82,82,82,82,82,82,82,82,82,82,82,82,82,82,82,82,82,82,82,82,82,82,82,82],"card_choices":[{"not_picked":["Gash","Ball Lightning"],"picked":"Barrage","floor":1.0},{"not_picked":["Tempest","Hologram"],"picked":"Doom and Gloom","floor":4.0},{"not_picked":["Undo","Barrage"],"picked":"Go for the Eyes","floor":5.0},{"not_picked":["Cold Snap","Leap"],"picked":"Streamline","floor":7.0},{"not_picked":["Compile Driver","Conserve Battery"],"picked":"Seek","floor":10.0},{"not_picked":["Auto Shields","Barrage"],"picked":"FTL","floor":11.0},{"not_picked":["Turbo","Gash"],"picked":"Coolheaded","floor":12.0},{"not_picked":["Gash","Compile Driver"],"picked":"BootSequence","floor":13.0},{"not_picked":["Coolheaded","BootSequence"],"picked":"Redo","floor":14.0},{"not_picked":["Multi-Cast","Buffer"],"picked":"Creative AI","floor":16.0},{"not_picked":["Barrage","Genetic Algorithm"],"picked":"Hologram","floor":18.0},{"not_picked":["Doom and Gloom","Barrage"],"picked":"Blizzard+1","floor":19.0},{"not_picked":["Recycle+1","Static Discharge"],"picked":"Capacitor","floor":20.0},{"not_picked":["Blizzard","Conserve Battery+1","Compile Driver+1"],"picked":"SKIP","floor":21.0},{"not_picked":["Gash","Streamline+1"],"picked":"Stack","floor":22.0},{"not_picked":["Stack","Turbo"],"picked":"Biased Cognition","floor":23.0},{"not_picked":["Heatsinks","Stack","Sweeping Beam"],"picked":"SKIP","floor":24},{"not_picked":["Compile Driver","Streamline+1"],"picked":"Chaos+1","floor":30},{"not_picked":["Streamline","Tempest"],"picked":"Steam Power","floor":31},{"not_picked":["Multi-Cast","All For One"],"picked":"Echo Form","floor":33},{"not_picked":["Stack","Go for the Eyes+1","FTL"],"picked":"SKIP","floor":35},{"not_picked":["Secret Weapon","The Bomb"],"picked":"Apotheosis","floor":37},{"not_picked":["BootSequence","Reinforced Body"],"picked":"Force Field+1","floor":38},{"not_picked":["Rebound","Compile Driver"],"picked":"Melter+1","floor":39},{"not_picked":["FTL","Cold Snap+1","Hologram"],"picked":"SKIP","floor":41},{"not_picked":["Turbo+1","Gash","Barrage"],"picked":"SKIP","floor":42},{"not_picked":["Coolheaded","Leap"],"picked":"Buffer","floor":44},{"not_picked":["Darkness+1","Compile Driver+1"],"picked":"Turbo+1","floor":45},{"not_picked":["Redo+1","Doom and Gloom","Chaos+1"],"picked":"SKIP","floor":46},{"not_picked":["Cold Snap","Streamline","FTL+1"],"picked":"SKIP","floor":48}],"player_experience":278080,"relics_obtained":[{"floor":7.0,"key":"Whetstone"},{"floor":9.0,"key":"Mercury Hourglass"},{"floor":10.0,"key":"Bronze Scales"},{"floor":12.0,"key":"Vajra"},{"floor":23.0,"key":"Strawberry"},{"floor":26,"key":"Darkstone Periapt"},{"floor":29,"key":"HornCleat"},{"floor":41,"key":"Potion Belt"},{"floor":43,"key":"Bottled Tornado"},{"floor":44,"key":"Gremlin Horn"},{"floor":48,"key":"War Paint"}],"event_choices":[{"damage_healed":0.0,"max_hp_gain":0.0,"max_hp_loss":0.0,"gold_gain":0.0,"event_name":"Scrap Ooze","player_choice":"Success","floor":2.0,"gold_loss":0.0,"damage_taken":3.0,"relics_obtained":["Dream Catcher"]},{"cards_removed":["Strike_B"],"damage_healed":0.0,"max_hp_gain":0.0,"max_hp_loss":0.0,"gold_gain":0.0,"event_name":"Bonfire Elementals","player_choice":"Offered Basic","floor":3.0,"gold_loss":0.0,"damage_taken":0.0},{"cards_removed":["Barrage"],"damage_healed":0,"gold_gain":0,"player_choice":"Removed Attack","damage_taken":0,"max_hp_gain":0,"max_hp_loss":0,"event_name":"Falling","floor":36,"gold_loss":0},{"damage_healed":0,"gold_gain":0,"player_choice":"Memory 1","damage_taken":0,"max_hp_gain":0,"max_hp_loss":0,"event_name":"SensoryStone","floor":37,"gold_loss":0},{"damage_healed":0,"gold_gain":0,"player_choice":"Upgrade","damage_taken":0,"relics_obtained":["Mark of the Bloom"],"max_hp_gain":0,"max_hp_loss":0,"event_name":"MindBloom","floor":47,"gold_loss":0,"cards_upgraded":["Zap","Go for the Eyes","FTL","Coolheaded","BootSequence","Redo","Chill","Storm","Conserve Battery","Undo","Rip and Tear","Hologram","Capacitor","Stack","Biased Cognition","Amplify","Steam Power","Echo Form","Buffer"]}],"is_beta":true,"boss_relics":[{"not_picked":["Runic Pyramid","Busted Crown"],"picked":"Pandora\u0027s Box"},{"not_picked":["Calling Bell","Empty Cage"],"picked":"Coffee Dripper"}],"items_purged_floors":[28],"is_endless":false,"potions_floor_spawned":[4,7,10,11,13,14,19,20,21,30,33,38,44,45],"ascension_level":4}