{"gold_per_floor":[119,119,133,133,153,187,205,223,250,250,269,269,288,321,321,400,400,412,25,25,37,37,37,37,37,62,62,79,96,107,107,107,107],"floor_reached":33,"playtime":1657,"items_purged":["Strike_G"],"score":479,"play_id":"2f2e16dc-7d90-4fd7-9777-cb285508c33c","local_time":"20190928224434","is_ascension_mode":true,"campfire_choices":[{"floor":10,"key":"REST"},{"floor":12,"key":"REST"},{"floor":15,"key":"REST"},{"data":"Caltrops","floor":23,"key":"SMITH"},{"data":"Skewer","floor":25,"key":"SMITH"},{"floor":27,"key":"REST"},{"floor":32,"key":"REST"}],"neow_cost":"NONE","seed_source_timestamp":1062419107489000,"circlet_count":0,"master_deck":["AscendersBane","Strike_G","Strike_G","Strike_G","Defend_G","Defend_G","Defend_G","Defend_G","Defend_G","Survivor","Neutralize+1","Flying Knee","Backstab","Backstab","Skewer+1","Terror","Poisoned Stab","Die Die Die","Footwork","Caltrops+1","Noxious Fumes","Backflip","Backflip+1"],"special_seed":0,"relics":["Philosopher\u0027s Stone","Blood Vial","Art of War","Vajra","Runic Dome","Membership Card","Bird Faced Urn","InkBottle"],"potions_floor_usage":[7,11,16,16,30],"damage_taken":[{"damage":3.0,"enemies":"Jaw Worm","floor":1.0,"turns":5.0},{"damage":4.0,"enemies":"2 Louse","floor":3.0,"turns":4.0},{"damage":2.0,"enemies":"Cultist","floor":5.0,"turns":5.0},{"damage":36.0,"enemies":"Lagavulin","floor":6.0,"turns":9.0},{"damage":16,"enemies":"Large Slime","floor":7,"turns":7},{"damage":4,"enemies":"Lots of Slimes","floor":8,"turns":5},{"damage":17,"enemies":"3 Louse","floor":11,"turns":2},{"damage":8,"enemies":"Large Slime","floor":13,"turns":5},{"damage":17,"enemies":"Gremlin Nob","floor":14,"turns":3},{"damage":26,"enemies":"Slime Boss","floor":16,"turns":11},{"damage":13,"enemies":"Chosen","floor":18,"turns":4},{"damage":0,"enemies":"Spheric Guardian","floor":21,"turns":1},{"damage":28,"enemies":"3 Cultists","floor":28,"turns":4},{"damage":27,"enemies":"Snake Plant","floor":29,"turns":2},{"damage":33,"enemies":"Shelled Parasite and Fungi","floor":30,"turns":4},{"damage":57,"enemies":"Champ","floor":33,"turns":13}],"seed_played":"-767049550901352440","potions_obtained":[{"floor":1.0,"key":"Strength Potion"},{"floor":6.0,"key":"PowerPotion"},{"floor":8,"key":"FearPotion"},{"floor":13,"key":"Energy Potion"},{"floor":14,"key":"Swift Potion"},{"floor":28,"key":"Regen Potion"}],"is_trial":false,"path_per_floor":["M","?","M","?","M","E","M","M","T","R","M","R","M","E","R","B",null,"M","$","?","M","?","R","$","R","T","R","M","M","M","?","R","B"],"character_chosen":"THE_SILENT","items_purchased":["Membership Card","Bird Faced Urn","Caltrops"],"campfire_rested":5,"item_purchase_floors":[19,19,19],"current_hp_per_floor":[56,61,57,57,55,19,5,3,3,24,9,30,24,9,30,6,55,44,44,44,46,46,46,46,46,46,67,45,22,9,9,30,0],"gold":107,"neow_bonus":"BOSS_RELIC","is_prod":false,"is_daily":false,"chose_seed":false,"campfire_upgraded":2,"win_rate":0,"timestamp":1569735874,"path_taken":["M","?","M","?","M","E","M","M","T","R","M","R","M","E","R","BOSS","M","$","?","M","?","R","?","R","T","R","M","?","M","?","R","BOSS"],"build_version":"2019-09-27","purchased_purges":1,"victory":false,"max_hp_per_floor":[66,71,71,71,71,71,71,71,71,71,71,71,71,71,71,71,71,71,71,71,71,71,71,71,71,71,71,71,71,71,71,71,71],"card_choices":[{"not_picked":["Flechettes","Reflex","Bane"],"picked":"SKIP","floor":1.0},{"not_picked":["Underhanded Strike","Blade Dance"],"picked":"Flying Knee","floor":3.0},{"not_picked":["Deadly Poison","Well Laid Plans"],"picked":"Backstab","floor":5.0},{"not_picked":["Deflect","All Out Attack","Underhanded Strike"],"picked":"SKIP","floor":6.0},{"not_picked":["Footwork","Caltrops"],"picked":"Backstab","floor":7},{"not_picked":["Terror","Reflex"],"picked":"Skewer","floor":8},{"not_picked":["Flying Knee","Blade Dance"],"picked":"Terror","floor":11},{"not_picked":["All Out Attack","Deflect"],"picked":"Poisoned Stab","floor":13},{"not_picked":["Storm of Steel","Phantasmal Killer","Tactician"],"picked":"SKIP","floor":14},{"not_picked":["Storm of Steel","Grand Finale"],"picked":"Die Die Die","floor":16},{"not_picked":["Dagger Spray","Skewer"],"picked":"Footwork","floor":18},{"not_picked":["Deflect","Blade Dance","Flying Knee"],"picked":"SKIP","floor":21},{"not_picked":["Expertise","Dodge and Roll"],"picked":"Backflip","floor":28},{"not_picked":["Flechettes","Choke","Quick Slash"],"picked":"SKIP","floor":29},{"not_picked":["Accuracy","Bane"],"picked":"Backflip+1","floor":30}],"player_experience":1490279,"relics_obtained":[{"floor":6.0,"key":"Blood Vial"},{"floor":9,"key":"Art of War"},{"floor":14,"key":"Vajra"},{"floor":26,"key":"InkBottle"}],"event_choices":[{"damage_healed":0.0,"max_hp_gain":5.0,"max_hp_loss":0.0,"gold_gain":0.0,"event_name":"Big Fish","player_choice":"Donut","floor":2.0,"gold_loss":0.0,"damage_taken":0.0},{"cards_removed":["Strike_G"],"damage_healed":0.0,"max_hp_gain":0.0,"max_hp_loss":0.0,"gold_gain":0.0,"event_name":"Living Wall","player_choice":"Forget","floor":4.0,"gold_loss":0.0,"damage_taken":0.0},{"damage_healed":0,"gold_gain":0,"player_choice":"Read","damage_taken":0,"max_hp_gain":0,"max_hp_loss":0,"event_name":"The Library","floor":20,"gold_loss":0,"cards_obtained":["Noxious Fumes"]},{"damage_healed":0,"gold_gain":0,"player_choice":"Ignored","damage_taken":0,"max_hp_gain":0,"max_hp_loss":0,"event_name":"Ghosts","floor":22,"gold_loss":0},{"damage_healed":0,"gold_gain":0,"player_choice":"Upgraded","damage_taken":0,"max_hp_gain":0,"max_hp_loss":0,"event_name":"Upgrade Shrine","floor":31,"gold_loss":0,"cards_upgraded":["Neutralize"]}],"is_beta":true,"boss_relics":[{"not_picked":["Snecko Eye","SlaversCollar"],"picked":"Runic Dome"}],"items_purged_floors":[19],"is_endless":false,"potions_floor_spawned":[1,6,8,13,14,28],"killed_by":"Champ","ascension_level":17}