{"gold_per_floor":[113,288,51,51,51,83,94,104,104,123,48,66,92,103,103,206,256,269,269,284,298,310,310,320,320,320,320,333,351,34,44,44,143,143,163,177,190,190,190],"floor_reached":39,"playtime":6801,"items_purged":["Defend_R"],"score":399,"play_id":"fd425f4d-3856-4b0c-9da0-1f95b9b8f71d","local_time":"20190802235542","is_ascension_mode":false,"campfire_choices":[{"floor":15,"key":"REST"},{"floor":23,"key":"REST"},{"floor":27,"key":"REST"},{"floor":32,"key":"REST"}],"neow_cost":"NONE","seed_source_timestamp":75961752720100,"circlet_count":0,"master_deck":["Strike_R","Strike_R","Strike_R","Strike_R+1","Strike_R","Defend_R+1","Defend_R","Bash+1","Bludgeon","True Grit","Doubt","Bludgeon","Flame Barrier","Shrug It Off","Uppercut","Power Through","Burning Pact","Flame Barrier","Demon Form","Clothesline","Uppercut","Pommel Strike","Uppercut","Shrug It Off+1","Armaments","Warcry+1","Corruption","Offering","Offering","Offering","Corruption+1","Perfected Strike+1"],"relics":["Burning Blood","War Paint","Meat on the Bone","Bottled Lightning","Tiny House","Mercury Hourglass","Membership Card","Busted Crown"],"potions_floor_usage":[6,13,13,13,16,16,18,20,22,28,28,29,33,37],"damage_taken":[{"damage":5,"enemies":"Small Slimes","floor":1,"turns":2},{"damage":24,"enemies":"Lagavulin","floor":6,"turns":5},{"damage":0,"enemies":"Cultist","floor":7,"turns":3},{"damage":2,"enemies":"Jaw Worm","floor":8,"turns":4},{"damage":0,"enemies":"2 Fungi Beasts","floor":10,"turns":4},{"damage":12,"enemies":"Gremlin Gang","floor":12,"turns":7},{"damage":37,"enemies":"3 Sentries","floor":13,"turns":8},{"damage":14,"enemies":"3 Louse","floor":14,"turns":6},{"damage":75,"enemies":"Slime Boss","floor":16,"turns":15},{"damage":31,"enemies":"Chosen","floor":18,"turns":5},{"damage":28,"enemies":"Shell Parasite","floor":20,"turns":12},{"damage":18,"enemies":"Snecko","floor":21,"turns":5},{"damage":42,"enemies":"Cultist and Chosen","floor":22,"turns":8},{"damage":23,"enemies":"Snake Plant","floor":24,"turns":7},{"damage":35,"enemies":"Centurion and Healer","floor":28,"turns":8},{"damage":28,"enemies":"Cultist and Chosen","floor":29,"turns":8},{"damage":31,"enemies":"Shelled Parasite and Fungi","floor":31,"turns":7},{"damage":47,"enemies":"Champ","floor":33,"turns":14},{"damage":36,"enemies":"3 Shapes","floor":35,"turns":3},{"damage":15,"enemies":"Orb Walker","floor":36,"turns":5},{"damage":35,"enemies":"Maw","floor":37,"turns":8},{"damage":55,"enemies":"2 Orb Walkers","floor":39,"turns":3}],"seed_played":"-8874069334617200582","potions_obtained":[{"floor":7,"key":"Strength Potion"},{"floor":8,"key":"GamblersBrew"},{"floor":10,"key":"Poison Potion"},{"floor":13,"key":"SteroidPotion"},{"floor":14,"key":"Fire Potion"},{"floor":16,"key":"SpeedPotion"},{"floor":17,"key":"Ancient Potion"},{"floor":21,"key":"BloodPotion"},{"floor":22,"key":"Poison Potion"},{"floor":24,"key":"Fire Potion"},{"floor":28,"key":"SpeedPotion"},{"floor":31,"key":"Strength Potion"},{"floor":33,"key":"SteroidPotion"},{"floor":37,"key":"Block Potion"}],"is_trial":false,"path_per_floor":["M","?","$","?","$","E","M","M","T","M","$","M","E","M","R","B",null,"M","?","M","M","M","R","M","?","T","R","M","M","$","M","R","B",null,"M","M","M","?","?"],"character_chosen":"IRONCLAD","items_purchased":["Bludgeon","Regen Potion","Membership Card","Corruption","Offering"],"campfire_rested":4,"item_purchase_floors":[3,3,30,30,30],"current_hp_per_floor":[80,80,80,80,80,62,68,72,72,78,78,72,53,57,80,23,85,60,60,50,50,47,72,55,55,55,80,51,41,41,28,53,24,85,55,58,41,41,0],"gold":190,"neow_bonus":"ONE_RANDOM_RARE_CARD","is_prod":false,"is_daily":false,"chose_seed":false,"campfire_upgraded":0,"win_rate":0.0,"timestamp":1564808142,"path_taken":["M","?","$","?","$","E","M","M","T","?","$","M","E","M","R","BOSS","M","?","M","M","M","R","M","?","T","R","?","M","$","M","R","BOSS","M","M","M","?","?"],"build_version":"2019-07-05","purchased_purges":1,"victory":false,"max_hp_per_floor":[80,80,80,80,80,80,80,80,80,80,80,80,80,80,80,80,85,85,85,85,85,85,85,85,85,85,85,85,85,85,85,85,85,85,85,85,85,85,85],"card_choices":[{"not_picked":["Iron Wave","Headbutt"],"picked":"True Grit","floor":1},{"not_picked":["Combust","Headbutt"],"picked":"Inflame","floor":6},{"not_picked":["Armaments","Pommel Strike"],"picked":"Flame Barrier","floor":7},{"not_picked":["Sword Boomerang","Clash"],"picked":"Shrug It Off","floor":8},{"not_picked":["Dual Wield","Flame Barrier"],"picked":"Uppercut","floor":10},{"not_picked":["Headbutt","Clash"],"picked":"Power Through","floor":12},{"not_picked":["Combust","Metallicize"],"picked":"Burning Pact","floor":13},{"not_picked":["Thunderclap","Twin Strike"],"picked":"Flame Barrier","floor":14},{"not_picked":["Feed","Bludgeon"],"picked":"Demon Form","floor":16},{"not_picked":["Dropkick","Pommel Strike"],"picked":"Clothesline","floor":17},{"not_picked":["Twin Strike","Sword Boomerang+1"],"picked":"Uppercut","floor":18},{"not_picked":["Dropkick","Thunderclap"],"picked":"Pommel Strike","floor":20},{"not_picked":["Brutality","Shrug It Off"],"picked":"Uppercut","floor":21},{"not_picked":["Hemokinesis","Metallicize","True Grit"],"picked":"SKIP","floor":22},{"not_picked":["Sword Boomerang","Flame Barrier"],"picked":"Shrug It Off+1","floor":24},{"not_picked":["Perfected Strike+1","Pummel"],"picked":"Armaments","floor":28},{"not_picked":["Perfected Strike","Pommel Strike"],"picked":"Warcry+1","floor":29},{"not_picked":["Sever Soul","Flex"],"picked":"Offering","floor":31},{"not_picked":["Feed","Dark Embrace"],"picked":"Offering","floor":33},{"not_picked":["Iron Wave+1"],"picked":"SKIP","floor":35},{"not_picked":[],"picked":"Corruption+1","floor":36},{"not_picked":[],"picked":"Perfected Strike+1","floor":37}],"player_experience":21827,"relics_obtained":[{"floor":6,"key":"War Paint"},{"floor":9,"key":"Meat on the Bone"},{"floor":13,"key":"Bottled Lightning"},{"floor":26,"key":"Mercury Hourglass"}],"event_choices":[{"damage_healed":0,"gold_gain":175,"player_choice":"AGREE","damage_taken":0,"max_hp_gain":0,"max_hp_loss":0,"event_name":"Liars Game","floor":2,"gold_loss":0,"cards_obtained":["Doubt"]},{"damage_healed":0,"gold_gain":0,"player_choice":"Forge","damage_taken":0,"max_hp_gain":0,"max_hp_loss":0,"event_name":"Accursed Blacksmith","floor":4,"gold_loss":0,"cards_upgraded":["Bash"]},{"damage_healed":0,"gold_gain":0,"player_choice":"Ignored","damage_taken":0,"max_hp_gain":0,"max_hp_loss":0,"event_name":"Ghosts","floor":19,"gold_loss":0},{"cards_removed":["Defend_R"],"damage_healed":0,"gold_gain":0,"player_choice":"Offered Basic","damage_taken":0,"max_hp_gain":0,"max_hp_loss":0,"event_name":"Bonfire Elementals","floor":25,"gold_loss":0},{"cards_removed":["Inflame"],"damage_healed":0,"gold_gain":0,"player_choice":"Removed Power","damage_taken":0,"max_hp_gain":0,"max_hp_loss":0,"event_name":"Falling","floor":38,"gold_loss":0},{"damage_healed":0,"gold_gain":0,"player_choice":"Fight","damage_taken":0,"max_hp_gain":0,"max_hp_loss":0,"event_name":"Mysterious Sphere","floor":39,"gold_loss":0}],"is_beta":false,"boss_relics":[{"not_picked":["Sozu","Fusion Hammer"],"picked":"Tiny House"},{"not_picked":["Empty Cage","Runic Dome"],"picked":"Busted Crown"}],"items_purged_floors":[11],"is_endless":false,"potions_floor_spawned":[7,8,10,13,14,16,21,22,24,28,31,33,37],"killed_by":"2 Orb Walkers","ascension_level":0}