{"gold_per_floor":[111,61,81,91,91,91,126,145,171,191,191,191,204,234,234,336,336,350,350,350,36,36,67,67,67,67,67],"floor_reached":27,"playtime":1364,"items_purged":["Strike_B"],"score":287,"play_id":"9003bd2f-e0a4-4812-aeef-10feca9df7e5","local_time":"20190921132119","is_ascension_mode":true,"campfire_choices":[{"data":"Sunder","floor":6,"key":"SMITH"},{"floor":12,"key":"REST"},{"data":"Go for the Eyes","floor":15,"key":"SMITH"},{"floor":25,"key":"REST"}],"neow_cost":"PERCENT_DAMAGE","seed_source_timestamp":600243800177400,"circlet_count":0,"master_deck":["Defend_B","Defend_B","Defend_B","Defend_B","Zap","Dualcast","Amplify","Sunder+1","Go for the Eyes+1","Steam Power","Double Energy","Darkness","Force Field","Hologram","Glacier","Auto Shields","Creative AI","Shame","Self Repair","Hologram","Double Energy"],"relics":["Cracked Core","Oddly Smooth Stone","Boot","Bronze Scales","Philosopher\u0027s Stone","Symbiotic Virus","Bag of Marbles","DataDisk"],"potions_floor_usage":[7,23],"damage_taken":[{"damage":2,"enemies":"2 Louse","floor":1,"turns":2},{"damage":10,"enemies":"Small Slimes","floor":3,"turns":3},{"damage":0,"enemies":"Cultist","floor":4,"turns":3},{"damage":12,"enemies":"3 Sentries","floor":7,"turns":7},{"damage":0,"enemies":"3 Louse","floor":8,"turns":2},{"damage":20,"enemies":"Gremlin Gang","floor":10,"turns":4},{"damage":0,"enemies":"Looter","floor":13,"turns":2},{"damage":13,"enemies":"Gremlin Nob","floor":14,"turns":4},{"damage":9,"enemies":"The Guardian","floor":16,"turns":14},{"damage":1,"enemies":"Spheric Guardian","floor":18,"turns":10},{"damage":43,"enemies":"Book of Stabbing","floor":23,"turns":9},{"damage":53,"enemies":"Gremlin Leader","floor":27,"turns":5}],"seed_played":"-6945419922109892941","potions_obtained":[{"floor":1,"key":"Block Potion"},{"floor":3,"key":"Ancient Potion"},{"floor":13,"key":"FearPotion"}],"is_trial":false,"path_per_floor":["M","?","M","M","?","R","E","M","T","M","?","R","M","E","R","B",null,"M","?","?","$","?","E","?","R","T","E"],"character_chosen":"DEFECT","items_purchased":["Symbiotic Virus"],"campfire_rested":2,"item_purchase_floors":[21],"current_hp_per_floor":[52,52,42,42,42,42,30,30,30,10,10,32,32,19,19,10,75,74,60,60,60,60,17,17,41,41,0],"gold":67,"neow_bonus":"THREE_RARE_CARDS","is_prod":false,"is_daily":false,"chose_seed":false,"campfire_upgraded":2,"win_rate":0,"timestamp":1569064879,"path_taken":["M","?","M","M","?","R","E","?","T","M","?","R","?","E","R","BOSS","M","?","?","$","?","E","?","R","T","E"],"build_version":"2019-09-20","purchased_purges":1,"victory":false,"max_hp_per_floor":[75,75,75,75,75,75,75,75,75,75,75,75,75,75,75,75,75,75,80,80,80,80,80,80,80,80,80],"card_choices":[{"not_picked":["Meteor Strike","Thunder Strike"],"picked":"Amplify","floor":0},{"not_picked":["Chill","Conserve Battery"],"picked":"Sunder","floor":1},{"not_picked":["Stack","Leap"],"picked":"Go for the Eyes","floor":3},{"not_picked":["Rebound","Leap"],"picked":"Steam Power","floor":4},{"not_picked":["Cold Snap","Gash"],"picked":"Darkness","floor":7},{"not_picked":["Barrage","Go for the Eyes"],"picked":"Force Field","floor":8},{"not_picked":["Amplify","Rip and Tear"],"picked":"Hologram","floor":10},{"not_picked":["Turbo","FTL"],"picked":"Glacier","floor":13},{"not_picked":["Cold Snap","Leap"],"picked":"Auto Shields","floor":14},{"not_picked":["Multi-Cast","Biased Cognition"],"picked":"Creative AI","floor":16},{"not_picked":["Hologram+1","Steam Power","Steam"],"picked":"SKIP","floor":18},{"not_picked":["Cold Snap+1","Redo"],"picked":"Self Repair","floor":23}],"player_experience":270281,"relics_obtained":[{"floor":7,"key":"Oddly Smooth Stone"},{"floor":9,"key":"Boot"},{"floor":14,"key":"Bronze Scales"},{"floor":23,"key":"DataDisk"}],"event_choices":[{"cards_removed":["Strike_B"],"damage_healed":0,"gold_gain":0,"player_choice":"Card Removal","damage_taken":0,"max_hp_gain":0,"max_hp_loss":0,"event_name":"The Cleric","floor":2,"gold_loss":50},{"damage_healed":0,"gold_gain":0,"cards_transformed":["Strike_B"],"player_choice":"Transformed","damage_taken":0,"max_hp_gain":0,"max_hp_loss":0,"event_name":"Transmorgrifier","floor":5,"gold_loss":0,"cards_obtained":["Double Energy"]},{"cards_removed":["Strike_B"],"damage_healed":0,"gold_gain":0,"player_choice":"Purged","damage_taken":0,"max_hp_gain":0,"max_hp_loss":0,"event_name":"Purifier","floor":11,"gold_loss":0},{"damage_healed":0,"gold_gain":0,"player_choice":"Shed Blood","damage_taken":19,"max_hp_gain":5,"max_hp_loss":0,"event_name":"Forgotten Altar","floor":19,"gold_loss":0},{"damage_healed":0,"gold_gain":0,"player_choice":"Ignored","damage_taken":0,"max_hp_gain":0,"max_hp_loss":0,"event_name":"Vampires","floor":20,"gold_loss":0},{"damage_healed":0,"gold_gain":0,"player_choice":"Stole Relic","damage_taken":0,"relics_obtained":["Bag of Marbles"],"max_hp_gain":0,"max_hp_loss":0,"event_name":"Addict","floor":22,"gold_loss":0,"cards_obtained":["Shame"]},{"damage_healed":0,"gold_gain":0,"player_choice":"2 cards matched","damage_taken":0,"max_hp_gain":0,"max_hp_loss":0,"event_name":"Match and Keep!","floor":24,"gold_loss":0,"cards_obtained":["Hologram","Double Energy"]}],"is_beta":true,"boss_relics":[{"not_picked":["Tiny House","Pandora\u0027s Box"],"picked":"Philosopher\u0027s Stone"}],"items_purged_floors":[21],"is_endless":false,"potions_floor_spawned":[1,3,13],"killed_by":"Gremlin Leader","ascension_level":4}