{"gold_per_floor":[359,4,16,29,41,66,66,66,66,92,105,105,125,45,45,148,148,159,171,4,4,16,16,16,16,40,40,58,58,76,108,108,108],"floor_reached":33,"playtime":6334,"items_purged":[],"score":316,"play_id":"c7980cfa-4b89-4f97-b01a-57fdbd95960f","local_time":"20190824150712","is_ascension_mode":true,"campfire_choices":[{"floor":8.0,"key":"REST"},{"floor":12.0,"key":"REST"},{"data":"Double Energy","floor":15.0,"key":"SMITH"},{"floor":23.0,"key":"REST"},{"data":"Sunder","floor":27.0,"key":"SMITH"},{"data":"Seek","floor":29.0,"key":"SMITH"},{"data":"Tempest","floor":32,"key":"SMITH"}],"neow_cost":"TEN_PERCENT_HP_LOSS","seed_source_timestamp":0,"circlet_count":0,"master_deck":["Strike_B+1","Strike_B","Defend_B","Defend_B","Defend_B","Zap","Dualcast","Sunder+1","Doom and Gloom","Recycle","Sweeping Beam","Go for the Eyes","Beam Cell+1","Double Energy+1","Force Field","Machine Learning","Chill","Tempest+1","Capacitor","Core Surge","Coolheaded+1","Leap+1","Panache","Writhe","Static Discharge+1","Ghostly","Ghostly","Ghostly","Ghostly","Ghostly","Chill","Seek+1","Loop+1","Redo"],"special_seed":0,"relics":["Cracked Core","Bottled Flame","Smiling Mask","Art of War","Bottled Lightning","Velvet Choker","Blood Vial","Bronze Scales","Whetstone"],"potions_floor_usage":[],"damage_taken":[{"damage":0.0,"enemies":"Cultist","floor":1.0,"turns":4.0},{"damage":11.0,"enemies":"Jaw Worm","floor":3.0,"turns":2.0},{"damage":0.0,"enemies":"Small Slimes","floor":4.0,"turns":2.0},{"damage":0.0,"enemies":"2 Fungi Beasts","floor":5.0,"turns":2.0},{"damage":13.0,"enemies":"3 Sentries","floor":6.0,"turns":5.0},{"damage":31.0,"enemies":"Lagavulin","floor":10.0,"turns":7.0},{"damage":10.0,"enemies":"Large Slime","floor":11.0,"turns":4.0},{"damage":0.0,"enemies":"3 Louse","floor":13.0,"turns":2.0},{"damage":2.0,"enemies":"Slime Boss","floor":16.0,"turns":7.0},{"damage":18.0,"enemies":"2 Thieves","floor":18.0,"turns":4.0},{"damage":8.0,"enemies":"Spheric Guardian","floor":19.0,"turns":3.0},{"damage":23.0,"enemies":"Cultist and Chosen","floor":22.0,"turns":7.0},{"damage":2.0,"enemies":"Shelled Parasite and Fungi","floor":28.0,"turns":5.0},{"damage":0.0,"enemies":"Snake Plant","floor":30.0,"turns":3.0},{"damage":6.0,"enemies":"Gremlin Leader","floor":31.0,"turns":7.0},{"damage":36,"enemies":"Champ","floor":33,"turns":9}],"seed_played":"-6922673166273291990","potions_obtained":[{"floor":1.0,"key":"Strength Potion"},{"floor":3.0,"key":"Energy Potion"},{"floor":11.0,"key":"Energy Potion"},{"floor":16.0,"key":"EssenceOfSteel"},{"floor":18.0,"key":"Energy Potion"},{"floor":22.0,"key":"Regen Potion"}],"is_trial":false,"path_per_floor":["M","$","M","M","M","E","?","R","T","E","M","R","M","$","R","B",null,"M","M","$","?","M","R","?","?","T","R","M","R","M","E","R","B"],"character_chosen":"DEFECT","items_purchased":["Bottled Flame","Doom and Gloom","Recycle","Capacitor","Panache"],"campfire_rested":3,"item_purchase_floors":[2,2,2,14,20],"current_hp_per_floor":[68,68,57,57,57,44,44,64,64,33,23,43,43,43,43,41,68,50,42,42,42,21,41,34,34,34,34,32,32,34,28,28,0],"gold":108,"neow_bonus":"TWO_FIFTY_GOLD","is_prod":false,"is_daily":false,"chose_seed":false,"campfire_upgraded":4,"win_rate":0,"timestamp":1566677232,"path_taken":["M","$","M","?","M","E","?","R","T","E","M","R","?","$","R","BOSS","M","?","$","?","M","R","?","?","T","R","M","R","M","E","R","BOSS"],"build_version":"2019-08-23","purchased_purges":0,"victory":false,"max_hp_per_floor":[68,68,68,68,68,68,68,68,68,68,68,68,68,68,68,68,68,68,68,68,68,68,68,34,34,34,34,34,34,34,34,34,34],"card_choices":[{"not_picked":["Turbo","Capacitor"],"picked":"Sunder","floor":1.0},{"not_picked":["Steam","Barrage"],"picked":"Sweeping Beam","floor":3.0},{"not_picked":["Rip and Tear","Redo"],"picked":"Go for the Eyes","floor":4.0},{"not_picked":["Ball Lightning","Rip and Tear"],"picked":"Beam Cell","floor":5.0},{"not_picked":["Compile Driver","Barrage"],"picked":"Double Energy","floor":6.0},{"not_picked":["Steam","Capacitor"],"picked":"Machine Learning","floor":10.0},{"not_picked":["Loop","Rebound"],"picked":"Chill","floor":11.0},{"not_picked":["Rebound","Gash"],"picked":"Tempest","floor":13.0},{"not_picked":["Biased Cognition","Electrodynamics"],"picked":"Core Surge","floor":16.0},{"not_picked":["Sweeping Beam","Cold Snap"],"picked":"Coolheaded+1","floor":18.0},{"not_picked":["Turbo","Storm"],"picked":"Leap+1","floor":19.0},{"not_picked":["Rip and Tear+1","Leap"],"picked":"Static Discharge+1","floor":22.0},{"not_picked":["Heatsinks","Steam Power"],"picked":"Loop+1","floor":28.0},{"not_picked":["Rebound","Coolheaded","Core Surge"],"picked":"SKIP","floor":30.0},{"not_picked":["Stack+1","Ball Lightning"],"picked":"Redo","floor":31}],"player_experience":441745,"relics_obtained":[{"floor":6.0,"key":"Smiling Mask"},{"floor":9.0,"key":"Art of War"},{"floor":10.0,"key":"Bottled Lightning"},{"floor":26.0,"key":"Bronze Scales"},{"floor":31,"key":"Whetstone"}],"event_choices":[{"damage_healed":0.0,"max_hp_gain":0.0,"max_hp_loss":0.0,"gold_gain":0.0,"cards_transformed":["Defend_B"],"event_name":"Transmorgrifier","player_choice":"Transformed","floor":7.0,"gold_loss":0.0,"damage_taken":0.0,"cards_obtained":["Force Field"]},{"damage_healed":0.0,"max_hp_gain":0.0,"max_hp_loss":0.0,"gold_gain":0.0,"event_name":"The Mausoleum","player_choice":"Opened","floor":21.0,"gold_loss":0.0,"damage_taken":0.0,"relics_obtained":["Blood Vial"],"cards_obtained":["Writhe"]},{"damage_healed":0.0,"max_hp_gain":0.0,"max_hp_loss":34.0,"gold_gain":0.0,"event_name":"Ghosts","player_choice":"Became a Ghost","floor":24.0,"gold_loss":0.0,"damage_taken":0.0,"cards_obtained":["Ghostly","Ghostly","Ghostly","Ghostly","Ghostly"]},{"damage_healed":0.0,"max_hp_gain":0.0,"max_hp_loss":0.0,"gold_gain":0.0,"cards_transformed":["Strike_B","Strike_B"],"event_name":"Drug Dealer","player_choice":"Became Test Subject","floor":25.0,"gold_loss":0.0,"damage_taken":0.0,"cards_obtained":["Chill","Seek"]}],"is_beta":true,"boss_relics":[{"not_picked":["Eternal Feather","Coffee Dripper"],"picked":"Velvet Choker"}],"items_purged_floors":[],"is_endless":false,"potions_floor_spawned":[1,3,11,16,18,22],"killed_by":"Champ","ascension_level":1}