{"gold_per_floor":[112,132,145,163,163,163,188,204,204,204,204,221,57,89,89,192,192,204,129,8,41,41,41,72,83,108,122,122],"floor_reached":28,"playtime":4592,"items_purged":[],"score":298,"play_id":"6be7d108-b223-4625-8e7b-639e7c617e82","local_time":"20190929052203","is_ascension_mode":true,"campfire_choices":[{"data":"Cold Snap","floor":6,"key":"SMITH"},{"floor":10,"key":"REST"},{"data":"Genetic Algorithm","floor":15,"key":"SMITH"},{"data":"Multi-Cast","floor":23,"key":"SMITH"}],"neow_cost":"NONE","seed_source_timestamp":302148028748400,"circlet_count":0,"master_deck":["Strike_B","Strike_B","Strike_B","Defend_B","Defend_B","Zap","Dualcast","Compile Driver","Double Energy","Cold Snap+1","Multi-Cast+1","Sunder","Loop","Conserve Battery","Reinforced Body","Defragment","Genetic Algorithm+1","Buffer","Ball Lightning","Blizzard","Redo","Storm","Consume+1","Normality","Capacitor+1"],"relics":["Empty Cage","Ginger","Matryoshka","Centennial Puzzle","Cursed Key","Red Mask","Mango","HornCleat","DataDisk"],"potions_floor_usage":[12,16,24,25],"damage_taken":[{"damage":4,"enemies":"Jaw Worm","floor":1,"turns":4},{"damage":8,"enemies":"2 Louse","floor":2,"turns":3},{"damage":4,"enemies":"Small Slimes","floor":3,"turns":3},{"damage":10,"enemies":"2 Fungi Beasts","floor":4,"turns":3},{"damage":37,"enemies":"Gremlin Nob","floor":7,"turns":6},{"damage":0,"enemies":"Exordium Wildlife","floor":8,"turns":3},{"damage":0,"enemies":"3 Louse","floor":12,"turns":3},{"damage":12,"enemies":"Lagavulin","floor":14,"turns":10},{"damage":11,"enemies":"Hexaghost","floor":16,"turns":7},{"damage":14,"enemies":"Chosen","floor":18,"turns":7},{"damage":29,"enemies":"Masked Bandits","floor":21,"turns":5},{"damage":46,"enemies":"Gremlin Leader","floor":24,"turns":8},{"damage":3,"enemies":"Shell Parasite","floor":25,"turns":7},{"damage":14,"enemies":"Centurion and Healer","floor":27,"turns":9},{"damage":20,"enemies":"Snecko","floor":28,"turns":5}],"seed_played":"6997618324842605811","potions_obtained":[{"floor":2,"key":"EssenceOfDarkness"},{"floor":4,"key":"DuplicationPotion"},{"floor":8,"key":"Fire Potion"},{"floor":12,"key":"SteroidPotion"},{"floor":18,"key":"SteroidPotion"},{"floor":21,"key":"Swift Potion"}],"is_trial":false,"path_per_floor":["M","M","M","M","?","R","E","M","T","R","?","M","$","E","R","B",null,"M","?","$","?","?","R","E","M","T","M","M"],"character_chosen":"DEFECT","items_purchased":["Reinforced Body","Defragment","Blizzard","Redo"],"campfire_rested":1,"item_purchase_floors":[13,13,20,20],"current_hp_per_floor":[71,63,59,49,49,49,12,12,12,34,31,31,31,19,19,8,75,61,61,61,32,57,57,25,22,22,8,0],"gold":122,"neow_bonus":"BOSS_RELIC","is_prod":false,"is_daily":false,"chose_seed":false,"campfire_upgraded":3,"win_rate":0,"timestamp":1569752523,"path_taken":["M","M","M","M","?","R","E","M","T","R","?","M","$","E","R","BOSS","M","?","$","?","?","R","E","M","T","?","M"],"build_version":"2019-09-27","purchased_purges":0,"victory":false,"max_hp_per_floor":[75,75,75,75,75,75,75,75,75,75,75,75,75,75,75,75,75,75,75,75,75,75,75,89,89,89,89,89],"card_choices":[{"not_picked":["Conserve Battery","Redo"],"picked":"Compile Driver","floor":1},{"not_picked":["Reprogram","Redo"],"picked":"Double Energy","floor":2},{"not_picked":["Tempest","Sweeping Beam"],"picked":"Cold Snap","floor":3},{"not_picked":["Beam Cell","Capacitor"],"picked":"Multi-Cast","floor":4},{"not_picked":["Beam Cell","Barrage"],"picked":"Sunder","floor":7},{"not_picked":["Static Discharge","Turbo"],"picked":"Loop","floor":8},{"not_picked":["Barrage","Aggregate"],"picked":"Conserve Battery","floor":12},{"not_picked":["Leap","Skim"],"picked":"Genetic Algorithm","floor":14},{"not_picked":["All For One","Fission"],"picked":"Buffer","floor":16},{"not_picked":["Recycle","Barrage+1"],"picked":"Ball Lightning","floor":18},{"not_picked":["Streamline+1","Defragment"],"picked":"Storm","floor":24},{"not_picked":["Streamline","Skim+1"],"picked":"Consume+1","floor":25},{"not_picked":["Consume","Melter+1"],"picked":"Capacitor+1","floor":27}],"player_experience":624391,"relics_obtained":[{"floor":7,"key":"Ginger"},{"floor":9,"key":"Matryoshka"},{"floor":14,"key":"Centennial Puzzle"},{"floor":21,"key":"Red Mask"},{"floor":24,"key":"Mango"},{"floor":26,"key":"HornCleat"},{"floor":26,"key":"DataDisk"}],"event_choices":[{"damage_healed":0,"gold_gain":0,"player_choice":"Ignored","damage_taken":0,"max_hp_gain":0,"max_hp_loss":0,"event_name":"Liars Game","floor":5,"gold_loss":0},{"damage_healed":0,"gold_gain":0,"player_choice":"Fled","damage_taken":3,"max_hp_gain":0,"max_hp_loss":0,"event_name":"Scrap Ooze","floor":11,"gold_loss":0},{"cards_removed":["Defend_B"],"damage_healed":0,"gold_gain":0,"player_choice":"Gave Gold","damage_taken":0,"max_hp_gain":0,"max_hp_loss":0,"event_name":"Beggar","floor":19,"gold_loss":75},{"damage_healed":0,"gold_gain":0,"player_choice":"Fought Bandits","damage_taken":0,"max_hp_gain":0,"max_hp_loss":0,"event_name":"Masked Bandits","floor":21,"gold_loss":0},{"damage_healed":25,"gold_gain":0,"player_choice":"Heal","damage_taken":0,"max_hp_gain":0,"max_hp_loss":0,"event_name":"The Library","floor":22,"gold_loss":0}],"is_beta":true,"boss_relics":[{"not_picked":["Inserter","Nuclear Battery"],"picked":"Cursed Key"}],"items_purged_floors":[],"is_endless":false,"potions_floor_spawned":[2,4,8,12,18,21],"killed_by":"Snecko","ascension_level":4}