{"gold_per_floor":[118,136,152,152,152,152,226,226,251,251,282,39,79,94,94,225,225,248,266,280,16,29,29,67,67,67,67,87,128,141,161,161,282,282,307,327,50,383,395,395,424,437,437,437,451,1,26,48,60,72],"floor_reached":51,"playtime":5953,"items_purged":["Strike_B"],"score":871,"play_id":"73aac065-2bc9-4811-8a5e-ac67b5059f43","local_time":"20190818051339","is_ascension_mode":true,"campfire_choices":[{"floor":6,"key":"REST"},{"data":"Biased Cognition","floor":8,"key":"SMITH"},{"data":"Go for the Eyes","floor":10,"key":"SMITH"},{"data":"Blizzard","floor":15,"key":"SMITH"},{"floor":23,"key":"REST"},{"floor":27,"key":"REST"},{"data":"Apotheosis","floor":32,"key":"SMITH"},{"floor":40,"key":"REST"},{"floor":44,"key":"REST"},{"floor":49,"key":"REST"}],"neow_cost":"NONE","seed_source_timestamp":303947892650000,"circlet_count":0,"master_deck":["Strike_B","Strike_B","Defend_B","Defend_B","Defend_B","Zap","Dualcast","Biased Cognition+1","Go for the Eyes+1","Undo","Leap","Chill","Conserve Battery","Blizzard+1","Hyperbeam","Coolheaded","Ball Lightning","Self Repair","All For One","Redo","Hologram","Doom and Gloom","Double Energy","Consume","Static Discharge","Gash+1","Beam Cell","Apotheosis+1","Gash","Defragment","Auto Shields","Gash","Reboot","Scrape+1","Glacier+1","Chill","Fission","Coolheaded+1","Reprogram+1","Gash","FTL","Loop","Streamline+1"],"relics":["Cracked Core","Bronze Scales","Oddly Smooth Stone","Strawberry","Pear","Orrery","Darkstone Periapt","Calipers","Meat on the Bone","Lizard Tail","DollysMirror","Toxic Egg 2","Boot","Mummified Hand","MawBank"],"potions_floor_usage":[11,13,16,16,24,24,24,33,33,42,47,47,47,50],"damage_taken":[{"damage":0,"enemies":"2 Louse","floor":1,"turns":2},{"damage":3,"enemies":"Jaw Worm","floor":2,"turns":2},{"damage":6,"enemies":"Cultist","floor":3,"turns":3},{"damage":13,"enemies":"3 Sentries","floor":7,"turns":9},{"damage":10,"enemies":"3 Sentries","floor":11,"turns":12},{"damage":0,"enemies":"Lagavulin","floor":13,"turns":6},{"damage":0,"enemies":"Looter","floor":14,"turns":2},{"damage":1,"enemies":"Hexaghost","floor":16,"turns":9},{"damage":13,"enemies":"Spheric Guardian","floor":18,"turns":4},{"damage":8,"enemies":"Shell Parasite","floor":19,"turns":4},{"damage":24,"enemies":"Snake Plant","floor":20,"turns":2},{"damage":16,"enemies":"Shelled Parasite and Fungi","floor":22,"turns":4},{"damage":32,"enemies":"Slavers","floor":24,"turns":5},{"damage":25,"enemies":"Centurion and Healer","floor":28,"turns":6},{"damage":15,"enemies":"Book of Stabbing","floor":29,"turns":6},{"damage":20,"enemies":"Sentry and Sphere","floor":30,"turns":6},{"damage":9,"enemies":"Snake Plant","floor":31,"turns":6},{"damage":58,"enemies":"Automaton","floor":33,"turns":10},{"damage":26,"enemies":"3 Darklings","floor":35,"turns":5},{"damage":5,"enemies":"Orb Walker","floor":36,"turns":2},{"damage":21,"enemies":"Transient","floor":39,"turns":5},{"damage":39,"enemies":"Nemesis","floor":41,"turns":7},{"damage":17,"enemies":"Jaw Worm Horde","floor":42,"turns":6},{"damage":15,"enemies":"Maw","floor":45,"turns":10},{"damage":21,"enemies":"Reptomancer","floor":47,"turns":6},{"damage":59,"enemies":"Sphere and 2 Shapes","floor":48,"turns":6},{"damage":68,"enemies":"Awakened One","floor":50,"turns":13}],"seed_played":"6423525689040162660","potions_obtained":[{"floor":2,"key":"Poison Potion"},{"floor":7,"key":"Fire Potion"},{"floor":13,"key":"FocusPotion"},{"floor":14,"key":"FocusPotion"},{"floor":19,"key":"Swift Potion"},{"floor":20,"key":"Dexterity Potion"},{"floor":22,"key":"FearPotion"},{"floor":30,"key":"Poison Potion"},{"floor":31,"key":"EssenceOfSteel"},{"floor":41,"key":"Fire Potion"},{"floor":42,"key":"FocusPotion"},{"floor":45,"key":"LiquidBronze"},{"floor":48,"key":"Explosive Potion"}],"is_trial":false,"path_per_floor":["M","M","M","?","?","R","?","R","T","R","E","$","E","M","R","B",null,"M","M","M","$","M","R","E","?","T","R","M","E","M","M","R","B",null,"M","M","$","?","M","R","E","M","T","R","M","$","E","M","R","B",null],"character_chosen":"DEFECT","items_purchased":["Blizzard","Hyperbeam","Coolheaded","Apotheosis","DollysMirror","Fission","Mummified Hand","Gash","FTL","Ancient Potion"],"campfire_rested":6,"item_purchase_floors":[12,12,12,21,37,37,46,46,46,46],"current_hp_per_floor":[75,72,66,59,41,63,50,50,50,50,47,47,57,57,57,63,92,79,71,47,47,41,68,46,46,46,73,55,50,52,62,62,16,92,66,61,61,61,59,86,57,52,52,79,71,71,50,58,85,29],"gold":84,"neow_bonus":"ONE_RANDOM_RARE_CARD","is_prod":false,"is_daily":false,"chose_seed":false,"campfire_upgraded":4,"win_rate":0,"timestamp":1566123219,"path_taken":["M","M","M","?","?","R","?","R","T","R","E","$","E","M","R","BOSS","M","M","M","$","M","R","E","?","T","R","M","E","M","M","R","BOSS","M","?","$","?","M","R","E","M","T","R","M","$","E","M","R","BOSS"],"build_version":"2019-07-17","purchased_purges":1,"victory":true,"max_hp_per_floor":[75,75,75,75,75,75,75,75,75,75,82,82,92,92,92,92,92,92,92,92,92,92,92,92,92,92,92,92,92,92,92,92,92,92,92,92,92,92,92,92,92,92,92,92,92,92,92,92,92,92],"card_choices":[{"not_picked":["Conserve Battery","Leap"],"picked":"Go for the Eyes","floor":1},{"not_picked":["Gash","Recycle"],"picked":"Undo","floor":2},{"not_picked":["Aggregate","Sunder"],"picked":"Leap","floor":3},{"not_picked":["Coolheaded","Recycle"],"picked":"Chill","floor":7},{"not_picked":["Steam Power","Steam"],"picked":"Conserve Battery","floor":11},{"not_picked":["Stack","Steam"],"picked":"Ball Lightning","floor":13},{"not_picked":["Rip and Tear","Reprogram"],"picked":"Self Repair","floor":14},{"not_picked":["Biased Cognition","Electrodynamics"],"picked":"All For One","floor":16},{"not_picked":["Go for the Eyes","Sweeping Beam"],"picked":"Redo","floor":17},{"not_picked":["Biased Cognition","Heatsinks"],"picked":"Hologram","floor":17},{"not_picked":["Self Repair","Leap"],"picked":"Doom and Gloom","floor":17},{"not_picked":["Sunder","Darkness"],"picked":"Double Energy","floor":17},{"not_picked":["Sweeping Beam","Leap"],"picked":"Consume","floor":17},{"not_picked":["Darkness","Stack"],"picked":"Static Discharge","floor":18},{"not_picked":["Barrage+1","Sunder"],"picked":"Gash+1","floor":19},{"not_picked":["Conserve Battery","Compile Driver"],"picked":"Beam Cell","floor":20},{"not_picked":["Compile Driver+1","Rebound","Leap"],"picked":"SKIP","floor":22},{"not_picked":["Compile Driver","Meteor Strike","Ball Lightning+1"],"picked":"SKIP","floor":24},{"not_picked":["Stack+1","Steam Power+1"],"picked":"Defragment","floor":28},{"not_picked":["Hologram","Undo+1"],"picked":"Auto Shields","floor":29},{"not_picked":["Compile Driver+1","Streamline","Sweeping Beam+1"],"picked":"SKIP","floor":30},{"not_picked":["Melter","Hologram"],"picked":"Gash","floor":31},{"not_picked":["Hyperbeam","Thunder Strike"],"picked":"Reboot","floor":33},{"not_picked":["Hologram","Loop"],"picked":"Scrape+1","floor":35},{"not_picked":["Coolheaded","Redo"],"picked":"Glacier+1","floor":36},{"not_picked":["Stack+1","Auto Shields","Double Energy"],"picked":"SKIP","floor":39},{"not_picked":["Rip and Tear","Sunder+1","Coolheaded+1"],"picked":"SKIP","floor":41},{"not_picked":["Rip and Tear","Sunder+1"],"picked":"Coolheaded+1","floor":41},{"not_picked":["Compile Driver","Ball Lightning","Leap+1"],"picked":"SKIP","floor":42},{"not_picked":["Steam+1","Undo+1"],"picked":"Reprogram+1","floor":45},{"not_picked":["Steam+1","Compile Driver+1"],"picked":"Loop","floor":47},{"not_picked":["Cold Snap","Heatsinks"],"picked":"Streamline+1","floor":48}],"player_experience":412487,"relics_obtained":[{"floor":7,"key":"Bronze Scales"},{"floor":9,"key":"Oddly Smooth Stone"},{"floor":11,"key":"Strawberry"},{"floor":13,"key":"Pear"},{"floor":24,"key":"Darkstone Periapt"},{"floor":26,"key":"Calipers"},{"floor":29,"key":"Meat on the Bone"},{"floor":41,"key":"Toxic Egg 2"},{"floor":43,"key":"Boot"},{"floor":47,"key":"MawBank"}],"event_choices":[{"cards_removed":["Defend_B"],"damage_healed":0,"gold_gain":0,"player_choice":"Card Removal","damage_taken":7,"max_hp_gain":0,"max_hp_loss":0,"event_name":"Golden Wing","floor":4,"gold_loss":0},{"damage_healed":0,"gold_gain":0,"player_choice":"Take Damage","damage_taken":18,"relics_obtained":["Golden Idol"],"max_hp_gain":0,"max_hp_loss":0,"event_name":"Golden Idol","floor":5,"gold_loss":0},{"damage_healed":0,"gold_gain":0,"player_choice":"Searched \u00272\u0027 times","damage_taken":0,"max_hp_gain":0,"max_hp_loss":0,"event_name":"Dead Adventurer","floor":7,"gold_loss":0},{"damage_healed":0,"gold_gain":0,"cards_transformed":["Strike_B"],"player_choice":"Transformed","damage_taken":0,"max_hp_gain":0,"max_hp_loss":0,"event_name":"Transmorgrifier","floor":25,"gold_loss":0,"cards_obtained":["Gash"]},{"damage_healed":0,"gold_gain":333,"player_choice":"Gave Idol","damage_taken":0,"max_hp_gain":0,"max_hp_loss":0,"event_name":"The Moai Head","floor":38,"relics_lost":["Golden Idol"],"gold_loss":0}],"is_beta":false,"boss_relics":[{"not_picked":["Tiny House","Velvet Choker"],"picked":"Orrery"},{"not_picked":["Pandora\u0027s Box","Sozu"],"picked":"Lizard Tail"}],"items_purged_floors":[21],"is_endless":false,"potions_floor_spawned":[2,7,13,14,19,20,22,30,31,41,42,45,48],"ascension_level":1}