{"gold_per_floor":[116,126,40,215,215,241,273,304,316,340,352,58,58,58,58,162,162,179,179,8,8,23,23],"floor_reached":23,"playtime":1932,"items_purged":["Decay"],"score":214,"play_id":"5666f9e6-87d0-4df7-9e68-ac66ad612ab5","local_time":"20190810024326","is_ascension_mode":false,"campfire_choices":[{"floor":13,"key":"REST"},{"floor":15,"key":"REST"}],"neow_cost":"NONE","seed_source_timestamp":28375510177100,"circlet_count":0,"master_deck":["Strike_G+1","Strike_G+1","Strike_G","Defend_G","Defend_G","Defend_G","Defend_G","Defend_G","Survivor","Neutralize","Predator","Noxious Fumes","Riddle With Holes","Dagger Throw","Doubt","Sucker Punch","Catalyst","Bane","Tactician","Wraith Form v2","Poisoned Stab","Panacea","Underhanded Strike"],"relics":["Ring of the Snake","NeowsBlessing","MawBank","Shuriken","Incense Burner","Empty Cage"],"potions_floor_usage":[16,16,16],"damage_taken":[{"damage":0,"enemies":"Cultist","floor":1,"turns":1},{"damage":0,"enemies":"2 Louse","floor":2,"turns":1},{"damage":0,"enemies":"Lagavulin","floor":6,"turns":1},{"damage":11,"enemies":"Jaw Worm","floor":7,"turns":3},{"damage":7,"enemies":"Looter","floor":8,"turns":2},{"damage":13,"enemies":"Exordium Thugs","floor":10,"turns":5},{"damage":57,"enemies":"The Guardian","floor":16,"turns":9},{"damage":2,"enemies":"Chosen","floor":18,"turns":5},{"damage":22,"enemies":"Shell Parasite","floor":22,"turns":6},{"damage":51,"enemies":"Book of Stabbing","floor":23,"turns":7}],"seed_played":"-2278272100360808642","potions_obtained":[{"floor":1,"key":"AttackPotion"},{"floor":2,"key":"Explosive Potion"},{"floor":7,"key":"Poison Potion"}],"is_trial":false,"path_per_floor":["M","M","$","?","?","E","M","M","T","M","?","$","R","$","R","B",null,"M","?","$","?","M","E"],"character_chosen":"THE_SILENT","items_purchased":["Riddle With Holes","Dagger Throw","Incense Burner","Panacea"],"campfire_rested":2,"item_purchase_floors":[3,3,12,20],"current_hp_per_floor":[70,70,70,70,56,56,45,38,38,25,25,25,46,46,67,10,70,68,68,68,68,46,0],"gold":23,"neow_bonus":"THREE_ENEMY_KILL","is_prod":false,"is_daily":false,"chose_seed":false,"campfire_upgraded":0,"win_rate":0,"timestamp":1565423006,"path_taken":["M","?","$","?","?","E","M","M","T","M","?","?","R","$","R","BOSS","M","?","?","?","M","E"],"build_version":"2019-07-05","purchased_purges":1,"victory":false,"max_hp_per_floor":[70,70,70,70,70,70,70,70,70,70,70,70,70,70,70,70,70,70,70,70,70,70,70],"card_choices":[{"not_picked":["Bouncing Flask","Deflect"],"picked":"Predator","floor":1},{"not_picked":["Deflect","Riddle With Holes"],"picked":"Noxious Fumes","floor":2},{"not_picked":["Cloak And Dagger","Dodge and Roll"],"picked":"Sucker Punch","floor":6},{"not_picked":["Sucker Punch","Slice"],"picked":"Catalyst","floor":7},{"not_picked":["Skewer","Blur"],"picked":"Bane","floor":8},{"not_picked":["Deflect","Quick Slash"],"picked":"Tactician","floor":10},{"not_picked":["Phantasmal Killer","Bullet Time"],"picked":"Wraith Form v2","floor":16},{"not_picked":["Catalyst","Backstab"],"picked":"Poisoned Stab","floor":18},{"not_picked":["Accuracy+1","Dodge and Roll"],"picked":"Underhanded Strike","floor":22}],"player_experience":244396,"relics_obtained":[{"floor":6,"key":"MawBank"},{"floor":9,"key":"Shuriken"}],"event_choices":[{"damage_healed":0,"gold_gain":175,"player_choice":"AGREE","damage_taken":0,"max_hp_gain":0,"max_hp_loss":0,"event_name":"Liars Game","floor":4,"gold_loss":0,"cards_obtained":["Doubt"]},{"damage_healed":0,"gold_gain":0,"player_choice":"Entered Light","damage_taken":14,"max_hp_gain":0,"max_hp_loss":0,"event_name":"Shining Light","floor":5,"gold_loss":0,"cards_upgraded":["Strike_G","Strike_G"]},{"damage_healed":0,"gold_gain":0,"player_choice":"Searched \u00270\u0027 times","damage_taken":0,"max_hp_gain":0,"max_hp_loss":0,"event_name":"Dead Adventurer","floor":11,"gold_loss":0},{"damage_healed":0,"gold_gain":0,"player_choice":"Cursed","damage_taken":0,"max_hp_gain":0,"max_hp_loss":0,"event_name":"Wheel of Change","floor":19,"gold_loss":0,"cards_obtained":["Decay"]},{"damage_healed":0,"gold_gain":0,"player_choice":"Ignored","damage_taken":0,"max_hp_gain":0,"max_hp_loss":0,"event_name":"Ghosts","floor":21,"gold_loss":0}],"is_beta":false,"boss_relics":[{"not_picked":["Coffee Dripper","White Beast Statue"],"picked":"Empty Cage"}],"items_purged_floors":[20],"is_endless":false,"potions_floor_spawned":[1,2,7],"killed_by":"Book of Stabbing","ascension_level":0}