{"gold_per_floor":[114,114,130,2,2,2,37,37,37,37,1,1,17,17,17,121,121,133,98,98,68,68,101,101,118,118,133,133,232,232,105,105,105],"floor_reached":33,"playtime":1406,"items_purged":["Strike_B","Defend_B"],"score":285,"play_id":"9689fa2d-6a99-4b93-a978-4f079c5cb6d0","local_time":"20181024135005","is_ascension_mode":true,"campfire_choices":[{"data":"Glacier","floor":6,"key":"SMITH"},{"data":"Cold Snap","floor":8,"key":"SMITH"},{"floor":10,"key":"REST"},{"data":"Leap","floor":15,"key":"SMITH"},{"floor":24,"key":"REST"},{"data":"Glacier","floor":28,"key":"SMITH"},{"floor":30,"key":"REST"},{"floor":32,"key":"REST"}],"neow_cost":"NONE","seed_source_timestamp":1200381568220751,"circlet_count":0,"master_deck":["Strike_B","Strike_B","Defend_B","Defend_B","Defend_B","Leap+1","Glacier+1","Cold Snap+1","Capacitor+1","Cold Snap+1","Glacier+1","Capacitor+1","Cold Snap+1"],"relics":["Cracked Core","Strawberry","Oddly Smooth Stone","Frozen Egg 2","Molten Egg 2","Eternal Feather","MutagenicStrength","Bag of Preparation","Du-Vu Doll"],"potions_floor_usage":[16,16,19,23,23,33,33],"damage_taken":[{"damage":0,"enemies":"Small Slimes","floor":1,"turns":4},{"damage":9,"enemies":"Jaw Worm","floor":3,"turns":4},{"damage":7,"enemies":"Lagavulin","floor":7,"turns":12},{"damage":0,"enemies":"Cultist","floor":13,"turns":4},{"damage":45,"enemies":"Hexaghost","floor":16,"turns":18},{"damage":3,"enemies":"Chosen","floor":18,"turns":10},{"damage":26,"enemies":"2 Thieves","floor":19,"turns":5},{"damage":41,"enemies":"Slavers","floor":23,"turns":29},{"damage":0,"enemies":"Snecko","floor":25,"turns":9},{"damage":21,"enemies":"Snake Plant","floor":27,"turns":7},{"damage":108,"enemies":"Collector","floor":33,"turns":25}],"seed_played":"-3651991819698206620","potions_obtained":[{"floor":3,"key":"Swift Potion"},{"floor":7,"key":"PowerPotion"},{"floor":16,"key":"FocusPotion"},{"floor":18,"key":"GamblersBrew"},{"floor":21,"key":"GamblersBrew"},{"floor":21,"key":"LiquidBronze"},{"floor":27,"key":"Regen Potion"}],"is_trial":false,"path_per_floor":["M","?","M","$","?","R","E","R","T","R","$","?","M","?","R","B",null,"M","M","?","?","$","E","R","M","T","M","R","?","R","$","R"],"character_chosen":"DEFECT","items_purchased":["Cold Snap","Capacitor+1","Cold Snap+1"],"campfire_rested":4,"item_purchase_floors":[4,11,31],"current_hp_per_floor":[82,82,73,73,61,61,54,54,54,78,78,71,71,71,71,26,82,79,53,53,53,53,12,42,42,42,21,27,27,57,57,82,0],"gold":105,"neow_bonus":"RANDOM_COMMON_RELIC","is_prod":false,"is_daily":false,"chose_seed":false,"campfire_upgraded":4,"win_rate":0,"timestamp":1540403405,"path_taken":["M","?","M","$","?","R","E","R","T","R","$","?","?","?","R","BOSS","M","M","?","?","?","E","R","M","T","?","R","?","R","$","R","BOSS"],"build_version":"2018-10-18","purchased_purges":2,"victory":false,"max_hp_per_floor":[82,82,82,82,82,82,82,82,82,82,82,82,82,82,82,82,82,82,82,82,82,82,82,82,82,82,82,82,82,82,82,82,82],"card_choices":[{"not_picked":["Redo","Stack"],"picked":"Leap","floor":1},{"not_picked":["Tempest","Steam"],"picked":"Glacier","floor":3},{"not_picked":["Seek","Compile Driver","Darkness"],"picked":"SKIP","floor":7},{"not_picked":["Steam","Hologram"],"picked":"Cold Snap+1","floor":13},{"not_picked":["Beam Cell+1","Rebound+1","Streamline+1"],"picked":"SKIP","floor":18},{"not_picked":["Auto Shields","Genetic Algorithm+1"],"picked":"Glacier","floor":19},{"not_picked":["Compile Driver+1","Fission","Ball Lightning+1"],"picked":"SKIP","floor":23},{"not_picked":["Reinforced Body","Reprogram"],"picked":"Capacitor+1","floor":25},{"not_picked":["Chaos","Compile Driver+1","Hello World+1"],"picked":"SKIP","floor":27}],"player_experience":252203,"relics_obtained":[{"floor":7,"key":"Frozen Egg 2"},{"floor":9,"key":"Molten Egg 2"},{"floor":23,"key":"Bag of Preparation"},{"floor":26,"key":"Du-Vu Doll"}],"event_choices":[{"cards_removed":["Strike_B"],"damage_healed":0,"gold_gain":0,"player_choice":"Forget","damage_taken":0,"max_hp_gain":0,"max_hp_loss":0,"event_name":"Living Wall","floor":2,"gold_loss":0},{"damage_healed":0,"gold_gain":0,"player_choice":"Success","damage_taken":12,"relics_obtained":["Oddly Smooth Stone"],"max_hp_gain":0,"max_hp_loss":0,"event_name":"Scrap Ooze","floor":5,"gold_loss":0},{"cards_removed":["Zap"],"damage_healed":0,"gold_gain":0,"player_choice":"Card Removal","damage_taken":7,"max_hp_gain":0,"max_hp_loss":0,"event_name":"Golden Wing","floor":12,"gold_loss":0},{"cards_removed":["Dualcast"],"damage_healed":0,"gold_gain":0,"player_choice":"Offered Basic","damage_taken":0,"max_hp_gain":0,"max_hp_loss":0,"event_name":"Bonfire Elementals","floor":14,"gold_loss":0},{"damage_healed":0,"gold_gain":0,"player_choice":"Inject Mutagens","damage_taken":0,"relics_obtained":["MutagenicStrength"],"max_hp_gain":0,"max_hp_loss":0,"event_name":"Drug Dealer","floor":20,"gold_loss":0},{"damage_healed":0,"gold_gain":0,"player_choice":"Bought 2 Potions","damage_taken":0,"max_hp_gain":0,"max_hp_loss":0,"event_name":"The Woman in Blue","floor":21,"gold_loss":0},{"damage_healed":0,"gold_gain":99,"player_choice":"Stole From Cult","damage_taken":0,"max_hp_gain":0,"max_hp_loss":0,"event_name":"Nest","floor":29,"gold_loss":0}],"is_beta":false,"boss_relics":[{"not_picked":["Runic Pyramid","Ectoplasm"],"picked":"Eternal Feather"}],"items_purged_floors":[4,31],"is_endless":false,"potions_floor_spawned":[3,7,16,18,27],"killed_by":"Collector","ascension_level":2}