{"gold_per_floor":[119,129,129,39,51,51,51,51,51,70,128,128,145,159,159,257,257,275,275,275,105,118,118],"floor_reached":23,"playtime":3207,"items_purged":[],"score":181,"play_id":"04cc47bb-4a08-4fde-a986-37b872e2ed0c","local_time":"20190803190416","is_ascension_mode":false,"campfire_choices":[{"data":"Heavy Blade","floor":6,"key":"SMITH"},{"data":"Barricade","floor":8,"key":"SMITH"},{"data":"Clothesline","floor":15,"key":"SMITH"}],"neow_cost":"NONE","seed_source_timestamp":149463064543800,"circlet_count":0,"master_deck":["Strike_R","Strike_R","Strike_R","Strike_R","Strike_R","Defend_R+1","Bash","Heavy Blade+1","Barricade+1","Metallicize","Clothesline+1","Pummel+1","Pommel Strike","Pommel Strike","Shrug It Off","Demon Form","Dual Wield","Flash of Steel","Carnage","Carnage+1"],"relics":["Burning Blood","Boot","Orichalcum","Pantograph","Eternal Feather","FaceOfCleric"],"potions_floor_usage":[11,16,16,16,23],"damage_taken":[{"damage":14,"enemies":"2 Louse","floor":1,"turns":2},{"damage":5,"enemies":"Cultist","floor":2,"turns":4},{"damage":11,"enemies":"Jaw Worm","floor":5,"turns":2},{"damage":6,"enemies":"2 Fungi Beasts","floor":10,"turns":3},{"damage":24,"enemies":"3 Sentries","floor":11,"turns":9},{"damage":6,"enemies":"Blue Slaver","floor":13,"turns":2},{"damage":13,"enemies":"Gremlin Gang","floor":14,"turns":5},{"damage":64,"enemies":"Slime Boss","floor":16,"turns":13},{"damage":20,"enemies":"Shell Parasite","floor":18,"turns":5},{"damage":0,"enemies":"Chosen","floor":22,"turns":4},{"damage":75,"enemies":"Book of Stabbing","floor":23,"turns":5}],"seed_played":"4612390314272766038","potions_obtained":[{"floor":5,"key":"BloodPotion"},{"floor":11,"key":"BloodPotion"},{"floor":13,"key":"Regen Potion"},{"floor":14,"key":"Ancient Potion"},{"floor":22,"key":"Dexterity Potion"}],"is_trial":false,"path_per_floor":["M","M","?","$","M","R","?","R","T","M","?","?","M","M","R","B",null,"M","?","?","$","M","E"],"character_chosen":"IRONCLAD","items_purchased":["Metallicize","Clothesline","Flash of Steel","Carnage"],"campfire_rested":0,"item_purchase_floors":[4,4,21,21],"current_hp_per_floor":[72,73,73,73,68,68,68,68,68,68,70,54,54,47,47,49,80,66,66,66,66,73,0],"gold":118,"neow_bonus":"RANDOM_COMMON_RELIC","is_prod":false,"is_daily":false,"chose_seed":false,"campfire_upgraded":3,"win_rate":0.0,"timestamp":1564877056,"path_taken":["M","M","?","$","M","R","?","R","T","?","?","?","M","M","R","BOSS","M","?","?","$","?","E"],"build_version":"2019-07-05","purchased_purges":0,"victory":false,"max_hp_per_floor":[80,80,80,80,80,80,80,80,80,80,80,80,80,80,80,80,80,80,80,80,80,81,81],"card_choices":[{"not_picked":["Anger","Iron Wave"],"picked":"Heavy Blade","floor":1},{"not_picked":["Pommel Strike","Anger"],"picked":"Barricade","floor":2},{"not_picked":["Searing Blow","Flex","Inflame"],"picked":"SKIP","floor":5},{"not_picked":["Body Slam","Reckless Charge"],"picked":"Pommel Strike","floor":10},{"not_picked":["Iron Wave","True Grit"],"picked":"Pommel Strike","floor":11},{"not_picked":["Disarm","Perfected Strike"],"picked":"Shrug It Off","floor":13},{"not_picked":["Combust","Sever Soul","True Grit"],"picked":"SKIP","floor":14},{"not_picked":["Limit Break","Brutality"],"picked":"Demon Form","floor":16},{"not_picked":["Sword Boomerang","Twin Strike"],"picked":"Dual Wield","floor":18},{"not_picked":["Intimidate","Pommel Strike"],"picked":"Carnage+1","floor":22}],"player_experience":41156,"relics_obtained":[{"floor":9,"key":"Orichalcum"}],"event_choices":[{"cards_removed":["Defend_R"],"damage_healed":0,"gold_gain":0,"player_choice":"Forget","damage_taken":0,"max_hp_gain":0,"max_hp_loss":0,"event_name":"Living Wall","floor":3,"gold_loss":0},{"damage_healed":0,"gold_gain":0,"cards_transformed":["Defend_R"],"player_choice":"Transformed","damage_taken":0,"max_hp_gain":0,"max_hp_loss":0,"event_name":"Transmorgrifier","floor":7,"gold_loss":0,"cards_obtained":["Pummel"]},{"damage_healed":0,"gold_gain":30,"player_choice":"Searched \u00273\u0027 times","damage_taken":0,"relics_obtained":["Pantograph"],"max_hp_gain":0,"max_hp_loss":0,"event_name":"Dead Adventurer","floor":11,"gold_loss":0},{"damage_healed":0,"gold_gain":0,"player_choice":"Entered Light","damage_taken":16,"max_hp_gain":0,"max_hp_loss":0,"event_name":"Shining Light","floor":12,"gold_loss":0,"cards_upgraded":["Pummel","Defend_R"]},{"cards_removed":["Defend_R"],"damage_healed":0,"gold_gain":0,"player_choice":"Elegance","damage_taken":0,"max_hp_gain":0,"max_hp_loss":0,"event_name":"Back to Basics","floor":19,"gold_loss":0},{"damage_healed":0,"gold_gain":0,"player_choice":"Trade","damage_taken":0,"relics_obtained":["FaceOfCleric"],"max_hp_gain":0,"max_hp_loss":0,"event_name":"FaceTrader","floor":20,"gold_loss":0}],"is_beta":false,"boss_relics":[{"not_picked":["Lizard Tail","Sozu"],"picked":"Eternal Feather"}],"items_purged_floors":[],"is_endless":false,"potions_floor_spawned":[5,11,13,14,22],"killed_by":"Book of Stabbing","ascension_level":0}