{"gold_per_floor":[116,130,145,156,174,209,209,241,241,257,30,42,42,56,56,155,155,169,84,84,84,84,84,103,122,152,166,166,248,55,67,67,67],"floor_reached":33,"playtime":8079,"items_purged":[],"score":261,"play_id":"dc54bc00-75b3-4257-9bb8-2792756b7b52","local_time":"20190812201311","is_ascension_mode":false,"campfire_choices":[{"floor":7,"key":"REST"},{"floor":13,"key":"REST"},{"floor":15,"key":"REST"},{"floor":23,"key":"REST"},{"data":"Malaise","floor":28,"key":"SMITH"},{"floor":32,"key":"REST"}],"neow_cost":"NONE","seed_source_timestamp":165189590550400,"circlet_count":0,"master_deck":["Strike_G","Strike_G","Defend_G","Defend_G","Defend_G","Defend_G","Survivor","Neutralize","Blur","Deadly Poison","Bane","Distraction","Outmaneuver","PiercingWail","Flechettes","Storm of Steel","Dagger Spray","Transmutation","Noxious Fumes","Predator","Masterful Stab","Malaise+1","Underhanded Strike+1","Noxious Fumes+1","Acrobatics+1","Choke","Writhe","Eviscerate+1","Backflip","Footwork","Sucker Punch+1","Flechettes+1"],"relics":["Ring of the Snake","Unceasing Top","Sundial","Ninja Scroll","Astrolabe","Shuriken","Meat on the Bone","Tiny Chest","Molten Egg 2","Bronze Scales"],"potions_floor_usage":[8,10,12,14,16,27],"damage_taken":[{"damage":3,"enemies":"Cultist","floor":1,"turns":5},{"damage":5,"enemies":"2 Louse","floor":2,"turns":4},{"damage":0,"enemies":"Small Slimes","floor":3,"turns":4},{"damage":2,"enemies":"2 Fungi Beasts","floor":4,"turns":4},{"damage":0,"enemies":"Large Slime","floor":5,"turns":2},{"damage":35,"enemies":"3 Sentries","floor":6,"turns":9},{"damage":31,"enemies":"Lagavulin","floor":8,"turns":9},{"damage":2,"enemies":"Looter","floor":10,"turns":2},{"damage":12,"enemies":"Blue Slaver","floor":12,"turns":3},{"damage":5,"enemies":"Exordium Thugs","floor":14,"turns":4},{"damage":24,"enemies":"Slime Boss","floor":16,"turns":7},{"damage":30,"enemies":"Spheric Guardian","floor":18,"turns":5},{"damage":10,"enemies":"3 Byrds","floor":24,"turns":5},{"damage":3,"enemies":"Snake Plant","floor":25,"turns":5},{"damage":11,"enemies":"Chosen and Byrds","floor":27,"turns":6},{"damage":34,"enemies":"Centurion and Healer","floor":31,"turns":5},{"damage":75,"enemies":"Champ","floor":33,"turns":10}],"seed_played":"-5730416388492443623","potions_obtained":[{"floor":4,"key":"LiquidBronze"},{"floor":6,"key":"Poison Potion"},{"floor":10,"key":"Dexterity Potion"},{"floor":12,"key":"PowerPotion"},{"floor":14,"key":"LiquidBronze"},{"floor":25,"key":"EssenceOfSteel"},{"floor":31,"key":"SneckoOil"}],"is_trial":false,"path_per_floor":["M","M","M","M","M","E","R","E","T","M","$","M","R","M","R","B",null,"M","?","?","?","?","R","M","M","T","M","R","T","$","M","R","B"],"character_chosen":"THE_SILENT","items_purchased":["Transmutation","Noxious Fumes","Bronze Scales","Sucker Punch+1"],"campfire_rested":5,"item_purchase_floors":[11,11,30,30],"current_hp_per_floor":[67,62,62,60,60,25,46,15,15,13,13,1,22,17,38,14,70,40,40,40,40,27,49,39,48,48,49,49,49,49,27,49,0],"gold":67,"neow_bonus":"TRANSFORM_CARD","is_prod":false,"is_daily":false,"chose_seed":false,"campfire_upgraded":1,"win_rate":0,"timestamp":1565658791,"path_taken":["M","M","M","?","M","E","R","E","T","M","$","M","R","M","R","BOSS","M","?","?","?","?","R","M","M","T","M","R","?","?","?","R","BOSS"],"build_version":"2019-07-05","purchased_purges":0,"victory":false,"max_hp_per_floor":[70,70,70,70,70,70,70,70,70,70,70,70,70,70,70,70,70,70,70,70,70,75,75,75,75,75,75,75,75,75,75,75,75],"card_choices":[{"not_picked":["Backflip","Cloak And Dagger"],"picked":"Deadly Poison","floor":1},{"not_picked":["All Out Attack","Sucker Punch"],"picked":"Bane","floor":2},{"not_picked":["Dagger Throw","Predator"],"picked":"Distraction","floor":3},{"not_picked":["Heel Hook","Accuracy"],"picked":"Outmaneuver","floor":4},{"not_picked":["Slice","Dodge and Roll"],"picked":"PiercingWail","floor":5},{"not_picked":["Dagger Throw","Underhanded Strike"],"picked":"Flechettes","floor":6},{"not_picked":["Acrobatics","Skewer"],"picked":"Storm of Steel","floor":8},{"not_picked":["Bane","Heel Hook"],"picked":"Dagger Spray","floor":10},{"not_picked":["Sucker Punch","Noxious Fumes"],"picked":"Predator","floor":12},{"not_picked":["Sucker Punch","Predator"],"picked":"Masterful Stab","floor":14},{"not_picked":["Doppelganger","Glass Knife"],"picked":"Malaise","floor":16},{"not_picked":["Backstab+1","Flechettes+1","Blade Dance"],"picked":"SKIP","floor":18},{"not_picked":["Poisoned Stab","Dagger Spray"],"picked":"Eviscerate+1","floor":24},{"not_picked":["Outmaneuver","Crippling Poison"],"picked":"Backflip","floor":25},{"not_picked":["Acrobatics+1","Glass Knife"],"picked":"Footwork","floor":27},{"not_picked":["Sucker Punch+1","Slice+1"],"picked":"Flechettes+1","floor":31}],"player_experience":275059,"relics_obtained":[{"floor":6,"key":"Unceasing Top"},{"floor":8,"key":"Sundial"},{"floor":9,"key":"Ninja Scroll"},{"floor":26,"key":"Tiny Chest"},{"floor":29,"key":"Molten Egg 2"}],"event_choices":[{"damage_healed":0,"gold_gain":0,"player_choice":"Obtained Relic","damage_taken":0,"relics_obtained":["Shuriken"],"max_hp_gain":0,"max_hp_loss":0,"event_name":"Addict","floor":19,"gold_loss":85},{"damage_healed":0,"gold_gain":0,"player_choice":"Read","damage_taken":0,"max_hp_gain":0,"max_hp_loss":0,"event_name":"The Library","floor":20,"gold_loss":0,"cards_obtained":["Choke"]},{"damage_healed":0,"gold_gain":0,"player_choice":"Opened","damage_taken":0,"relics_obtained":["Meat on the Bone"],"max_hp_gain":0,"max_hp_loss":0,"event_name":"The Mausoleum","floor":21,"gold_loss":0,"cards_obtained":["Writhe"]},{"damage_healed":0,"gold_gain":0,"player_choice":"Shed Blood","damage_taken":18,"max_hp_gain":5,"max_hp_loss":0,"event_name":"Forgotten Altar","floor":22,"gold_loss":0}],"is_beta":false,"boss_relics":[{"not_picked":["Orrery","Ring of the Serpent"],"picked":"Astrolabe"}],"items_purged_floors":[],"is_endless":false,"potions_floor_spawned":[4,6,10,12,14,25,31],"killed_by":"Champ","ascension_level":0}