{"gold_per_floor":[115,190,190,190,61,102,102,102,129,129,142,142,213,228,228,349,349,368,386,233,248,272,272,305,305,329,254,254],"floor_reached":28,"playtime":1136,"items_purged":["Injury","Strike_R"],"score":293,"play_id":"6bd7cbd5-a741-467c-8eef-0b0561d3f243","local_time":"20190310102938","is_ascension_mode":true,"campfire_choices":[{"data":"Whirlwind","floor":7,"key":"SMITH"},{"data":"Shrug It Off","floor":10,"key":"SMITH"},{"data":"Bash","floor":12,"key":"SMITH"},{"data":"Limit Break","floor":15,"key":"SMITH"},{"floor":23,"key":"REST"},{"floor":25,"key":"REST"}],"neow_cost":"NONE","seed_source_timestamp":746470493327206,"circlet_count":0,"master_deck":["Strike_R","Strike_R","Strike_R","Defend_R","Defend_R","Defend_R","Defend_R","Bash+1","Whirlwind+1","Shrug It Off+1","Twin Strike","Limit Break+1","Heavy Blade","True Grit","Evolve"],"relics":["Burning Blood","Vajra","Golden Idol","Boot","Potion Belt","Tiny Chest","Velvet Choker","Smiling Mask","Dream Catcher"],"potions_floor_usage":[16,24,24,24],"damage_taken":[{"damage":6,"enemies":"Small Slimes","floor":1,"turns":3},{"damage":32,"enemies":"Gremlin Nob","floor":6,"turns":4},{"damage":0,"enemies":"2 Louse","floor":11,"turns":3},{"damage":10,"enemies":"3 Sentries","floor":13,"turns":3},{"damage":7,"enemies":"Jaw Worm","floor":14,"turns":3},{"damage":60,"enemies":"Hexaghost","floor":16,"turns":11},{"damage":17,"enemies":"Spheric Guardian","floor":18,"turns":4},{"damage":22,"enemies":"2 Thieves","floor":19,"turns":3},{"damage":12,"enemies":"Chosen and Byrds","floor":21,"turns":4},{"damage":17,"enemies":"Centurion and Healer","floor":22,"turns":5},{"damage":56,"enemies":"Book of Stabbing","floor":24,"turns":5},{"damage":35,"enemies":"Sentry and Sphere","floor":28,"turns":6}],"seed_played":"-5569420129449803768","potions_obtained":[{"floor":1,"key":"SneckoOil"},{"floor":13,"key":"Block Potion"},{"floor":16,"key":"LiquidBronze"},{"floor":21,"key":"Strength Potion"},{"floor":24,"key":"GamblersBrew"}],"is_trial":false,"path_per_floor":["M","?","?","?","$","E","R","?","T","R","M","R","E","M","R","B",null,"M","M","$","M","M","R","E","R","T","?","M"],"character_chosen":"IRONCLAD","items_purchased":["Shrug It Off","True Grit"],"campfire_rested":2,"item_purchase_floors":[5,20],"current_hp_per_floor":[80,69,69,69,69,43,43,69,69,69,75,75,71,70,70,16,80,69,53,53,47,36,60,10,34,34,34,0],"gold":254,"neow_bonus":"RANDOM_COMMON_RELIC","is_prod":false,"is_daily":false,"chose_seed":false,"campfire_upgraded":4,"win_rate":0,"timestamp":1552228178,"path_taken":["M","?","?","?","$","E","R","?","T","R","M","R","E","M","R","BOSS","M","M","$","M","M","R","E","R","T","?","M"],"build_version":"2019-01-23","purchased_purges":2,"victory":false,"max_hp_per_floor":[80,80,80,80,80,80,80,80,80,80,80,80,80,80,80,80,80,80,80,80,80,80,80,80,80,80,80,80],"card_choices":[{"not_picked":["Sever Soul","Burning Pact"],"picked":"Whirlwind","floor":1},{"not_picked":["Seeing Red","Intimidate","Infernal Blade"],"picked":"SKIP","floor":6},{"not_picked":["Hemokinesis","Rupture"],"picked":"Twin Strike","floor":11},{"not_picked":["Flex","Entrench"],"picked":"Limit Break","floor":13},{"not_picked":["Rage","Warcry","Seeing Red"],"picked":"SKIP","floor":14},{"not_picked":["Havoc","Wild Strike"],"picked":"Heavy Blade","floor":18},{"not_picked":["Intimidate","Burning Pact","Anger+1"],"picked":"SKIP","floor":19},{"not_picked":["Perfected Strike","Corruption"],"picked":"Evolve","floor":21},{"not_picked":["Iron Wave","Corruption+1","Sword Boomerang"],"picked":"SKIP","floor":22},{"not_picked":["Warcry","Cleave","Bludgeon"],"picked":"SKIP","floor":24}],"player_experience":284408,"relics_obtained":[{"floor":6,"key":"Boot"},{"floor":9,"key":"Potion Belt"},{"floor":13,"key":"Tiny Chest"},{"floor":24,"key":"Smiling Mask"},{"floor":26,"key":"Dream Catcher"}],"event_choices":[{"damage_healed":0,"gold_gain":75,"player_choice":"Gather Gold","damage_taken":11,"max_hp_gain":0,"max_hp_loss":0,"event_name":"World of Goop","floor":2,"gold_loss":0},{"damage_healed":0,"gold_gain":0,"player_choice":"Ignored","damage_taken":0,"max_hp_gain":0,"max_hp_loss":0,"event_name":"Shining Light","floor":3,"gold_loss":0},{"damage_healed":0,"gold_gain":0,"player_choice":"Take Wound","damage_taken":0,"relics_obtained":["Golden Idol"],"max_hp_gain":0,"max_hp_loss":0,"event_name":"Golden Idol","floor":4,"gold_loss":0,"cards_obtained":["Injury"]},{"damage_healed":26,"gold_gain":0,"player_choice":"Banana","damage_taken":0,"max_hp_gain":0,"max_hp_loss":0,"event_name":"Big Fish","floor":8,"gold_loss":0},{"cards_removed":["Strike_R"],"damage_healed":0,"gold_gain":0,"player_choice":"Gave Gold","damage_taken":0,"max_hp_gain":0,"max_hp_loss":0,"event_name":"Beggar","floor":27,"gold_loss":75}],"is_beta":false,"boss_relics":[{"not_picked":["Coffee Dripper","Orrery"],"picked":"Velvet Choker"}],"items_purged_floors":[5,20],"is_endless":false,"potions_floor_spawned":[1,13,16,21,24],"killed_by":"Sentry and Sphere","ascension_level":4}