{"gold_per_floor":[110,122,142,158,158,158,158,174,197,217,217,246,246,264,264,340,340,350,366,378,303,11,11,45,45,71,71,82,82,102,116,116,116],"floor_reached":33,"playtime":2773,"items_purged":["Strike_G"],"score":562,"play_id":"927d5e5e-a6bf-48eb-8488-46b37d942270","local_time":"20190929183835","is_ascension_mode":true,"campfire_choices":[{"data":"Neutralize","floor":6.0,"key":"SMITH"},{"floor":11.0,"key":"REST"},{"floor":13.0,"key":"REST"},{"data":"Leg Sweep","floor":15.0,"key":"SMITH"},{"floor":23,"key":"REST"},{"data":"Noxious Fumes","floor":25,"key":"SMITH"},{"floor":27,"key":"REST"},{"floor":32,"key":"REST"}],"neow_cost":"NONE","seed_source_timestamp":1132750586025400,"circlet_count":0,"master_deck":["AscendersBane","Strike_G","Strike_G","Defend_G","Defend_G+1","Defend_G","Defend_G","Defend_G","Survivor+1","Neutralize+1","PiercingWail","Predator","Dagger Throw","Backflip","Caltrops","Corpse Explosion","Leg Sweep+1","Adrenaline","Noxious Fumes+1","Dodge and Roll+1","Footwork","Envenom","Well Laid Plans","Noxious Fumes+1"],"special_seed":0,"relics":["Ring of the Snake","Smiling Mask","Art of War","Philosopher\u0027s Stone","War Paint","Pen Nib","MealTicket"],"potions_floor_usage":[18,31,31],"damage_taken":[{"damage":11.0,"enemies":"Cultist","floor":1.0,"turns":5.0},{"damage":20.0,"enemies":"Jaw Worm","floor":2.0,"turns":10.0},{"damage":3.0,"enemies":"2 Louse","floor":3.0,"turns":4.0},{"damage":5.0,"enemies":"Gremlin Gang","floor":4.0,"turns":7.0},{"damage":5.0,"enemies":"2 Fungi Beasts","floor":8.0,"turns":4.0},{"damage":3.0,"enemies":"Looter","floor":10.0,"turns":2.0},{"damage":33.0,"enemies":"3 Sentries","floor":12.0,"turns":12.0},{"damage":1.0,"enemies":"Red Slaver","floor":14.0,"turns":5.0},{"damage":21,"enemies":"Hexaghost","floor":16,"turns":11},{"damage":9,"enemies":"2 Thieves","floor":18,"turns":3},{"damage":9,"enemies":"Shell Parasite","floor":19,"turns":6},{"damage":23,"enemies":"Snake Plant","floor":20,"turns":6},{"damage":20,"enemies":"Book of Stabbing","floor":24,"turns":8},{"damage":13,"enemies":"Centurion and Healer","floor":28,"turns":6},{"damage":27,"enemies":"Cultist and Chosen","floor":30,"turns":5},{"damage":0,"enemies":"Snake Plant","floor":31,"turns":5},{"damage":36,"enemies":"Champ","floor":33,"turns":13}],"seed_played":"3015220663102381999","potions_obtained":[{"floor":2.0,"key":"Energy Potion"},{"floor":4.0,"key":"Explosive Potion"},{"floor":8.0,"key":"Block Potion"},{"floor":12.0,"key":"Weak Potion"},{"floor":16,"key":"AttackPotion"},{"floor":19,"key":"Fire Potion"},{"floor":24,"key":"CunningPotion"},{"floor":28,"key":"Block Potion"}],"is_trial":false,"path_per_floor":["M","M","M","M","?","R","?","M","T","M","R","E","R","M","R","B",null,"M","M","M","?","$","R","E","R","T","R","M","?","M","M","R","B"],"character_chosen":"THE_SILENT","items_purchased":["Footwork","War Paint"],"campfire_rested":5,"item_purchase_floors":[22,22],"current_hp_per_floor":[54,34,31,26,31,31,31,26,26,23,46,13,36,35,35,14,61,52,43,20,20,20,43,23,23,23,46,33,33,6,6,29,0],"gold":116,"neow_bonus":"TEN_PERCENT_HP_BONUS","is_prod":false,"is_daily":false,"chose_seed":false,"campfire_upgraded":3,"win_rate":0,"timestamp":1569807515,"path_taken":["M","?","M","M","?","R","?","?","T","M","R","E","R","M","R","BOSS","M","M","?","?","$","R","E","R","T","R","M","?","?","M","R","BOSS"],"build_version":"2019-09-27","purchased_purges":1,"victory":false,"max_hp_per_floor":[72,72,72,72,77,77,77,77,77,77,77,77,77,77,77,77,77,77,77,77,77,77,77,77,77,77,77,77,77,77,77,77,77],"card_choices":[{"not_picked":["Slice","Dodge and Roll"],"picked":"PiercingWail","floor":1.0},{"not_picked":["Distraction","Accuracy","Outmaneuver"],"picked":"SKIP","floor":2.0},{"not_picked":["Dagger Spray","Riddle With Holes"],"picked":"Predator","floor":3.0},{"not_picked":["Expertise","Cloak And Dagger"],"picked":"Dagger Throw","floor":4.0},{"not_picked":["Endless Agony","Sucker Punch"],"picked":"Backflip","floor":8.0},{"not_picked":["Prepared","PiercingWail"],"picked":"Caltrops","floor":10.0},{"not_picked":["Skewer","Reflex"],"picked":"Corpse Explosion","floor":12.0},{"not_picked":["Bouncing Flask","Dagger Spray"],"picked":"Leg Sweep","floor":14.0},{"not_picked":["Storm of Steel","Corpse Explosion"],"picked":"Adrenaline","floor":16},{"not_picked":["Reflex","Acrobatics"],"picked":"Noxious Fumes","floor":18},{"not_picked":["Choke","Sucker Punch"],"picked":"Dodge and Roll+1","floor":19},{"not_picked":["Outmaneuver","Masterful Stab","Choke"],"picked":"SKIP","floor":20},{"not_picked":["Quick Slash","Slice"],"picked":"Envenom","floor":24},{"not_picked":["Underhanded Strike","Slice"],"picked":"Well Laid Plans","floor":28},{"not_picked":["Poisoned Stab","Expertise","Prepared"],"picked":"SKIP","floor":30},{"not_picked":["Deflect","Sucker Punch","Quick Slash"],"picked":"SKIP","floor":31}],"player_experience":1500803,"relics_obtained":[{"floor":9.0,"key":"Smiling Mask"},{"floor":12.0,"key":"Art of War"},{"floor":24,"key":"Pen Nib"},{"floor":26,"key":"MealTicket"}],"event_choices":[{"damage_healed":0.0,"max_hp_gain":5.0,"max_hp_loss":0.0,"gold_gain":0.0,"event_name":"Big Fish","player_choice":"Donut","floor":5.0,"gold_loss":0.0,"damage_taken":0.0},{"cards_removed":["Strike_G"],"damage_healed":0.0,"max_hp_gain":0.0,"max_hp_loss":0.0,"gold_gain":0.0,"event_name":"Purifier","player_choice":"Purged","floor":7.0,"gold_loss":0.0,"damage_taken":0.0},{"cards_removed":["Strike_G"],"damage_healed":0,"gold_gain":0,"player_choice":"Gave Gold","damage_taken":0,"max_hp_gain":0,"max_hp_loss":0,"event_name":"Beggar","floor":21,"gold_loss":75},{"damage_healed":0,"gold_gain":0,"player_choice":"Copied","damage_taken":0,"max_hp_gain":0,"max_hp_loss":0,"event_name":"Duplicator","floor":29,"gold_loss":0,"cards_obtained":["Noxious Fumes"]}],"is_beta":true,"boss_relics":[{"not_picked":["Pandora\u0027s Box","Runic Dome"],"picked":"Philosopher\u0027s Stone"}],"items_purged_floors":[22],"is_endless":false,"potions_floor_spawned":[2,4,8,12,16,19,24,28],"killed_by":"Champ","ascension_level":18}