{"gold_per_floor":[111,131,143,153,78,88,123,123,123,136,147,166,191,205,205,306,306,319,331,348,298,315,315,315],"floor_reached":24,"playtime":3496,"items_purged":["Strike_G"],"score":216,"play_id":"fc387056-a44b-476a-bd86-3755e5ae95cd","local_time":"20190809192535","is_ascension_mode":false,"campfire_choices":[{"floor":8,"key":"REST"},{"floor":15,"key":"REST"},{"data":"Neutralize","floor":23,"key":"SMITH"}],"neow_cost":"NONE","seed_source_timestamp":545478473700,"circlet_count":0,"master_deck":["Strike_G","Strike_G","Strike_G","Strike_G","Defend_G","Defend_G","Defend_G","Defend_G","Defend_G","Survivor","Neutralize+1","Finesse","Bane","Bane","Dagger Throw","Noxious Fumes","Escape Plan","Tactician","Crippling Poison","Catalyst","Dash","Catalyst","Flechettes","Tools of the Trade","Blur+1","Dagger Throw","Deadly Poison+1"],"relics":["Ring of the Snake","Letter Opener","Mercury Hourglass","Orichalcum","Eternal Feather"],"potions_floor_usage":[7,16,16,16,20],"damage_taken":[{"damage":1,"enemies":"Cultist","floor":1,"turns":4},{"damage":1,"enemies":"Jaw Worm","floor":2,"turns":3},{"damage":5,"enemies":"2 Louse","floor":3,"turns":2},{"damage":6,"enemies":"Red Slaver","floor":4,"turns":4},{"damage":0,"enemies":"Exordium Wildlife","floor":6,"turns":3},{"damage":21,"enemies":"3 Sentries","floor":7,"turns":7},{"damage":0,"enemies":"Large Slime","floor":10,"turns":4},{"damage":0,"enemies":"3 Louse","floor":11,"turns":2},{"damage":12,"enemies":"Red Slaver","floor":12,"turns":4},{"damage":14,"enemies":"Gremlin Nob","floor":13,"turns":4},{"damage":5,"enemies":"Lots of Slimes","floor":14,"turns":2},{"damage":14,"enemies":"Hexaghost","floor":16,"turns":6},{"damage":4,"enemies":"3 Byrds","floor":18,"turns":3},{"damage":6,"enemies":"Chosen","floor":19,"turns":5},{"damage":16,"enemies":"Snecko","floor":20,"turns":4},{"damage":28,"enemies":"3 Cultists","floor":22,"turns":6},{"damage":32,"enemies":"Centurion and Healer","floor":24,"turns":4}],"seed_played":"-2466903651370496938","potions_obtained":[{"floor":4,"key":"AttackPotion"},{"floor":10,"key":"Ancient Potion"},{"floor":11,"key":"Strength Potion"},{"floor":13,"key":"PowerPotion"},{"floor":16,"key":"PowerPotion"}],"is_trial":false,"path_per_floor":["M","M","M","M","$","M","E","R","T","M","M","M","E","M","R","B",null,"M","M","M","?","M","R","M"],"character_chosen":"THE_SILENT","items_purchased":[],"campfire_rested":2,"item_purchase_floors":[],"current_hp_per_floor":[69,68,63,57,57,57,36,57,57,57,57,45,31,26,47,33,70,66,60,44,44,16,31,0],"gold":315,"neow_bonus":"RANDOM_COLORLESS","is_prod":false,"is_daily":false,"chose_seed":false,"campfire_upgraded":1,"win_rate":0,"timestamp":1565396735,"path_taken":["M","M","M","?","?","M","E","R","T","M","M","M","E","M","R","BOSS","M","M","M","?","M","R","M"],"build_version":"2019-07-05","purchased_purges":1,"victory":false,"max_hp_per_floor":[70,70,70,70,70,70,70,70,70,70,70,70,70,70,70,70,70,70,70,70,70,70,70,70],"card_choices":[{"not_picked":["Slice","Tactician"],"picked":"Bane","floor":1},{"not_picked":["Underhanded Strike","PiercingWail"],"picked":"Bane","floor":2},{"not_picked":["Underhanded Strike","Prepared"],"picked":"Dagger Throw","floor":3},{"not_picked":["Dagger Spray","Finisher"],"picked":"Noxious Fumes","floor":4},{"not_picked":["Flying Knee","Unload"],"picked":"Escape Plan","floor":6},{"not_picked":["Accuracy","Outmaneuver"],"picked":"Tactician","floor":7},{"not_picked":["Terror","Prepared"],"picked":"Crippling Poison","floor":10},{"not_picked":["Footwork","Quick Slash"],"picked":"Catalyst","floor":11},{"not_picked":["Quick Slash","Skewer"],"picked":"Dash","floor":12},{"not_picked":["Dagger Spray","Expertise"],"picked":"Catalyst","floor":13},{"not_picked":["Flying Knee","PiercingWail"],"picked":"Flechettes","floor":14},{"not_picked":["Glass Knife","Unload"],"picked":"Tools of the Trade","floor":16},{"not_picked":["Dagger Throw+1","Sucker Punch+1"],"picked":"Blur+1","floor":18},{"not_picked":["Flying Knee","Quick Slash"],"picked":"Dagger Throw","floor":19},{"not_picked":["Choke+1","Slice+1","Infinite Blades+1"],"picked":"SKIP","floor":20},{"not_picked":["Masterful Stab","Finisher"],"picked":"Deadly Poison+1","floor":22}],"player_experience":232059,"relics_obtained":[{"floor":7,"key":"Letter Opener"},{"floor":9,"key":"Mercury Hourglass"},{"floor":13,"key":"Orichalcum"}],"event_choices":[{"damage_healed":0,"gold_gain":0,"player_choice":"Bet on Murderer","damage_taken":0,"max_hp_gain":0,"max_hp_loss":0,"event_name":"The Joust","floor":21,"gold_loss":50}],"is_beta":false,"boss_relics":[{"not_picked":["Black Star","Snecko Eye"],"picked":"Eternal Feather"}],"items_purged_floors":[5],"is_endless":false,"potions_floor_spawned":[4,10,11,13,16],"killed_by":"Centurion and Healer","ascension_level":0}