{"gold_per_floor":[115,130,150,150,100,132,132,146,170,181,181,196,196,210,210],"floor_reached":15,"playtime":366,"items_purged":[],"score":199,"play_id":"464b4749-5d1b-41f3-90bc-7dc765395d9a","local_time":"20181027133703","daily_mods":["Insanity","Blue Cards","Binary"],"is_ascension_mode":false,"campfire_choices":[{"data":"Demon Form","floor":7.0,"key":"SMITH"},{"data":"True Grit","floor":11.0,"key":"SMITH"},{"data":"Barricade","floor":13.0,"key":"SMITH"}],"neow_cost":"","seed_source_timestamp":0,"circlet_count":0,"master_deck":["Barricade+1","Evolve","Power Through","Wild Strike","Power Through+1","Headbutt","Cleave","Sentinel","Spot Weakness","Wild Strike","Double Tap","Battle Trance","Power Through","Demon Form+1","Reckless Charge","Havoc","Power Through","Burning Pact","Clash","Blood for Blood","Berserk","Rupture","Disarm","Havoc","Disarm","Combust","Wild Strike","Combust","Carnage","Cleave","Immolate","Shockwave","Berserk","Power Through+1","Berserk","Rampage","Metallicize","Heavy Blade","Dual Wield","Hemokinesis","Blood for Blood","Brutality","Wild Strike","Pummel","Bludgeon","Defend_R","Corruption","Uppercut","Pummel","True Grit+1","Evolve","Reaper","Turbo"],"special_seed":0,"relics":["Burning Blood","Potion Belt","Regal Pillow"],"potions_floor_usage":[14,14,14],"damage_taken":[{"damage":8.0,"enemies":"Small Slimes","floor":1.0,"turns":2.0},{"damage":0.0,"enemies":"2 Louse","floor":2.0,"turns":2.0},{"damage":3.0,"enemies":"Jaw Worm","floor":3.0,"turns":2.0},{"damage":43.0,"enemies":"Lagavulin","floor":6.0,"turns":5.0},{"damage":0.0,"enemies":"2 Fungi Beasts","floor":8.0,"turns":3.0},{"damage":12.0,"enemies":"Blue Slaver","floor":10.0,"turns":2.0},{"damage":17.0,"enemies":"3 Louse","floor":12.0,"turns":2.0},{"damage":13,"enemies":"Exordium Thugs","floor":14,"turns":4}],"seed_played":"4888894532594747622","potions_obtained":[{"floor":6.0,"key":"BloodPotion"},{"floor":8.0,"key":"BloodPotion"},{"floor":12.0,"key":"Explosive Potion"}],"is_trial":true,"path_per_floor":["M","M","M","?","?","E","R","M","T","M","R","M","R","M"],"character_chosen":"IRONCLAD","items_purchased":[],"campfire_rested":0,"item_purchase_floors":[],"current_hp_per_floor":[78,80,80,64,64,27,27,41,41,35,35,24,24,37,37],"gold":210,"neow_bonus":"","is_prod":false,"is_daily":false,"chose_seed":false,"campfire_upgraded":3,"win_rate":0,"timestamp":1540661823,"path_taken":["M","M","M","?","?","E","R","M","T","M","R","M","R","M","R"],"build_version":"2018-10-18","purchased_purges":0,"victory":false,"max_hp_per_floor":[80,80,80,80,80,80,80,80,80,80,80,80,80,80,80],"card_choices":[{"not_picked":["Cold Snap"],"picked":"True Grit","floor":1.0},{"not_picked":["BootSequence","Steam"],"picked":"SKIP","floor":2.0},{"not_picked":["Clothesline"],"picked":"Evolve","floor":3.0},{"not_picked":["Clothesline"],"picked":"Reaper","floor":6.0},{"not_picked":["Tempest","Ball Lightning"],"picked":"SKIP","floor":8.0},{"not_picked":["Warcry","Turbo"],"picked":"SKIP","floor":10.0},{"not_picked":["Warcry"],"picked":"Turbo","floor":10.0},{"not_picked":["FTL","Corruption"],"picked":"SKIP","floor":12.0},{"not_picked":["Twin Strike","Hologram"],"picked":"SKIP","floor":14}],"player_experience":257163,"relics_obtained":[{"floor":6.0,"key":"Potion Belt"},{"floor":9.0,"key":"Regal Pillow"}],"event_choices":[{"damage_healed":0.0,"max_hp_gain":0.0,"max_hp_loss":0.0,"gold_gain":0.0,"event_name":"Shining Light","player_choice":"Entered Light","floor":4.0,"gold_loss":0.0,"damage_taken":16.0,"cards_upgraded":["Power Through","Power Through"]},{"cards_removed":["Strike_R"],"damage_healed":0.0,"max_hp_gain":0.0,"max_hp_loss":0.0,"gold_gain":0.0,"event_name":"The Cleric","player_choice":"Card Removal","floor":5.0,"gold_loss":50.0,"damage_taken":0.0}],"is_beta":false,"boss_relics":[],"items_purged_floors":[],"is_endless":false,"potions_floor_spawned":[6,8,12],"ascension_level":0}