{"gold_per_floor":[119,119,119,55,72,72,107,107,107,107,32,46,78,91,91,195,195,205,218,133,133,143,143,143,143,170,170,30,56,56,70,70,70],"floor_reached":33,"playtime":2120,"items_purged":["Defend_R","Strike_R"],"score":325,"play_id":"0d78f824-d8a1-433e-bf5d-28c65d50c8ee","local_time":"20190411214059","is_ascension_mode":true,"campfire_choices":[{"data":"Evolve","floor":6,"key":"SMITH"},{"data":"Bash","floor":8,"key":"SMITH"},{"floor":15,"key":"REST"},{"data":"Second Wind","floor":23,"key":"SMITH"},{"data":"Entrench","floor":30,"key":"SMITH"},{"floor":32,"key":"REST"}],"neow_cost":"NONE","seed_source_timestamp":444095957049761,"circlet_count":0,"master_deck":["Strike_R","Strike_R","Strike_R","Strike_R","Defend_R","Defend_R","Defend_R","Bash+1","Power Through","Evolve+1","Shrug It Off","Second Wind+1","Dark Embrace+1","Entrench+1","Headbutt","Feel No Pain+1"],"relics":["Burning Blood","Calipers","Blood Vial","Shuriken","Frozen Egg 2","Self Forming Clay","Mark of Pain","Happy Flower","Nilry\u0027s Codex","Art of War","Charon\u0027s Ashes","Darkstone Periapt"],"potions_floor_usage":[],"damage_taken":[{"damage":3,"enemies":"2 Louse","floor":1,"turns":4},{"damage":0,"enemies":"Small Slimes","floor":5,"turns":3},{"damage":50,"enemies":"3 Sentries","floor":7,"turns":14},{"damage":1,"enemies":"Cultist","floor":12,"turns":4},{"damage":29,"enemies":"Lagavulin","floor":13,"turns":8},{"damage":5,"enemies":"Looter","floor":14,"turns":4},{"damage":57,"enemies":"The Guardian","floor":16,"turns":20},{"damage":29,"enemies":"Shell Parasite","floor":18,"turns":11},{"damage":4,"enemies":"Chosen","floor":19,"turns":7},{"damage":17,"enemies":"Snake Plant","floor":22,"turns":8},{"damage":51,"enemies":"Gremlin Leader","floor":29,"turns":9},{"damage":21,"enemies":"Shelled Parasite and Fungi","floor":31,"turns":5},{"damage":76,"enemies":"Collector","floor":33,"turns":5}],"seed_played":"6877223327844270980","potions_obtained":[{"floor":5,"key":"FearPotion"},{"floor":16,"key":"SpeedPotion"},{"floor":19,"key":"FearPotion"},{"floor":31,"key":"Strength Potion"}],"is_trial":false,"path_per_floor":["M","?","?","?","M","R","E","R","T","?","$","M","E","M","R","B",null,"M","M","?","?","M","R","?","?","T","T","$","E","R","M","R","B"],"character_chosen":"IRONCLAD","items_purchased":["Feel No Pain+1"],"campfire_rested":2,"item_purchase_floors":[28],"current_hp_per_floor":[88,88,81,81,88,88,44,44,44,44,44,51,30,33,59,10,88,65,69,69,88,77,77,61,88,88,88,88,43,43,30,56,0],"gold":70,"neow_bonus":"TEN_PERCENT_HP_BONUS","is_prod":false,"is_daily":false,"chose_seed":false,"campfire_upgraded":4,"win_rate":0,"timestamp":1555033259,"path_taken":["M","?","?","?","?","R","E","R","T","?","$","M","E","M","R","BOSS","M","M","?","?","?","R","?","?","T","?","?","E","R","M","R","BOSS"],"build_version":"2019-01-23","purchased_purges":2,"victory":false,"max_hp_per_floor":[88,88,88,88,88,88,88,88,88,88,88,88,88,88,88,88,88,88,88,88,88,88,88,88,88,88,88,88,88,88,88,88,88],"card_choices":[{"not_picked":["Shrug It Off","Clash"],"picked":"Power Through","floor":1},{"not_picked":["Second Wind","Sword Boomerang"],"picked":"Evolve","floor":5},{"not_picked":["Bloodletting","Hemokinesis","Sentinel"],"picked":"SKIP","floor":7},{"not_picked":["Body Slam","Rupture+1"],"picked":"Shrug It Off","floor":12},{"not_picked":["Reckless Charge","Double Tap"],"picked":"Shockwave","floor":13},{"not_picked":["Sword Boomerang","Perfected Strike"],"picked":"Second Wind","floor":14},{"not_picked":["Exhume","Reaper"],"picked":"Dark Embrace+1","floor":16},{"not_picked":["Flex+1","Iron Wave"],"picked":"Entrench","floor":18},{"not_picked":["Searing Blow","Twin Strike"],"picked":"Headbutt","floor":19},{"not_picked":["Heavy Blade","Cleave","Evolve+1"],"picked":"SKIP","floor":22},{"not_picked":["Evolve+1","Feel No Pain+1","Flame Barrier"],"picked":"SKIP","floor":29},{"not_picked":["Armaments","Thunderclap","Berserk+1"],"picked":"SKIP","floor":31}],"player_experience":289353,"relics_obtained":[{"floor":7,"key":"Shuriken"},{"floor":9,"key":"Frozen Egg 2"},{"floor":13,"key":"Self Forming Clay"},{"floor":24,"key":"Nilry\u0027s Codex"},{"floor":26,"key":"Art of War"},{"floor":27,"key":"Charon\u0027s Ashes"},{"floor":29,"key":"Darkstone Periapt"}],"event_choices":[{"damage_healed":0,"gold_gain":0,"player_choice":"Box","damage_taken":0,"relics_obtained":["Calipers"],"max_hp_gain":0,"max_hp_loss":0,"event_name":"Big Fish","floor":2,"gold_loss":0,"cards_obtained":["Regret"]},{"cards_removed":["Regret"],"damage_healed":0,"gold_gain":0,"player_choice":"Card Removal","damage_taken":7,"max_hp_gain":0,"max_hp_loss":0,"event_name":"Golden Wing","floor":3,"gold_loss":0},{"damage_healed":0,"gold_gain":0,"player_choice":"Paid Gold","damage_taken":0,"relics_obtained":["Blood Vial"],"max_hp_gain":0,"max_hp_loss":0,"event_name":"WeMeetAgain","floor":4,"gold_loss":64},{"damage_healed":0,"gold_gain":0,"player_choice":"Ignored","damage_taken":0,"max_hp_gain":0,"max_hp_loss":0,"event_name":"Liars Game","floor":10,"gold_loss":0},{"damage_healed":0,"gold_gain":0,"player_choice":"Obtained Relic","damage_taken":0,"relics_obtained":["Happy Flower"],"max_hp_gain":0,"max_hp_loss":0,"event_name":"Addict","floor":20,"gold_loss":85},{"cards_removed":["Shockwave"],"damage_healed":19,"gold_gain":0,"player_choice":"Offered Uncommon","damage_taken":0,"max_hp_gain":0,"max_hp_loss":0,"event_name":"Bonfire Elementals","floor":21,"gold_loss":0},{"damage_healed":0,"gold_gain":0,"player_choice":"Obtained Book","damage_taken":16,"max_hp_gain":0,"max_hp_loss":0,"event_name":"Cursed Tome","floor":24,"gold_loss":0},{"damage_healed":29,"gold_gain":0,"player_choice":"Heal","damage_taken":0,"max_hp_gain":0,"max_hp_loss":0,"event_name":"The Library","floor":25,"gold_loss":0}],"is_beta":false,"boss_relics":[{"not_picked":["Pandora\u0027s Box","Runic Cube"],"picked":"Mark of Pain"}],"items_purged_floors":[11,28],"is_endless":false,"potions_floor_spawned":[5,16,19,31],"killed_by":"Collector","ascension_level":4}