{"gold_per_floor":[219,232,247,264,264,303,303,27,53,53,76,91,56,77,77,200,200,218,317,34,47,47,47,68,68,68,138,154,154,79,79,79,79],"floor_reached":33,"playtime":3553,"items_purged":["Injury"],"score":247,"play_id":"a1dfd16e-a252-4a06-b320-09c125acee51","local_time":"20190805164711","is_ascension_mode":false,"campfire_choices":[{"floor":10,"key":"REST"},{"data":"Terror","floor":15,"key":"SMITH"},{"floor":23,"key":"REST"},{"floor":25,"key":"REST"},{"floor":29,"key":"REST"},{"data":"Enlightenment","floor":32,"key":"SMITH"}],"neow_cost":"NONE","seed_source_timestamp":135102827378299,"circlet_count":0,"master_deck":["Strike_G+1","Strike_G","Strike_G+1","Strike_G","Strike_G","Defend_G","Defend_G","Defend_G","Survivor","Neutralize","Predator","Caltrops","Masterful Stab","Masterful Stab","Acrobatics","Crippling Poison","Calculated Gamble","Leg Sweep","Finisher","Well Laid Plans","Terror+1","Die Die Die","Quick Slash","Die Die Die","Noxious Fumes","Enlightenment+1","Bouncing Flask","Backstab","Tactician+1"],"relics":["Ring of the Snake","Bloody Idol","Whetstone","Juzu Bracelet","Vajra","HoveringKite","Mercury Hourglass","Meat on the Bone"],"potions_floor_usage":[6,16,16,18,18,33,33],"damage_taken":[{"damage":2,"enemies":"Small Slimes","floor":1,"turns":4},{"damage":0,"enemies":"Jaw Worm","floor":2,"turns":3},{"damage":2,"enemies":"Cultist","floor":3,"turns":4},{"damage":14,"enemies":"2 Fungi Beasts","floor":4,"turns":3},{"damage":13,"enemies":"Gremlin Nob","floor":6,"turns":4},{"damage":0,"enemies":"Exordium Wildlife","floor":11,"turns":2},{"damage":4,"enemies":"Red Slaver","floor":12,"turns":3},{"damage":0,"enemies":"3 Louse","floor":14,"turns":2},{"damage":30,"enemies":"Hexaghost","floor":16,"turns":10},{"damage":20,"enemies":"2 Thieves","floor":18,"turns":3},{"damage":8,"enemies":"3 Byrds","floor":21,"turns":3},{"damage":21,"enemies":"Centurion and Healer","floor":24,"turns":4},{"damage":8,"enemies":"3 Cultists","floor":28,"turns":3},{"damage":75,"enemies":"Automaton","floor":33,"turns":8}],"seed_played":"-4750336200444771032","potions_obtained":[{"floor":2,"key":"PowerPotion"},{"floor":4,"key":"Swift Potion"},{"floor":14,"key":"Regen Potion"},{"floor":16,"key":"Poison Potion"},{"floor":24,"key":"Block Potion"},{"floor":28,"key":"Strength Potion"}],"is_trial":false,"path_per_floor":["M","M","M","M","?","E","?","$","T","R","M","M","$","M","R","B",null,"M","?","$","M","?","R","M","R","T","T","M","R","?","?","R","B"],"character_chosen":"THE_SILENT","items_purchased":["Crippling Poison","Calculated Gamble","Explosive Potion","Well Laid Plans","Die Die Die","Noxious Fumes","Enlightenment"],"campfire_rested":4,"item_purchase_floors":[8,8,8,13,20,20,20],"current_hp_per_floor":[68,68,66,52,52,39,39,39,39,60,60,56,56,56,56,41,70,50,50,50,42,42,63,42,63,63,63,55,70,70,70,70,0],"gold":79,"neow_bonus":"HUNDRED_GOLD","is_prod":false,"is_daily":false,"chose_seed":false,"campfire_upgraded":2,"win_rate":0,"timestamp":1565041631,"path_taken":["M","M","M","M","?","E","?","$","T","R","M","M","$","M","R","BOSS","M","?","$","M","?","R","M","R","T","?","M","R","?","?","R","BOSS"],"build_version":"2019-07-05","purchased_purges":1,"victory":false,"max_hp_per_floor":[70,70,70,70,70,70,70,70,70,70,70,70,70,70,70,70,70,70,70,70,70,70,70,70,70,70,70,70,70,70,70,70,70],"card_choices":[{"not_picked":["Blade Dance","Sucker Punch"],"picked":"Predator","floor":1},{"not_picked":["All Out Attack","PiercingWail"],"picked":"Caltrops","floor":2},{"not_picked":["Predator","Deadly Poison"],"picked":"Masterful Stab","floor":3},{"not_picked":["Eviscerate","Deadly Poison"],"picked":"Masterful Stab","floor":4},{"not_picked":["Finisher","Escape Plan"],"picked":"Acrobatics","floor":6},{"not_picked":["Quick Slash","Crippling Poison"],"picked":"Leg Sweep","floor":11},{"not_picked":["Flying Knee","Poisoned Stab"],"picked":"Finisher","floor":12},{"not_picked":["Dagger Spray","Dagger Throw"],"picked":"Terror","floor":14},{"not_picked":["Venomology","Burst"],"picked":"Die Die Die","floor":16},{"not_picked":["Dodge and Roll","Blade Dance"],"picked":"Quick Slash","floor":18},{"not_picked":["Flechettes+1","Deadly Poison"],"picked":"Bouncing Flask","floor":21},{"not_picked":["Sucker Punch","Deflect"],"picked":"Backstab","floor":24},{"not_picked":["Escape Plan","Deadly Poison"],"picked":"Tactician+1","floor":28}],"player_experience":104316,"relics_obtained":[{"floor":6,"key":"Whetstone"},{"floor":7,"key":"Juzu Bracelet"},{"floor":9,"key":"Vajra"},{"floor":26,"key":"Mercury Hourglass"},{"floor":27,"key":"Meat on the Bone"}],"event_choices":[{"damage_healed":0,"gold_gain":0,"player_choice":"Take Wound","damage_taken":0,"relics_obtained":["Golden Idol"],"max_hp_gain":0,"max_hp_loss":0,"event_name":"Golden Idol","floor":5,"gold_loss":0,"cards_obtained":["Injury"]},{"damage_healed":0,"gold_gain":0,"player_choice":"Relic","damage_taken":0,"max_hp_gain":0,"max_hp_loss":0,"event_name":"Wheel of Change","floor":7,"gold_loss":0},{"damage_healed":0,"gold_gain":99,"player_choice":"Stole From Cult","damage_taken":0,"max_hp_gain":0,"max_hp_loss":0,"event_name":"Nest","floor":19,"gold_loss":0},{"cards_removed":["Defend_G"],"damage_healed":0,"gold_gain":0,"player_choice":"Elegance","damage_taken":0,"max_hp_gain":0,"max_hp_loss":0,"event_name":"Back to Basics","floor":22,"gold_loss":0},{"cards_removed":["Defend_G"],"damage_healed":0,"gold_gain":0,"player_choice":"Gave Gold","damage_taken":0,"max_hp_gain":0,"max_hp_loss":0,"event_name":"Beggar","floor":30,"gold_loss":75},{"damage_healed":0,"gold_gain":0,"player_choice":"Gave Idol","damage_taken":0,"relics_obtained":["Bloody Idol"],"max_hp_gain":0,"max_hp_loss":0,"event_name":"Forgotten Altar","floor":31,"relics_lost":["Golden Idol"],"gold_loss":0}],"is_beta":false,"boss_relics":[{"not_picked":["Sozu","Cursed Key"],"picked":"HoveringKite"}],"items_purged_floors":[8],"is_endless":false,"potions_floor_spawned":[2,4,14,16,24,28],"killed_by":"Automaton","ascension_level":0}