{"gold_per_floor":[109,128,303,323,323,350,350,360,360,140,211,222,222,256,256,256],"floor_reached":16,"playtime":507,"items_purged":["Doubt"],"score":127,"play_id":"fb47f335-d23f-4da3-aaa8-94f2dbd68413","local_time":"20190921135159","is_ascension_mode":true,"campfire_choices":[{"data":"Combust","floor":7,"key":"SMITH"},{"floor":13,"key":"REST"},{"data":"Inflame","floor":15,"key":"SMITH"}],"neow_cost":"NONE","seed_source_timestamp":602940887681800,"circlet_count":0,"master_deck":["Strike_R+1","Strike_R","Strike_R","Strike_R","Strike_R","Defend_R","Defend_R","Defend_R","Defend_R","Bash","Twin Strike+1","Combust+1","Dual Wield","Impervious","Carnage","Rupture","Spot Weakness","Corruption","Inflame+1"],"relics":["Burning Blood","Sundial","FossilizedHelix","Bird Faced Urn"],"potions_floor_usage":[12],"damage_taken":[{"damage":8,"enemies":"2 Louse","floor":1,"turns":3},{"damage":13,"enemies":"Jaw Worm","floor":2,"turns":4},{"damage":4,"enemies":"Cultist","floor":4,"turns":3},{"damage":43,"enemies":"Lagavulin","floor":6,"turns":5},{"damage":18,"enemies":"Red Slaver","floor":8,"turns":3},{"damage":11,"enemies":"Exordium Thugs","floor":12,"turns":3},{"damage":13,"enemies":"Gremlin Nob","floor":14,"turns":4},{"damage":35,"enemies":"Slime Boss","floor":16,"turns":6}],"seed_played":"-7847278585514253760","potions_obtained":[{"floor":4,"key":"LiquidBronze"},{"floor":8,"key":"DuplicationPotion"},{"floor":14,"key":"Energy Potion"}],"is_trial":false,"path_per_floor":["M","M","?","M","?","E","R","M","T","$","?","M","R","E","R","B"],"character_chosen":"IRONCLAD","items_purchased":["Rupture","Spot Weakness"],"campfire_rested":1,"item_purchase_floors":[10,10],"current_hp_per_floor":[86,79,79,81,63,26,26,14,14,14,14,9,35,28,28,0],"gold":256,"neow_bonus":"TEN_PERCENT_HP_BONUS","is_prod":false,"is_daily":false,"chose_seed":false,"campfire_upgraded":2,"win_rate":0,"timestamp":1569066719,"path_taken":["M","M","?","M","?","E","R","M","T","$","?","M","R","E","R","BOSS"],"build_version":"2019-09-20","purchased_purges":1,"victory":false,"max_hp_per_floor":[88,88,88,88,88,88,88,88,88,88,88,88,88,88,88,88],"card_choices":[{"not_picked":["True Grit","Headbutt"],"picked":"Twin Strike","floor":1},{"not_picked":["True Grit","Anger"],"picked":"Combust","floor":2},{"not_picked":["Searing Blow","True Grit"],"picked":"Dual Wield","floor":4},{"not_picked":["Pommel Strike","Twin Strike"],"picked":"Impervious","floor":6},{"not_picked":["Heavy Blade","Anger"],"picked":"Carnage","floor":8},{"not_picked":["Combust","Iron Wave"],"picked":"Corruption","floor":12},{"not_picked":["Uppercut","Sentinel"],"picked":"Inflame","floor":14}],"player_experience":272081,"relics_obtained":[{"floor":6,"key":"Sundial"},{"floor":9,"key":"FossilizedHelix"},{"floor":14,"key":"Bird Faced Urn"}],"event_choices":[{"damage_healed":0,"gold_gain":175,"player_choice":"AGREE","damage_taken":0,"max_hp_gain":0,"max_hp_loss":0,"event_name":"Liars Game","floor":3,"gold_loss":0,"cards_obtained":["Doubt"]},{"damage_healed":0,"gold_gain":0,"player_choice":"Entered Light","damage_taken":18,"max_hp_gain":0,"max_hp_loss":0,"event_name":"Shining Light","floor":5,"gold_loss":0,"cards_upgraded":["Twin Strike","Strike_R"]},{"damage_healed":0,"gold_gain":71,"player_choice":"Gained Gold","damage_taken":0,"max_hp_gain":0,"max_hp_loss":0,"event_name":"Golden Wing","floor":11,"gold_loss":0}],"is_beta":true,"boss_relics":[],"items_purged_floors":[10],"is_endless":false,"potions_floor_spawned":[4,8,14],"killed_by":"Slime Boss","ascension_level":3}