{"gold_per_floor":[215,225,225,241,259,300,300,300,355,368,368,368,368,41,41,171,171,187,203,203,219,219,219,260,278,331,354,354,389,413,447,447,576,576,589,260,260,280,280,280,305,305,305,305,364,36,36,67,67,67,67,67,19,59,59],"floor_reached":56,"playtime":5541,"items_purged":["Strike_B","Writhe"],"score":1208,"play_id":"0982658c-3eec-4937-bcc3-4e40179e94b2","local_time":"20190613012256","is_ascension_mode":false,"campfire_choices":[{"data":"Zap","floor":7.0,"key":"SMITH"},{"data":"Dualcast","floor":11.0,"key":"SMITH"},{"data":"Consume","floor":13.0,"key":"SMITH"},{"data":"Capacitor","floor":15.0,"key":"SMITH"},{"data":"Rainbow","floor":23.0,"key":"SMITH"},{"floor":28.0,"key":"REST"},{"floor":32.0,"key":"REST"},{"floor":40,"key":"RECALL"},{"data":"Fission","floor":42,"key":"SMITH"},{"floor":47,"key":"REST"},{"data":"Chaos","floor":49,"key":"SMITH"},{"data":"Rainbow","floor":52,"key":"SMITH"}],"neow_cost":"NONE","seed_source_timestamp":0,"circlet_count":0,"master_deck":["Defend_B","Defend_B","Defend_B","Zap+1","Dualcast+1","Cold Snap","Consume+1","Ball Lightning","Genetic Algorithm","Conserve Battery","Capacitor+1","Panache","Rainbow+1","White Noise+1","Blizzard","Chaos+1","Glacier","Redo+1","Rainbow+1","Compile Driver","BootSequence","Fusion+1","Fission+1","BootSequence+1","Meteor Strike+1","Cold Snap+1","Coolheaded","Capacitor","Stack","Bandage Up","Gash","Leap","Reprogram","Echo Form"],"special_seed":0,"relics":["FrozenCore","Golden Idol","Kunai","Regal Pillow","Meat on the Bone","Juzu Bracelet","Calipers","Blue Candle","Astrolabe","Strawberry","Letter Opener","Pocketwatch","Cables","Symbiotic Virus","Bag of Preparation"],"potions_floor_usage":[54,55,55,55],"damage_taken":[{"damage":1.0,"enemies":"Jaw Worm","floor":1.0,"turns":3.0},{"damage":0.0,"enemies":"2 Louse","floor":2.0,"turns":2.0},{"damage":0.0,"enemies":"Small Slimes","floor":4.0,"turns":2.0},{"damage":13.0,"enemies":"Exordium Wildlife","floor":5.0,"turns":5.0},{"damage":13.0,"enemies":"3 Sentries","floor":6.0,"turns":7.0},{"damage":9.0,"enemies":"2 Fungi Beasts","floor":10.0,"turns":3.0},{"damage":10.0,"enemies":"The Guardian","floor":16.0,"turns":8.0},{"damage":2.0,"enemies":"Spheric Guardian","floor":18.0,"turns":5.0},{"damage":4.0,"enemies":"3 Byrds","floor":19.0,"turns":5.0},{"damage":8.0,"enemies":"Shelled Parasite and Fungi","floor":21.0,"turns":5.0},{"damage":68.0,"enemies":"Gremlin Leader","floor":24.0,"turns":10.0},{"damage":0.0,"enemies":"Snecko","floor":25.0,"turns":10.0},{"damage":0.0,"enemies":"Cultist and Chosen","floor":27.0,"turns":7.0},{"damage":45.0,"enemies":"Book of Stabbing","floor":29.0,"turns":8.0},{"damage":11.0,"enemies":"Centurion and Healer","floor":30.0,"turns":7.0},{"damage":20.0,"enemies":"Slavers","floor":31.0,"turns":8.0},{"damage":14.0,"enemies":"Automaton","floor":33.0,"turns":13.0},{"damage":3.0,"enemies":"3 Shapes","floor":35.0,"turns":9.0},{"damage":13,"enemies":"3 Darklings","floor":38,"turns":5},{"damage":0,"enemies":"4 Shapes","floor":41,"turns":6},{"damage":49,"enemies":"2 Orb Walkers","floor":45,"turns":7},{"damage":0,"enemies":"Nemesis","floor":48,"turns":7},{"damage":24,"enemies":"Donu and Deca","floor":50,"turns":11},{"damage":0,"enemies":"Shield and Spear","floor":54,"turns":7},{"damage":79,"enemies":"The Heart","floor":55,"turns":11}],"seed_played":"6194990701387081662","potions_obtained":[{"floor":1.0,"key":"SkillPotion"},{"floor":2.0,"key":"Poison Potion"},{"floor":10.0,"key":"AttackPotion"},{"floor":16.0,"key":"Regen Potion"},{"floor":18.0,"key":"SkillPotion"},{"floor":25.0,"key":"Weak Potion"},{"floor":29.0,"key":"Ancient Potion"},{"floor":30.0,"key":"Swift Potion"},{"floor":31.0,"key":"LiquidBronze"},{"floor":33.0,"key":"Dexterity Potion"},{"floor":54,"key":"Regen Potion"}],"is_trial":false,"path_per_floor":["M","M","?","M","M","E","R","?","T","M","R","?","R","$","R","B",null,"M","M","?","M","?","R","E","M","T","M","R","E","M","E","R","B",null,"M","$","?","M","?","R","M","R","T","$","?","$","R","E","R","B",null,"R","$","E","B",null],"character_chosen":"DEFECT","items_purchased":["Capacitor","Panache","Capacitor","Strawberry","Cables","Gash","Leap","SpeedPotion"],"campfire_rested":3,"item_purchase_floors":[14,14,36,36,46,46,46,53],"current_hp_per_floor":[74,74,69,69,56,43,43,43,43,34,34,57,57,57,57,47,69,67,63,63,69,69,69,1,13,13,25,60,27,28,20,55,41,69,66,73,73,60,60,60,64,64,64,64,31,31,68,72,72,52,76,76,76,76,28],"gold":59,"neow_bonus":"HUNDRED_GOLD","is_prod":false,"is_daily":false,"chose_seed":false,"campfire_upgraded":8,"win_rate":0,"timestamp":1560385376,"path_taken":["M","M","?","M","M","E","R","?","T","?","R","?","R","$","R","BOSS","M","M","?","M","?","R","E","M","T","M","R","E","M","E","R","BOSS","M","$","?","M","?","R","M","R","T","?","?","$","R","E","R","BOSS","R","$","E","BOSS"],"build_version":"2019-01-23","purchased_purges":2,"victory":true,"max_hp_per_floor":[75,75,69,69,69,69,69,69,69,69,69,69,69,69,69,69,69,69,69,69,69,69,69,69,69,69,69,69,69,69,69,69,69,69,69,76,76,76,76,76,76,76,76,76,76,76,76,76,76,76,76,76,76,76,76],"card_choices":[{"not_picked":["Double Energy","Tempest"],"picked":"Cold Snap","floor":1.0},{"not_picked":["Hologram","Lockon"],"picked":"Consume","floor":2.0},{"not_picked":["Rebound","Sweeping Beam"],"picked":"Ball Lightning","floor":4.0},{"not_picked":["Barrage","Doom and Gloom"],"picked":"Ball Lightning","floor":5.0},{"not_picked":["Rebound","Barrage"],"picked":"Genetic Algorithm","floor":6.0},{"not_picked":["Beam Cell","Rebound"],"picked":"Conserve Battery","floor":10.0},{"not_picked":["Amplify","Reboot"],"picked":"Rainbow","floor":16.0},{"not_picked":["Streamline","Redo"],"picked":"White Noise+1","floor":18.0},{"not_picked":["Melter","Streamline"],"picked":"Blizzard","floor":19.0},{"not_picked":["Barrage+1","Coolheaded+1"],"picked":"Chaos","floor":21.0},{"not_picked":["Reprogram","Ball Lightning"],"picked":"Redo+1","floor":24.0},{"not_picked":["Tempest","Melter"],"picked":"Rainbow","floor":25.0},{"not_picked":["Leap","Conserve Battery"],"picked":"Compile Driver","floor":27.0},{"not_picked":["Redo","Undo"],"picked":"BootSequence","floor":29.0},{"not_picked":["Steam","Streamline","Melter"],"picked":"SKIP","floor":30.0},{"not_picked":["Barrage","FTL+1"],"picked":"Fusion+1","floor":31.0},{"not_picked":["Core Surge","Multi-Cast"],"picked":"Fission","floor":33.0},{"not_picked":["Sweeping Beam+1","Go for the Eyes"],"picked":"Coolheaded","floor":35.0},{"not_picked":["Meteor Strike","FTL"],"picked":"Stack","floor":38},{"not_picked":["Good Instincts","Panacea"],"picked":"Bandage Up","floor":39},{"not_picked":["Coolheaded","Cold Snap","Go for the Eyes"],"picked":"SKIP","floor":41},{"not_picked":["Streamline+1","Rebound+1"],"picked":"Reprogram","floor":48},{"not_picked":["Recycle","Streamline+1"],"picked":"Echo Form","floor":54}],"player_experience":706980,"relics_obtained":[{"floor":6.0,"key":"Kunai"},{"floor":24.0,"key":"Meat on the Bone"},{"floor":26.0,"key":"Juzu Bracelet"},{"floor":29.0,"key":"Calipers"},{"floor":31.0,"key":"Blue Candle"},{"floor":43,"key":"Letter Opener"},{"floor":45,"key":"Pocketwatch"},{"floor":48,"key":"Symbiotic Virus"},{"floor":54,"key":"Bag of Preparation"}],"event_choices":[{"damage_healed":0.0,"max_hp_gain":0.0,"max_hp_loss":6.0,"gold_gain":0.0,"event_name":"Golden Idol","player_choice":"Lose Max HP","floor":3.0,"gold_loss":0.0,"damage_taken":0.0,"relics_obtained":["Golden Idol"]},{"cards_removed":["Strike_B"],"damage_healed":0.0,"max_hp_gain":0.0,"max_hp_loss":0.0,"gold_gain":0.0,"event_name":"Living Wall","player_choice":"Forget","floor":8.0,"gold_loss":0.0,"damage_taken":0.0},{"damage_healed":23.0,"max_hp_gain":0.0,"max_hp_loss":0.0,"gold_gain":0.0,"event_name":"Big Fish","player_choice":"Banana","floor":12.0,"gold_loss":0.0,"damage_taken":0.0},{"damage_healed":0.0,"max_hp_gain":0.0,"max_hp_loss":0.0,"gold_gain":0.0,"event_name":"The Mausoleum","player_choice":"Opened","floor":20.0,"gold_loss":0.0,"damage_taken":0.0,"relics_obtained":["Regal Pillow"],"cards_obtained":["Writhe"]},{"damage_healed":0.0,"max_hp_gain":0.0,"max_hp_loss":0.0,"gold_gain":0.0,"event_name":"The Library","player_choice":"Read","floor":22.0,"gold_loss":0.0,"damage_taken":0.0,"cards_obtained":["Glacier"]},{"cards_removed":["Ball Lightning"],"damage_healed":0,"gold_gain":0,"player_choice":"Removed Attack","damage_taken":0,"max_hp_gain":0,"max_hp_loss":0,"event_name":"Falling","floor":37,"gold_loss":0},{"damage_healed":0,"gold_gain":0,"player_choice":"Memory 1","damage_taken":0,"max_hp_gain":0,"max_hp_loss":0,"event_name":"SensoryStone","floor":39,"gold_loss":0},{"damage_healed":0,"gold_gain":0,"player_choice":"Fight","damage_taken":0,"max_hp_gain":0,"max_hp_loss":0,"event_name":"Mysterious Sphere","floor":45,"gold_loss":0}],"is_beta":false,"boss_relics":[{"not_picked":["Lizard Tail","Empty Cage"],"picked":"FrozenCore"},{"not_picked":["Fusion Hammer","Coffee Dripper"],"picked":"Astrolabe"}],"items_purged_floors":[14,36],"is_endless":false,"potions_floor_spawned":[1,2,10,16,18,25,29,30,31,33,41,54],"ascension_level":0}