{"gold_per_floor":[367,367,387,62,80,112,112,212,292,320,331,331,331,331,331,426,426,437,297,307,307,4,39,150,182,194,225,237,261,284,312,324,433,445,473,496,86,96,110,130,130],"floor_reached":41,"playtime":3514,"items_purged":["Writhe","Strike_B","Strike_B","Strike_B"],"score":477,"play_id":"09c229ae-f14e-40ff-bcc7-080918234073","local_time":"20190602160949","is_ascension_mode":false,"campfire_choices":[{"data":"Sunder","floor":7.0,"key":"SMITH"},{"data":"Rainbow","floor":12.0,"key":"SMITH"},{"data":"Fusion","floor":15.0,"key":"SMITH"},{"floor":28,"key":"REST"},{"data":"Creative AI","floor":32,"key":"SMITH"}],"neow_cost":"CURSE","seed_source_timestamp":0,"circlet_count":0,"master_deck":["Defend_B","Defend_B","Defend_B","Defend_B","Zap","Dualcast","Gash","Fusion+1","Sunder+1","Rainbow+1","Self Repair","Cold Snap","Darkness","Rebound","Blizzard","Meteor Strike","Coolheaded+1","Defragment","Go for the Eyes","Stack","Chaos","Glacier+1","Defragment+1","Coolheaded","Gash","Gash","Darkness+1","Ball Lightning","Creative AI+1","All For One","Go for the Eyes+1","Conserve Battery","Leap+1","Fusion+1","Redo+1","Redo+1","Conserve Battery+1"],"special_seed":0,"relics":["Cracked Core","Bronze Scales","Pantograph","Lantern","Black Star","Potion Belt","MawBank","Bird Faced Urn","Prayer Wheel","Runic Pyramid","Toxic Egg 2"],"potions_floor_usage":[16,16,16,29,33,38,38,39,41,41],"damage_taken":[{"damage":1.0,"enemies":"Jaw Worm","floor":1.0,"turns":4.0},{"damage":8.0,"enemies":"Small Slimes","floor":3.0,"turns":3.0},{"damage":0.0,"enemies":"Cultist","floor":5.0,"turns":4.0},{"damage":23.0,"enemies":"Gremlin Nob","floor":6.0,"turns":4.0},{"damage":22.0,"enemies":"3 Sentries","floor":10.0,"turns":5.0},{"damage":10.0,"enemies":"Blue Slaver","floor":11.0,"turns":2.0},{"damage":19,"enemies":"The Guardian","floor":16,"turns":9},{"damage":15,"enemies":"Spheric Guardian","floor":18,"turns":5},{"damage":18,"enemies":"Chosen","floor":20,"turns":4},{"damage":38,"enemies":"Book of Stabbing","floor":23,"turns":6},{"damage":21,"enemies":"Shelled Parasite and Fungi","floor":25,"turns":5},{"damage":0,"enemies":"Snecko","floor":27,"turns":4},{"damage":5,"enemies":"Snake Plant","floor":29,"turns":4},{"damage":6,"enemies":"3 Cultists","floor":30,"turns":5},{"damage":0,"enemies":"Chosen and Byrds","floor":31,"turns":6},{"damage":35,"enemies":"Champ","floor":33,"turns":12},{"damage":23,"enemies":"Orb Walker","floor":35,"turns":4},{"damage":1,"enemies":"3 Shapes","floor":36,"turns":3},{"damage":27,"enemies":"Jaw Worm Horde","floor":38,"turns":7},{"damage":11,"enemies":"Transient","floor":39,"turns":5},{"damage":42,"enemies":"3 Darklings","floor":40,"turns":6},{"damage":31,"enemies":"Reptomancer","floor":41,"turns":2}],"seed_played":"-7760145717918366655","potions_obtained":[{"floor":1.0,"key":"Dexterity Potion"},{"floor":10.0,"key":"Strength Potion"},{"floor":11.0,"key":"FearPotion"},{"floor":16,"key":"LiquidBronze"},{"floor":25,"key":"Dexterity Potion"},{"floor":27,"key":"FocusPotion"},{"floor":30,"key":"Energy Potion"},{"floor":31,"key":"Weak Potion"},{"floor":35,"key":"Weak Potion"},{"floor":40,"key":"Explosive Potion"}],"is_trial":false,"path_per_floor":["M","?","M","$","M","E","R","?","T","E","M","R","?","?","R","B",null,"M","$","M","?","$","E","?","M","T","M","R","M","M","M","R","B",null,"M","M","$","M","M","M","E"],"character_chosen":"DEFECT","items_purchased":["Sunder","Rainbow","Self Repair","Defragment","Stack","Potion Belt","Toxic Egg 2","Leap+1"],"campfire_rested":1,"item_purchase_floors":[4,4,4,19,22,22,37,37],"current_hp_per_floor":[74,79,71,71,78,62,62,62,62,40,30,30,23,23,23,36,80,72,72,61,61,61,23,23,13,13,15,39,43,50,54,54,65,80,68,67,67,57,63,25,0],"gold":130,"neow_bonus":"TWO_FIFTY_GOLD","is_prod":false,"is_daily":false,"chose_seed":false,"campfire_upgraded":4,"win_rate":0,"timestamp":1559488189,"path_taken":["M","?","M","$","M","E","R","?","T","E","?","R","?","?","R","BOSS","M","$","M","?","$","E","?","M","T","M","R","M","?","M","R","BOSS","M","M","$","M","M","M","E"],"build_version":"2019-01-23","purchased_purges":4,"victory":false,"max_hp_per_floor":[75,80,80,80,80,80,80,80,80,80,80,80,80,80,80,80,80,80,80,80,80,80,80,80,80,80,80,80,80,80,80,80,80,80,80,80,80,80,80,80,80],"card_choices":[{"not_picked":["Tempest","Hologram"],"picked":"Gash","floor":1.0},{"not_picked":["Turbo","Leap"],"picked":"Fusion","floor":3.0},{"not_picked":["FTL","Sweeping Beam"],"picked":"Cold Snap","floor":5.0},{"not_picked":["Reinforced Body","Tempest"],"picked":"Darkness","floor":6.0},{"not_picked":["Multi-Cast","Scrape"],"picked":"Rebound","floor":10.0},{"not_picked":["Ball Lightning","Turbo"],"picked":"Blizzard","floor":11.0},{"not_picked":["Thunder Strike","Biased Cognition"],"picked":"Meteor Strike","floor":16},{"not_picked":["Ball Lightning","Scrape"],"picked":"Coolheaded+1","floor":18},{"not_picked":["Reinforced Body","Turbo"],"picked":"Go for the Eyes","floor":20},{"not_picked":["Stack","Rainbow"],"picked":"Chaos","floor":23},{"not_picked":["Reinforced Body","Coolheaded+1"],"picked":"Glacier+1","floor":25},{"not_picked":["Beam Cell","Redo"],"picked":"Defragment+1","floor":27},{"not_picked":["Leap","Undo"],"picked":"Coolheaded","floor":27},{"not_picked":["Sweeping Beam+1","Ball Lightning"],"picked":"Gash","floor":29},{"not_picked":["Rebound","Genetic Algorithm"],"picked":"Gash","floor":29},{"not_picked":["Force Field","Ball Lightning+1"],"picked":"Darkness+1","floor":30},{"not_picked":["Rebound","Steam"],"picked":"Ball Lightning","floor":30},{"not_picked":["Barrage","Genetic Algorithm"],"picked":"Creative AI","floor":31},{"not_picked":["Aggregate","Turbo","Tempest"],"picked":"SKIP","floor":31},{"not_picked":["Thunder Strike","Hyperbeam"],"picked":"All For One","floor":33},{"not_picked":["Steam","Rebound+1"],"picked":"Go for the Eyes+1","floor":35},{"not_picked":["Sweeping Beam","Steam+1","Aggregate"],"picked":"SKIP","floor":35},{"not_picked":["Compile Driver","Coolheaded+1"],"picked":"Conserve Battery","floor":36},{"not_picked":["Consume+1","Static Discharge+1","Tempest"],"picked":"SKIP","floor":36},{"not_picked":["Ball Lightning+1","Streamline"],"picked":"Fusion+1","floor":38},{"not_picked":["Melter+1","Tempest+1","Ball Lightning+1"],"picked":"SKIP","floor":38},{"not_picked":["Cold Snap+1","Multi-Cast+1"],"picked":"Redo+1","floor":39},{"not_picked":["Fusion+1","Rebound"],"picked":"Redo+1","floor":39},{"not_picked":["Go for the Eyes+1","Echo Form"],"picked":"Conserve Battery+1","floor":40},{"not_picked":["Skim+1","Compile Driver+1","Turbo+1"],"picked":"SKIP","floor":40}],"player_experience":590799,"relics_obtained":[{"floor":6.0,"key":"Bronze Scales"},{"floor":9.0,"key":"Pantograph"},{"floor":10.0,"key":"Lantern"},{"floor":23,"key":"MawBank"},{"floor":23,"key":"Bird Faced Urn"},{"floor":26,"key":"Prayer Wheel"}],"event_choices":[{"damage_healed":0.0,"max_hp_gain":5.0,"max_hp_loss":0.0,"gold_gain":0.0,"event_name":"Big Fish","player_choice":"Donut","floor":2.0,"gold_loss":0.0,"damage_taken":0.0},{"damage_healed":0.0,"max_hp_gain":0.0,"max_hp_loss":0.0,"gold_gain":100.0,"event_name":"Golden Shrine","player_choice":"Pray","floor":8.0,"gold_loss":0.0,"damage_taken":0.0},{"cards_removed":["Strike_B"],"damage_healed":0.0,"max_hp_gain":0.0,"max_hp_loss":0.0,"gold_gain":0.0,"event_name":"Golden Wing","player_choice":"Card Removal","floor":13.0,"gold_loss":0.0,"damage_taken":7.0},{"damage_healed":0.0,"max_hp_gain":0.0,"max_hp_loss":0.0,"gold_gain":0.0,"event_name":"Liars Game","player_choice":"Ignored","floor":14.0,"gold_loss":0.0,"damage_taken":0.0},{"damage_healed":0,"gold_gain":0,"player_choice":"Ignored","damage_taken":0,"max_hp_gain":0,"max_hp_loss":0,"event_name":"Cursed Tome","floor":21,"gold_loss":0},{"damage_healed":0,"gold_gain":99,"player_choice":"Stole From Cult","damage_taken":0,"max_hp_gain":0,"max_hp_loss":0,"event_name":"Nest","floor":24,"gold_loss":0}],"is_beta":false,"boss_relics":[{"not_picked":["Fusion Hammer","Cursed Key"],"picked":"Black Star"},{"not_picked":["Calling Bell","Eternal Feather"],"picked":"Runic Pyramid"}],"items_purged_floors":[4,19,22,37],"is_endless":false,"potions_floor_spawned":[1,10,11,16,25,27,30,31,35,40],"killed_by":"Reptomancer","ascension_level":0}