{"gold_per_floor":[114,114,131,150,150,190,211,211,511,511,3,16,16,51,51,170,170,159,173,194,194,26,26,65,155,155,155,173,173],"floor_reached":29,"playtime":2071,"items_purged":["Strike_B","Strike_B"],"score":243,"play_id":"415d1605-91b2-4dc9-9458-bf30d2f27473","local_time":"20190607161433","is_ascension_mode":false,"campfire_choices":[{"data":"Dualcast","floor":8,"key":"SMITH"},{"data":"Stack","floor":10,"key":"SMITH"},{"data":"Barrage","floor":15,"key":"SMITH"},{"data":"Fusion","floor":23,"key":"SMITH"},{"data":"Consume","floor":27,"key":"SMITH"}],"neow_cost":"NONE","seed_source_timestamp":21627980446173,"circlet_count":0,"master_deck":["Strike_B","Defend_B","Defend_B","Defend_B","Defend_B","Zap+1","Dualcast+1","Leap","Sunder+1","Rebound","Stack+1","Self Repair","Leap","Fission+1","Conserve Battery","Barrage+1","Coolheaded","Hologram","Electrodynamics","Cold Snap","Compile Driver+1","Self Repair+1","Fusion+1","Consume+1","Forethought","Cold Snap"],"relics":["Cracked Core","Golden Idol","Calipers","Old Coin","Pantograph","Odd Mushroom","Eternal Feather","Kunai","Symbiotic Virus"],"potions_floor_usage":[12,14,20,28],"damage_taken":[{"damage":0,"enemies":"2 Louse","floor":1,"turns":2},{"damage":0,"enemies":"Cultist","floor":3,"turns":2},{"damage":0,"enemies":"Small Slimes","floor":4,"turns":2},{"damage":30,"enemies":"Gremlin Nob","floor":6,"turns":4},{"damage":4,"enemies":"3 Louse","floor":7,"turns":4},{"damage":0,"enemies":"Looter","floor":12,"turns":1},{"damage":0,"enemies":"The Mushroom Lair","floor":14,"turns":4},{"damage":64,"enemies":"Slime Boss","floor":16,"turns":15},{"damage":19,"enemies":"2 Thieves","floor":18,"turns":4},{"damage":0,"enemies":"3 Byrds","floor":19,"turns":3},{"damage":15,"enemies":"Shelled Parasite and Fungi","floor":20,"turns":8},{"damage":39,"enemies":"Slavers","floor":24,"turns":6},{"damage":3,"enemies":"3 Cultists","floor":28,"turns":4},{"damage":58,"enemies":"Gremlin Leader","floor":29,"turns":7}],"seed_played":"738884731072880404","potions_obtained":[{"floor":1,"key":"Strength Potion"},{"floor":6,"key":"Block Potion"},{"floor":7,"key":"Fire Potion"},{"floor":16,"key":"FearPotion"},{"floor":19,"key":"Weak Potion"},{"floor":24,"key":"Swift Potion"}],"is_trial":false,"path_per_floor":["M","?","M","M","?","E","M","R","T","R","$","M","?","?","R","B",null,"M","M","M","?","$","R","E","?","T","R","M","E"],"character_chosen":"DEFECT","items_purchased":["Fission","Conserve Battery","Pantograph","Barrage","Fusion"],"campfire_rested":0,"item_purchase_floors":[11,11,11,11,22],"current_hp_per_floor":[75,75,75,75,69,39,42,42,42,42,42,42,42,49,49,12,69,57,57,49,49,49,61,39,21,21,36,50,0],"gold":173,"neow_bonus":"UPGRADE_CARD","is_prod":false,"is_daily":false,"chose_seed":false,"campfire_upgraded":5,"win_rate":0,"timestamp":1559920473,"path_taken":["M","?","?","M","?","E","M","R","T","R","$","M","?","?","R","BOSS","M","M","M","?","$","R","E","?","T","R","?","E"],"build_version":"2019-01-23","purchased_purges":2,"victory":false,"max_hp_per_floor":[75,75,75,75,69,69,69,69,69,69,69,69,69,69,69,69,69,69,69,69,69,69,69,69,69,69,69,69,69],"card_choices":[{"not_picked":["Stack","Undo"],"picked":"Leap","floor":1},{"not_picked":["Lockon","Sweeping Beam"],"picked":"Rebound","floor":3},{"not_picked":["Steam","Turbo"],"picked":"Stack","floor":4},{"not_picked":["Gash","Scrape"],"picked":"Self Repair","floor":6},{"not_picked":["Streamline","Redo"],"picked":"Leap","floor":7},{"not_picked":["Chaos","Beam Cell"],"picked":"Coolheaded","floor":12},{"not_picked":["Aggregate","Rip and Tear"],"picked":"Hologram","floor":14},{"not_picked":["Meteor Strike","Hyperbeam"],"picked":"Electrodynamics","floor":16},{"not_picked":["Sweeping Beam+1","Doom and Gloom"],"picked":"Cold Snap","floor":18},{"not_picked":["Sunder+1","Scrape"],"picked":"Compile Driver+1","floor":19},{"not_picked":["Turbo","Tempest"],"picked":"Self Repair+1","floor":20},{"not_picked":["Undo","Sunder"],"picked":"Consume","floor":24},{"not_picked":["Beam Cell","Double Energy"],"picked":"Cold Snap","floor":28}],"player_experience":641712,"relics_obtained":[{"floor":6,"key":"Calipers"},{"floor":9,"key":"Old Coin"},{"floor":14,"key":"Odd Mushroom"},{"floor":24,"key":"Kunai"},{"floor":26,"key":"Symbiotic Virus"}],"event_choices":[{"cards_removed":["Strike_B"],"damage_healed":0,"gold_gain":0,"player_choice":"Took Card","damage_taken":0,"max_hp_gain":0,"max_hp_loss":0,"event_name":"NoteForYourself","floor":2,"gold_loss":0,"cards_obtained":["Sunder"]},{"damage_healed":0,"gold_gain":0,"player_choice":"Lose Max HP","damage_taken":0,"relics_obtained":["Golden Idol"],"max_hp_gain":0,"max_hp_loss":6,"event_name":"Golden Idol","floor":5,"gold_loss":0},{"damage_healed":0,"gold_gain":0,"player_choice":"Grow","damage_taken":0,"max_hp_gain":0,"max_hp_loss":0,"event_name":"Living Wall","floor":13,"gold_loss":0,"cards_upgraded":["Fission"]},{"damage_healed":0,"gold_gain":0,"player_choice":"Fought Mushrooms","damage_taken":0,"max_hp_gain":0,"max_hp_loss":0,"event_name":"Mushrooms","floor":14,"gold_loss":0},{"damage_healed":0,"gold_gain":0,"player_choice":"Ignored","damage_taken":0,"max_hp_gain":0,"max_hp_loss":0,"event_name":"Vampires","floor":21,"gold_loss":0},{"damage_healed":0,"gold_gain":90,"player_choice":"GOLD CARD ","damage_taken":18,"max_hp_gain":0,"max_hp_loss":0,"event_name":"Knowing Skull","floor":25,"potions_obtained":[],"gold_loss":0,"cards_obtained":["Forethought"]}],"is_beta":false,"boss_relics":[{"not_picked":["Runic Pyramid","Orrery"],"picked":"Eternal Feather"}],"items_purged_floors":[11,22],"is_endless":false,"potions_floor_spawned":[1,6,7,16,19,24],"killed_by":"Gremlin Leader","ascension_level":0}