{"gold_per_floor":[117,135,155,80,92,121,176,23,69,84,84,84,105,139,139,259,259,278,278,291,89,110,110,134,158,235,253,253,274,317,341,341,470,470,493,243,243,256,270,304,304,347,372,372,56,81,115,140,140,140,140,140,61,94,94],"floor_reached":55,"playtime":6501,"items_purged":["Strike_B","Defend_B","Defend_B"],"score":893,"play_id":"e1fc7c9c-ec82-495c-8f98-ba21d63ffb7b","local_time":"20190522191325","is_ascension_mode":false,"campfire_choices":[{"floor":11,"key":"REST"},{"floor":15,"key":"REST"},{"floor":23,"key":"RECALL"},{"floor":32,"key":"REST"},{"data":"Creative AI","floor":41,"key":"SMITH"},{"data":"Defragment","floor":44,"key":"SMITH"},{"data":"Dualcast","floor":49,"key":"SMITH"},{"data":"Defragment","floor":52,"key":"SMITH"}],"neow_cost":"NONE","seed_source_timestamp":83450309191072,"circlet_count":0,"master_deck":["Defend_B","Zap","Dualcast+1","Cold Snap","Beam Cell","White Noise","Go for the Eyes","Compile Driver","Redo+1","Rainbow+1","Steam+1","Cold Snap","Auto Shields+1","Seek+1","Echo Form+1","Undo+1","Seek+1","White Noise+1","Compile Driver+1","Blizzard","White Noise+1","Conserve Battery+1","Coolheaded+1","Barrage+1","Go for the Eyes","Conserve Battery+1","Leap+1","Ball Lightning+1","Go for the Eyes+1","Chaos+1","Conserve Battery+1","Defragment+1","Self Repair","Conserve Battery+1","Creative AI+1","Hologram+1","Darkness+1","Self Repair","Darkness+1","Redo+1","BootSequence+1","Conserve Battery+1","Glacier+1","Defragment+1","Fusion+1","Meteor Strike"],"relics":["Runic Dome","Toxic Egg 2","Strawberry","Golden Idol","Prayer Wheel","Astrolabe","Happy Flower","Symbiotic Virus","Potion Belt","Bottled Tornado","Lizard Tail","Omamori","Bag of Preparation","Oddly Smooth Stone","Regal Pillow","Strange Spoon","Thread and Needle","Lantern"],"potions_floor_usage":[6,6,27,30,55,55,55,55],"damage_taken":[{"damage":0,"enemies":"Cultist","floor":1,"turns":4},{"damage":11,"enemies":"Jaw Worm","floor":2,"turns":4},{"damage":0,"enemies":"Small Slimes","floor":3,"turns":3},{"damage":3,"enemies":"Looter","floor":5,"turns":3},{"damage":21,"enemies":"Gremlin Nob","floor":6,"turns":5},{"damage":32,"enemies":"Lagavulin Event","floor":7,"turns":6},{"damage":6,"enemies":"Exordium Wildlife","floor":10,"turns":3},{"damage":14,"enemies":"Lots of Slimes","floor":13,"turns":5},{"damage":9,"enemies":"3 Sentries","floor":14,"turns":9},{"damage":15,"enemies":"Hexaghost","floor":16,"turns":10},{"damage":15,"enemies":"Chosen","floor":18,"turns":9},{"damage":2,"enemies":"3 Byrds","floor":20,"turns":4},{"damage":0,"enemies":"Snecko","floor":22,"turns":6},{"damage":0,"enemies":"Centurion and Healer","floor":24,"turns":3},{"damage":13,"enemies":"Snake Plant","floor":25,"turns":4},{"damage":8,"enemies":"Shelled Parasite and Fungi","floor":27,"turns":4},{"damage":0,"enemies":"Centurion and Healer","floor":29,"turns":3},{"damage":18,"enemies":"Slavers","floor":30,"turns":5},{"damage":0,"enemies":"Snake Plant","floor":31,"turns":5},{"damage":0,"enemies":"Automaton","floor":33,"turns":7},{"damage":6,"enemies":"Orb Walker","floor":35,"turns":3},{"damage":28,"enemies":"3 Darklings","floor":38,"turns":4},{"damage":10,"enemies":"Maw","floor":39,"turns":7},{"damage":31,"enemies":"Reptomancer","floor":40,"turns":7},{"damage":0,"enemies":"Nemesis","floor":42,"turns":7},{"damage":31,"enemies":"Jaw Worm Horde","floor":46,"turns":6},{"damage":11,"enemies":"Reptomancer","floor":47,"turns":8},{"damage":13,"enemies":"3 Darklings","floor":48,"turns":7},{"damage":21,"enemies":"Donu and Deca","floor":50,"turns":11},{"damage":48,"enemies":"Shield and Spear","floor":54,"turns":9},{"damage":91,"enemies":"The Heart","floor":55,"turns":6}],"seed_played":"-1461356662607727748","potions_obtained":[{"floor":2,"key":"Dexterity Potion"},{"floor":5,"key":"Regen Potion"},{"floor":7,"key":"Strength Potion"},{"floor":14,"key":"SteroidPotion"},{"floor":22,"key":"SteroidPotion"},{"floor":25,"key":"Poison Potion"},{"floor":27,"key":"SteroidPotion"},{"floor":31,"key":"Weak Potion"},{"floor":38,"key":"GamblersBrew"},{"floor":39,"key":"LiquidBronze"},{"floor":47,"key":"GamblersBrew"},{"floor":48,"key":"SpeedPotion"}],"is_trial":false,"path_per_floor":["M","M","M","$","M","E","?","$","T","M","R","?","M","E","R","B",null,"M","?","M","$","M","R","M","M","T","M","?","M","E","M","R","B",null,"M","$","?","M","M","E","R","E","T","R","$","M","E","M","R","B",null,"R","$","E","B"],"character_chosen":"DEFECT","items_purchased":["Rainbow+1","Conserve Battery+1","Happy Flower","Omamori","Strange Spoon","Fusion+1"],"campfire_rested":3,"item_purchase_floors":[8,21,21,36,45,53],"current_hp_per_floor":[75,64,64,64,61,54,29,29,29,23,47,47,33,24,46,31,76,61,61,59,59,59,59,59,46,46,38,38,38,20,20,42,56,76,70,70,70,56,67,50,50,64,64,64,64,54,57,72,72,58,76,76,76,49,0],"gold":94,"neow_bonus":"BOSS_RELIC","is_prod":false,"is_daily":false,"chose_seed":false,"campfire_upgraded":4,"win_rate":0,"timestamp":1558548805,"path_taken":["M","M","?","$","M","E","?","?","T","M","R","?","M","E","R","BOSS","M","?","M","$","M","R","M","M","T","M","?","M","E","M","R","BOSS","M","$","?","M","M","E","R","E","T","R","$","?","E","M","R","BOSS","R","$","E","BOSS"],"build_version":"2019-01-23","purchased_purges":3,"victory":false,"max_hp_per_floor":[75,75,75,75,75,75,82,82,82,82,82,76,76,76,76,76,76,76,76,76,76,76,76,76,76,76,76,76,76,76,76,76,76,76,76,76,76,76,76,76,76,76,76,76,76,76,76,76,76,76,76,76,76,76,76],"card_choices":[{"not_picked":["Steam","Redo"],"picked":"Cold Snap","floor":1},{"not_picked":["Double Energy","Steam Power"],"picked":"Beam Cell","floor":2},{"not_picked":["Redo","Force Field"],"picked":"White Noise","floor":3},{"not_picked":["Compile Driver","Cold Snap"],"picked":"Go for the Eyes","floor":5},{"not_picked":["Core Surge","Streamline"],"picked":"Compile Driver","floor":6},{"not_picked":["Force Field+1","Doom and Gloom"],"picked":"Redo+1","floor":7},{"not_picked":["Biased Cognition","Static Discharge"],"picked":"Steam+1","floor":10},{"not_picked":["Turbo+1","Heatsinks"],"picked":"Cold Snap","floor":13},{"not_picked":["Skim+1","Compile Driver"],"picked":"Auto Shields+1","floor":14},{"not_picked":["Biased Cognition","Core Surge"],"picked":"Seek+1","floor":16},{"not_picked":["Cold Snap","Redo+1"],"picked":"White Noise+1","floor":18},{"not_picked":["Stack+1","Rebound"],"picked":"Compile Driver+1","floor":18},{"not_picked":["Darkness+1","Auto Shields+1"],"picked":"Blizzard","floor":20},{"not_picked":["Go for the Eyes","Compile Driver"],"picked":"White Noise+1","floor":20},{"not_picked":["Hologram+1","Ball Lightning+1"],"picked":"Coolheaded+1","floor":22},{"not_picked":["Compile Driver+1","Double Energy+1","Hologram+1"],"picked":"SKIP","floor":22},{"not_picked":["Redo+1","Turbo+1"],"picked":"Barrage+1","floor":24},{"not_picked":["Meteor Strike","Hello World"],"picked":"Go for the Eyes","floor":24},{"not_picked":["Scrape","Cold Snap"],"picked":"Conserve Battery+1","floor":25},{"not_picked":["Doom and Gloom","Turbo+1"],"picked":"Leap+1","floor":25},{"not_picked":["Rebound+1","Gash+1"],"picked":"Ball Lightning+1","floor":27},{"not_picked":["Echo Form","Lockon"],"picked":"Go for the Eyes+1","floor":27},{"not_picked":["Undo+1","Streamline+1"],"picked":"Chaos+1","floor":29},{"not_picked":["Reinforced Body+1","Ball Lightning"],"picked":"Conserve Battery+1","floor":29},{"not_picked":["Ball Lightning","Leap+1"],"picked":"Defragment","floor":30},{"not_picked":["Hologram+1","Auto Shields+1"],"picked":"Self Repair","floor":31},{"not_picked":["Leap+1","Rebound"],"picked":"Conserve Battery+1","floor":31},{"not_picked":["Machine Learning","Thunder Strike"],"picked":"Creative AI","floor":33},{"not_picked":["Beam Cell+1","Stack+1"],"picked":"Hologram+1","floor":35},{"not_picked":["Coolheaded+1","Ball Lightning+1","Beam Cell"],"picked":"SKIP","floor":35},{"not_picked":["Lockon+1","Capacitor"],"picked":"Darkness+1","floor":38},{"not_picked":["Beam Cell+1","Go for the Eyes"],"picked":"Self Repair","floor":38},{"not_picked":["Leap+1","Gash+1"],"picked":"Darkness+1","floor":39},{"not_picked":["Meteor Strike","Streamline"],"picked":"Redo+1","floor":39},{"not_picked":["Barrage","Core Surge"],"picked":"BootSequence+1","floor":40},{"not_picked":["Machine Learning","Steam Power+1"],"picked":"Conserve Battery+1","floor":42},{"not_picked":["Scrape","Rebound+1"],"picked":"Glacier+1","floor":46},{"not_picked":["Go for the Eyes","Turbo+1","Redo+1"],"picked":"SKIP","floor":46},{"not_picked":["Heatsinks","Go for the Eyes","Genetic Algorithm+1"],"picked":"SKIP","floor":47},{"not_picked":["Streamline+1","Darkness+1"],"picked":"Defragment","floor":48},{"not_picked":["Gash","Streamline","Go for the Eyes+1"],"picked":"SKIP","floor":48},{"not_picked":["Barrage","Auto Shields+1"],"picked":"Meteor Strike","floor":54}],"player_experience":375137,"relics_obtained":[{"floor":6,"key":"Toxic Egg 2"},{"floor":7,"key":"Strawberry"},{"floor":14,"key":"Prayer Wheel"},{"floor":26,"key":"Symbiotic Virus"},{"floor":30,"key":"Bottled Tornado"},{"floor":40,"key":"Bag of Preparation"},{"floor":42,"key":"Oddly Smooth Stone"},{"floor":43,"key":"Regal Pillow"},{"floor":47,"key":"Thread and Needle"},{"floor":54,"key":"Lantern"}],"event_choices":[{"damage_healed":0,"gold_gain":0,"player_choice":"Searched \u00271\u0027 times","damage_taken":0,"max_hp_gain":0,"max_hp_loss":0,"event_name":"Dead Adventurer","floor":7,"gold_loss":0},{"damage_healed":0,"gold_gain":0,"player_choice":"Lose Max HP","damage_taken":0,"relics_obtained":["Golden Idol"],"max_hp_gain":0,"max_hp_loss":6,"event_name":"Golden Idol","floor":12,"gold_loss":0},{"cards_removed":["Defend_B"],"damage_healed":0,"gold_gain":0,"player_choice":"Elegance","damage_taken":0,"max_hp_gain":0,"max_hp_loss":0,"event_name":"Back to Basics","floor":19,"gold_loss":0},{"damage_healed":0,"gold_gain":0,"player_choice":"Opened","damage_taken":0,"relics_obtained":["Potion Belt"],"max_hp_gain":0,"max_hp_loss":0,"event_name":"The Mausoleum","floor":28,"gold_loss":0},{"damage_healed":0,"gold_gain":0,"player_choice":"Ignored","damage_taken":0,"max_hp_gain":0,"max_hp_loss":0,"event_name":"NoteForYourself","floor":37,"gold_loss":0}],"is_beta":false,"boss_relics":[{"not_picked":["Velvet Choker","Ectoplasm"],"picked":"Astrolabe"},{"not_picked":["Orrery","Calling Bell"],"picked":"Lizard Tail"}],"items_purged_floors":[4,36,45],"is_endless":false,"potions_floor_spawned":[2,5,7,14,22,25,27,31,38,39,47,48,54],"killed_by":"The Heart","ascension_level":0}