{"gold_per_floor":[119,130,130,146,166,197,197,372,426,25,25,57,70,82,82,82],"floor_reached":16,"playtime":1650,"items_purged":["Strike_B"],"score":112,"play_id":"c7880a3b-7f91-4058-857f-3a3c2fa5c8f0","local_time":"20190519144309","is_ascension_mode":false,"campfire_choices":[{"data":"Consume","floor":7,"key":"SMITH"},{"floor":15,"key":"REST"}],"neow_cost":"NONE","seed_source_timestamp":15468556047189,"circlet_count":0,"master_deck":["Strike_B","Strike_B","Strike_B","Defend_B","Defend_B","Defend_B","Defend_B","Zap","Dualcast","Cold Snap","Coolheaded","Consume+1","Fusion","Doubt","Defragment","Coolheaded","Redo"],"relics":["Eternal Feather","Blue Candle","Regal Pillow","WingedGreaves","Bag of Preparation"],"potions_floor_usage":[6,12,16],"damage_taken":[{"damage":2,"enemies":"Small Slimes","floor":1,"turns":3},{"damage":0,"enemies":"Cultist","floor":2,"turns":4},{"damage":4,"enemies":"Jaw Worm","floor":4,"turns":5},{"damage":6,"enemies":"3 Louse","floor":5,"turns":5},{"damage":20,"enemies":"3 Sentries","floor":6,"turns":12},{"damage":32,"enemies":"Lagavulin","floor":12,"turns":13},{"damage":0,"enemies":"Large Slime","floor":13,"turns":8},{"damage":10,"enemies":"Looter","floor":14,"turns":4},{"damage":53,"enemies":"Hexaghost","floor":16,"turns":16}],"seed_played":"-4990814583806954474","potions_obtained":[{"floor":4,"key":"Weak Potion"},{"floor":6,"key":"PowerPotion"},{"floor":13,"key":"Swift Potion"}],"is_trial":false,"path_per_floor":["M","M","?","M","M","E","R","?","T","$","?","E","M","M","R","B"],"character_chosen":"DEFECT","items_purchased":["Defragment","WingedGreaves"],"campfire_rested":1,"item_purchase_floors":[10,10],"current_hp_per_floor":[73,73,73,69,63,43,49,49,49,49,49,17,17,7,53,0],"gold":82,"neow_bonus":"BOSS_RELIC","is_prod":false,"is_daily":false,"chose_seed":false,"campfire_upgraded":1,"win_rate":0,"timestamp":1558273389,"path_taken":["M","M","?","?","M","E","R","?","T","?","?","E","M","M","R","BOSS"],"build_version":"2019-01-23","purchased_purges":1,"victory":false,"max_hp_per_floor":[75,75,75,75,75,75,75,75,75,75,75,75,75,75,75,75],"card_choices":[{"not_picked":["Capacitor","Storm"],"picked":"Cold Snap","floor":1},{"not_picked":["Turbo","Steam"],"picked":"Conserve Battery","floor":2},{"not_picked":["Static Discharge","Reinforced Body"],"picked":"Coolheaded","floor":4},{"not_picked":["Go for the Eyes","Aggregate"],"picked":"Consume","floor":5},{"not_picked":["Beam Cell","Undo"],"picked":"Fusion","floor":6},{"not_picked":["Barrage","Static Discharge"],"picked":"Coolheaded","floor":12},{"not_picked":["Recycle","Turbo","Leap"],"picked":"SKIP","floor":13},{"not_picked":["Lockon","Skim"],"picked":"Redo","floor":14}],"player_experience":331403,"relics_obtained":[{"floor":6,"key":"Regal Pillow"},{"floor":12,"key":"Bag of Preparation"}],"event_choices":[{"cards_removed":["Conserve Battery"],"damage_healed":0,"gold_gain":0,"player_choice":"Gave Card","damage_taken":0,"relics_obtained":["Blue Candle"],"max_hp_gain":0,"max_hp_loss":0,"event_name":"WeMeetAgain","floor":3,"gold_loss":0},{"damage_healed":0,"gold_gain":175,"player_choice":"AGREE","damage_taken":0,"max_hp_gain":0,"max_hp_loss":0,"event_name":"Liars Game","floor":8,"gold_loss":0,"cards_obtained":["Doubt"]},{"damage_healed":0,"gold_gain":0,"player_choice":"Leave","damage_taken":0,"max_hp_gain":0,"max_hp_loss":0,"event_name":"The Cleric","floor":11,"gold_loss":0}],"is_beta":false,"boss_relics":[],"items_purged_floors":[10],"is_endless":false,"potions_floor_spawned":[4,6,13],"killed_by":"Hexaghost","ascension_level":0}