{"gold_per_floor":[117,127,127,142,19,46,46,85,85,85,108,108,126,165,165,295,295,319,319,104,125,139,164,164,199,199,233,233],"floor_reached":28,"playtime":2533,"items_purged":["Recycle"],"score":328,"play_id":"cbb9ac53-4ae4-4dd8-92bd-9d073d29e86a","local_time":"20190524131936","is_ascension_mode":false,"campfire_choices":[{"floor":12,"key":"REST"},{"floor":15,"key":"REST"},{"floor":24,"key":"REST"}],"neow_cost":"NONE","seed_source_timestamp":239000938471827,"circlet_count":0,"master_deck":["Zap","Dualcast","Coolheaded","Coolheaded","Loop","Blizzard","Go for the Eyes","Loop","Genetic Algorithm","Barrage","Machine Learning","Beam Cell","Genetic Algorithm","Scrape","Defragment","All For One","FTL+1","Doom and Gloom","Fusion","Darkness","Coolheaded","Storm","FTL+1","Storm+1"],"relics":["Cracked Core","Centennial Puzzle","Golden Idol","Nunchaku","Cables","DataDisk","Pandora\u0027s Box","Potion Belt","Shuriken","Omamori"],"potions_floor_usage":[6,8,18,25,25],"damage_taken":[{"damage":1,"enemies":"Jaw Worm","floor":1,"turns":3},{"damage":5,"enemies":"Small Slimes","floor":2,"turns":4},{"damage":0,"enemies":"2 Louse","floor":4,"turns":3},{"damage":11,"enemies":"Gremlin Nob","floor":6,"turns":3},{"damage":26,"enemies":"3 Sentries","floor":8,"turns":12},{"damage":2,"enemies":"Blue Slaver","floor":11,"turns":3},{"damage":6,"enemies":"Looter","floor":13,"turns":4},{"damage":14,"enemies":"Gremlin Nob","floor":14,"turns":4},{"damage":0,"enemies":"The Guardian","floor":16,"turns":14},{"damage":0,"enemies":"3 Byrds","floor":18,"turns":5},{"damage":7,"enemies":"Chosen","floor":21,"turns":3},{"damage":4,"enemies":"Shelled Parasite and Fungi","floor":22,"turns":7},{"damage":21,"enemies":"Chosen and Byrds","floor":23,"turns":5},{"damage":39,"enemies":"Slavers","floor":25,"turns":5},{"damage":7,"enemies":"Gremlin Leader","floor":27,"turns":5},{"damage":20,"enemies":"Sentry and Sphere","floor":28,"turns":3}],"seed_played":"3682480731930759689","potions_obtained":[{"floor":4,"key":"AttackPotion"},{"floor":11,"key":"Ancient Potion"},{"floor":13,"key":"Block Potion"},{"floor":16,"key":"Strength Potion"},{"floor":23,"key":"Fire Potion"},{"floor":25,"key":"Ancient Potion"}],"is_trial":false,"path_per_floor":["M","M","?","M","$","E","?","E","T","?","M","R","M","E","R","B",null,"M","?","$","M","M","M","R","E","T","E","M"],"character_chosen":"DEFECT","items_purchased":["Blizzard","Block Potion","Doom and Gloom","Fusion"],"campfire_rested":3,"item_purchase_floors":[5,5,20,20],"current_hp_per_floor":[81,76,76,76,76,65,65,39,39,32,30,52,46,32,54,54,76,76,76,76,69,65,44,66,27,27,20,0],"gold":233,"neow_bonus":"TEN_PERCENT_HP_BONUS","is_prod":false,"is_daily":false,"chose_seed":false,"campfire_upgraded":0,"win_rate":0,"timestamp":1558700376,"path_taken":["M","M","?","M","$","E","?","E","T","?","M","R","M","E","R","BOSS","M","?","$","M","M","M","R","E","T","E","M"],"build_version":"2019-01-23","purchased_purges":1,"victory":false,"max_hp_per_floor":[82,82,82,82,82,82,76,76,76,76,76,76,76,76,76,76,76,76,76,76,76,76,76,76,76,76,76,76],"card_choices":[{"not_picked":["Heatsinks","Auto Shields"],"picked":"Coolheaded","floor":1},{"not_picked":["Static Discharge","Undo"],"picked":"Coolheaded","floor":2},{"not_picked":["Redo","Cold Snap"],"picked":"Loop","floor":4},{"not_picked":["Leap","Stack"],"picked":"Go for the Eyes","floor":6},{"not_picked":["Scrape","Beam Cell","Aggregate"],"picked":"SKIP","floor":8},{"not_picked":["Gash","Double Energy"],"picked":"Loop","floor":11},{"not_picked":["Turbo","Go for the Eyes"],"picked":"Genetic Algorithm","floor":13},{"not_picked":["Thunder Strike","Genetic Algorithm"],"picked":"Barrage","floor":14},{"not_picked":["Meteor Strike","Amplify"],"picked":"Machine Learning","floor":16},{"not_picked":["Ball Lightning","Gash"],"picked":"FTL+1","floor":18},{"not_picked":["Barrage","Ball Lightning"],"picked":"Darkness","floor":21},{"not_picked":["Barrage","Ball Lightning"],"picked":"Coolheaded","floor":22},{"not_picked":["Go for the Eyes","Ball Lightning"],"picked":"Storm","floor":23},{"not_picked":["Lockon","Melter"],"picked":"FTL+1","floor":25},{"not_picked":["Sweeping Beam","Steam"],"picked":"Storm+1","floor":27}],"player_experience":401900,"relics_obtained":[{"floor":6,"key":"Centennial Puzzle"},{"floor":8,"key":"Nunchaku"},{"floor":9,"key":"Cables"},{"floor":14,"key":"DataDisk"},{"floor":25,"key":"Potion Belt"},{"floor":26,"key":"Shuriken"},{"floor":27,"key":"Omamori"}],"event_choices":[{"cards_removed":["Strike_B"],"damage_healed":0,"gold_gain":0,"player_choice":"Forget","damage_taken":0,"max_hp_gain":0,"max_hp_loss":0,"event_name":"Living Wall","floor":3,"gold_loss":0},{"damage_healed":0,"gold_gain":0,"player_choice":"Lose Max HP","damage_taken":0,"relics_obtained":["Golden Idol"],"max_hp_gain":0,"max_hp_loss":6,"event_name":"Golden Idol","floor":7,"gold_loss":0},{"cards_removed":["Strike_B"],"damage_healed":0,"gold_gain":0,"player_choice":"Card Removal","damage_taken":7,"max_hp_gain":0,"max_hp_loss":0,"event_name":"Golden Wing","floor":10,"gold_loss":0},{"damage_healed":0,"gold_gain":0,"player_choice":"Ignored","damage_taken":0,"max_hp_gain":0,"max_hp_loss":0,"event_name":"Vampires","floor":19,"gold_loss":0}],"is_beta":false,"boss_relics":[{"not_picked":["Philosopher\u0027s Stone","Ectoplasm"],"picked":"Pandora\u0027s Box"}],"items_purged_floors":[20],"is_endless":false,"potions_floor_spawned":[4,11,13,16,23,25],"killed_by":"Sentry and Sphere","ascension_level":0}