{"gold_per_floor":[110,35,55,136,154,185,200,210,210,210,228,228,244,276,276,374,374,384,384,397,397,407,436,452,452,477,488,515,311,236,236,236,337,337,348,348,365,385,404,435,435,453,453,486,503,529,629,29,29,29,29,29,29,55,55],"floor_reached":56,"playtime":6709,"items_purged":["Strike_B","BootSequence"],"score":1291,"play_id":"019ac564-beff-451f-9129-3865c9fb192f","local_time":"20190521214808","is_ascension_mode":false,"campfire_choices":[{"data":"Sunder","floor":10,"key":"SMITH"},{"data":"Hologram","floor":12,"key":"SMITH"},{"floor":15,"key":"RECALL"},{"data":"Blizzard","floor":25,"key":"SMITH"},{"data":"Electrodynamics","floor":32,"key":"SMITH"},{"data":"Apotheosis","floor":41,"key":"SMITH"},{"data":"Machine Learning","floor":49,"key":"SMITH"},{"data":"Reboot","floor":52,"key":"SMITH"}],"neow_cost":"NONE","seed_source_timestamp":6110420411559,"circlet_count":0,"master_deck":["Zap","Dualcast","Sunder+1","Doom and Gloom","Glacier","Conserve Battery","Hologram+1","Conserve Battery","Electrodynamics+1","Hologram","Rebound","Machine Learning+1","Heatsinks","Auto Shields","Heatsinks","Blizzard+1","Redo","Rip and Tear","Compile Driver+1","Glacier","White Noise+1","Glacier","Cold Snap","Reboot+1","Conserve Battery+1","Skim","Apotheosis+1","Body Slam+1","Self Repair","Prepared+1","PiercingWail","Body Slam","Outmaneuver+1","Conserve Battery","Hologram","Chill","Cold Snap","Stack","BootSequence","Coolheaded","Demon Form"],"relics":["Coffee Dripper","Letter Opener","Blood Vial","Anchor","Turnip","Pandora\u0027s Box","Happy Flower","Sundial","PrismaticShard","Nuclear Battery","Boot","Smiling Mask","The Courier","Mummified Hand","StoneCalendar","Sling","Orichalcum"],"potions_floor_usage":[6,16,16,23,40,44,55,55,55],"damage_taken":[{"damage":4,"enemies":"Cultist","floor":1,"turns":4},{"damage":0,"enemies":"Small Slimes","floor":3,"turns":2},{"damage":0,"enemies":"2 Louse","floor":5,"turns":2},{"damage":1,"enemies":"Lagavulin","floor":6,"turns":6},{"damage":0,"enemies":"Large Slime","floor":7,"turns":4},{"damage":0,"enemies":"Exordium Wildlife","floor":8,"turns":2},{"damage":0,"enemies":"3 Louse","floor":11,"turns":2},{"damage":0,"enemies":"Large Slime","floor":13,"turns":3},{"damage":0,"enemies":"3 Sentries","floor":14,"turns":4},{"damage":35,"enemies":"Hexaghost","floor":16,"turns":10},{"damage":0,"enemies":"Shell Parasite","floor":18,"turns":7},{"damage":0,"enemies":"3 Byrds","floor":20,"turns":2},{"damage":0,"enemies":"Snake Plant","floor":22,"turns":6},{"damage":9,"enemies":"Slavers","floor":23,"turns":6},{"damage":0,"enemies":"Centurion and Healer","floor":24,"turns":5},{"damage":2,"enemies":"Cultist and Chosen","floor":27,"turns":5},{"damage":9,"enemies":"Gremlin Leader","floor":28,"turns":6},{"damage":6,"enemies":"Automaton","floor":33,"turns":10},{"damage":10,"enemies":"3 Darklings","floor":35,"turns":5},{"damage":0,"enemies":"3 Shapes","floor":37,"turns":3},{"damage":10,"enemies":"Spire Growth","floor":38,"turns":5},{"damage":5,"enemies":"Writhing Mass","floor":39,"turns":5},{"damage":19,"enemies":"Giant Head","floor":40,"turns":9},{"damage":0,"enemies":"3 Darklings","floor":42,"turns":4},{"damage":30,"enemies":"Nemesis","floor":44,"turns":7},{"damage":8,"enemies":"Transient","floor":45,"turns":5},{"damage":20,"enemies":"Giant Head","floor":46,"turns":8},{"damage":0,"enemies":"Mind Bloom Boss Battle","floor":47,"turns":4},{"damage":9,"enemies":"Awakened One","floor":50,"turns":12},{"damage":4,"enemies":"Shield and Spear","floor":54,"turns":6},{"damage":77,"enemies":"The Heart","floor":55,"turns":10}],"seed_played":"2956889157730295299","potions_obtained":[{"floor":1,"key":"Weak Potion"},{"floor":6,"key":"AttackPotion"},{"floor":7,"key":"Weak Potion"},{"floor":13,"key":"Regen Potion"},{"floor":16,"key":"Fire Potion"},{"floor":20,"key":"Swift Potion"},{"floor":27,"key":"Swift Potion"},{"floor":37,"key":"PowerPotion"},{"floor":40,"key":"Regen Potion"},{"floor":42,"key":"LiquidBronze"},{"floor":47,"key":"Energy Potion"}],"is_trial":false,"path_per_floor":["M","$","M","T","M","E","M","M","T","R","M","R","M","E","R","B",null,"M","?","M","?","M","E","M","R","T","M","E","$","?","?","R","B",null,"M","$","M","M","M","E","R","M","T","E","M","E","?","$","R","B",null,"R","$","E","B",null],"character_chosen":"DEFECT","items_purchased":["PrismaticShard","Hologram","Chill","Cold Snap","Sling","Stack","BootSequence","BootSequence","Coolheaded","FocusPotion"],"campfire_rested":0,"item_purchase_floors":[29,48,48,48,48,48,48,48,48,48],"current_hp_per_floor":[71,71,71,71,71,70,72,74,74,74,75,75,75,75,75,40,75,75,75,75,75,75,75,75,75,75,73,66,66,66,52,52,48,80,70,70,72,74,80,68,68,80,80,72,73,65,77,77,77,80,80,80,80,80,13],"gold":55,"neow_bonus":"BOSS_RELIC","is_prod":false,"is_daily":false,"chose_seed":false,"campfire_upgraded":7,"win_rate":0,"timestamp":1558471688,"path_taken":["M","$","M","?","M","E","M","M","T","R","M","R","M","E","R","BOSS","M","?","?","?","M","E","M","R","T","M","E","$","?","?","R","BOSS","M","$","M","M","M","E","R","M","T","E","M","E","?","$","R","BOSS","R","$","E","BOSS"],"build_version":"2019-01-23","purchased_purges":2,"victory":true,"max_hp_per_floor":[75,75,75,75,75,75,75,75,75,75,75,75,75,75,75,75,75,75,75,75,75,75,75,75,75,75,75,75,75,75,80,80,80,80,80,80,80,80,80,80,80,80,80,80,80,80,80,80,80,80,80,80,80,80,80],"card_choices":[{"not_picked":["Coolheaded","Rebound"],"picked":"Sunder","floor":1},{"not_picked":["Steam","Sweeping Beam"],"picked":"Doom and Gloom","floor":3},{"not_picked":["Steam","Hologram"],"picked":"Glacier","floor":5},{"not_picked":["Steam","Glacier"],"picked":"Conserve Battery","floor":6},{"not_picked":["Heatsinks","Undo"],"picked":"Hologram","floor":7},{"not_picked":["Sunder","Compile Driver"],"picked":"Conserve Battery","floor":8},{"not_picked":["Barrage","Rebound"],"picked":"Electrodynamics","floor":11},{"not_picked":["Conserve Battery","Beam Cell"],"picked":"Hologram","floor":13},{"not_picked":["Hyperbeam","Electrodynamics"],"picked":"Rebound","floor":14},{"not_picked":["Electrodynamics","Biased Cognition"],"picked":"Machine Learning","floor":16},{"not_picked":["Rip and Tear","Streamline"],"picked":"Compile Driver+1","floor":18},{"not_picked":["Rip and Tear","Compile Driver"],"picked":"White Noise+1","floor":20},{"not_picked":["Turbo","Steam+1"],"picked":"Cold Snap","floor":22},{"not_picked":["FTL","Rebound+1"],"picked":"Reboot","floor":23},{"not_picked":["Streamline","Compile Driver","Turbo"],"picked":"SKIP","floor":24},{"not_picked":["Sunder","Double Energy"],"picked":"Conserve Battery+1","floor":27},{"not_picked":["Steam","Beam Cell"],"picked":"Skim","floor":28},{"not_picked":["Grand Finale","Rainbow"],"picked":"Apotheosis","floor":33},{"not_picked":["Blade Dance+1","Sentinel+1"],"picked":"Body Slam+1","floor":35},{"not_picked":["Rebound","PiercingWail"],"picked":"Self Repair","floor":37},{"not_picked":["Gash","Bane"],"picked":"Prepared+1","floor":38},{"not_picked":["PanicButton","Armaments"],"picked":"PiercingWail","floor":39},{"not_picked":["Rebound+1","Deadly Poison+1"],"picked":"Body Slam","floor":40},{"not_picked":["Catalyst+1","Bloodletting+1"],"picked":"Outmaneuver+1","floor":42},{"not_picked":["Riddle With Holes+1","Sadistic Nature","Backflip"],"picked":"SKIP","floor":44},{"not_picked":["Deflect","True Grit+1","Turbo+1"],"picked":"SKIP","floor":45},{"not_picked":["Dropkick","True Grit","Rupture+1"],"picked":"SKIP","floor":46},{"not_picked":["Blood for Blood","Warcry"],"picked":"Conserve Battery","floor":47},{"not_picked":["Armaments+1","Cloak And Dagger"],"picked":"Demon Form","floor":54}],"player_experience":361462,"relics_obtained":[{"floor":4,"key":"Letter Opener"},{"floor":6,"key":"Blood Vial"},{"floor":9,"key":"Anchor"},{"floor":14,"key":"Turnip"},{"floor":23,"key":"Happy Flower"},{"floor":28,"key":"Sundial"},{"floor":40,"key":"Boot"},{"floor":43,"key":"Smiling Mask"},{"floor":44,"key":"The Courier"},{"floor":46,"key":"Mummified Hand"},{"floor":47,"key":"StoneCalendar"},{"floor":54,"key":"Orichalcum"}],"event_choices":[{"damage_healed":0,"gold_gain":0,"player_choice":"Copied","damage_taken":0,"max_hp_gain":0,"max_hp_loss":0,"event_name":"Duplicator","floor":19,"gold_loss":0,"cards_obtained":["Glacier"]},{"damage_healed":0,"gold_gain":0,"player_choice":"Read","damage_taken":0,"max_hp_gain":0,"max_hp_loss":0,"event_name":"The Library","floor":21,"gold_loss":0,"cards_obtained":["Glacier"]},{"cards_removed":["Undo"],"damage_healed":0,"gold_gain":0,"player_choice":"Gave Gold","damage_taken":0,"max_hp_gain":0,"max_hp_loss":0,"event_name":"Beggar","floor":30,"gold_loss":75},{"damage_healed":0,"gold_gain":0,"player_choice":"Shed Blood","damage_taken":19,"max_hp_gain":5,"max_hp_loss":0,"event_name":"Forgotten Altar","floor":31,"gold_loss":0},{"damage_healed":0,"gold_gain":0,"player_choice":"Fight","damage_taken":0,"max_hp_gain":0,"max_hp_loss":0,"event_name":"MindBloom","floor":47,"gold_loss":0}],"is_beta":false,"boss_relics":[{"not_picked":["Velvet Choker","Runic Pyramid"],"picked":"Pandora\u0027s Box"},{"not_picked":["Black Star","Busted Crown"],"picked":"Nuclear Battery"}],"items_purged_floors":[2,48],"is_endless":false,"potions_floor_spawned":[1,6,7,13,16,20,27,37,38,40,42,47],"ascension_level":0}