{"gold_per_floor":[117,128,146,146,146,182,182,107,107,11,11,32,52,72,72,191,191,206,224,224,247,41,82,96,131,131,174,174,190,233,252,252,377,377,397,420,21,41,41,41,61,100,100,123,248,266,600,318,318,318,318,318,48,91,91],"floor_reached":56,"playtime":6437,"items_purged":["Strike_B","Defend_B","Defend_B"],"score":1441,"play_id":"4e690b66-38e6-425a-bcf5-8531446919b3","local_time":"20190531005356","is_ascension_mode":false,"campfire_choices":[{"data":"Darkness","floor":7.0,"key":"SMITH"},{"data":"Dualcast","floor":11.0,"key":"SMITH"},{"data":"Defragment","floor":15.0,"key":"SMITH"},{"data":"Fission","floor":28.0,"key":"SMITH"},{"floor":32.0,"key":"REST"},{"floor":40.0,"key":"RECALL"},{"floor":49,"key":"REST"},{"data":"Coolheaded","floor":52,"key":"SMITH"}],"neow_cost":"NONE","seed_source_timestamp":0,"circlet_count":0,"master_deck":["Strike_B","Strike_B","Zap","Dualcast+1","Coolheaded","Coolheaded","Darkness+1","Panacea","Conserve Battery","Defragment+1","Leap","Meteor Strike","Barrage+1","Coolheaded+1","Steam","Beam Cell","Blizzard","Defragment+1","Cold Snap+1","Fission+1","Redo+1","Compile Driver+1","Coolheaded+1","Capacitor","Fission+1","Darkness+1","Blizzard+1","Chaos+1","Capacitor","Ball Lightning+1","Madness+1","Madness+1","White Noise+1","Machine Learning","Reboot+1","Beam Cell+1","Chill+1","Go for the Eyes+1"],"special_seed":0,"relics":["FrozenCore","Golden Idol","Sundial","Bronze Scales","DollysMirror","Prayer Wheel","Toxic Egg 2","Potion Belt","Darkstone Periapt","Inserter","ClockworkSouvenir","Calipers","Meat on the Bone","Torii","Old Coin","Happy Flower","Oddly Smooth Stone"],"potions_floor_usage":[42,42,42,42,46,47,54,54,54,55],"damage_taken":[{"damage":0.0,"enemies":"Cultist","floor":1.0,"turns":3.0},{"damage":2.0,"enemies":"Small Slimes","floor":2.0,"turns":3.0},{"damage":1.0,"enemies":"Jaw Worm","floor":3.0,"turns":3.0},{"damage":8.0,"enemies":"Lagavulin","floor":6.0,"turns":6.0},{"damage":0.0,"enemies":"Blue Slaver","floor":12.0,"turns":4.0},{"damage":0.0,"enemies":"Exordium Thugs","floor":13.0,"turns":4.0},{"damage":1.0,"enemies":"3 Louse","floor":14.0,"turns":4.0},{"damage":12.0,"enemies":"Slime Boss","floor":16.0,"turns":5.0},{"damage":0.0,"enemies":"Shell Parasite","floor":18.0,"turns":6.0},{"damage":0.0,"enemies":"3 Byrds","floor":19.0,"turns":4.0},{"damage":0.0,"enemies":"Centurion and Healer","floor":21.0,"turns":8.0},{"damage":11.0,"enemies":"Gremlin Leader","floor":23.0,"turns":7.0},{"damage":9.0,"enemies":"3 Cultists","floor":24.0,"turns":5.0},{"damage":0.0,"enemies":"Book of Stabbing","floor":25.0,"turns":7.0},{"damage":0.0,"enemies":"Gremlin Leader","floor":27.0,"turns":6.0},{"damage":0.0,"enemies":"Shelled Parasite and Fungi","floor":29.0,"turns":5.0},{"damage":0.0,"enemies":"Book of Stabbing","floor":30.0,"turns":6.0},{"damage":18.0,"enemies":"Snake Plant","floor":31.0,"turns":4.0},{"damage":0.0,"enemies":"Collector","floor":33.0,"turns":14.0},{"damage":0.0,"enemies":"3 Shapes","floor":35.0,"turns":5.0},{"damage":7.0,"enemies":"Orb Walker","floor":36.0,"turns":3.0},{"damage":9.0,"enemies":"Transient","floor":38.0,"turns":5.0},{"damage":1.0,"enemies":"3 Darklings","floor":41.0,"turns":4.0},{"damage":1,"enemies":"Reptomancer","floor":42,"turns":5},{"damage":0,"enemies":"Spire Growth","floor":44,"turns":6},{"damage":10,"enemies":"Mind Bloom Boss Battle","floor":45,"turns":4},{"damage":26,"enemies":"4 Shapes","floor":46,"turns":5},{"damage":6,"enemies":"Giant Head","floor":47,"turns":4},{"damage":23,"enemies":"Time Eater","floor":50,"turns":10},{"damage":8,"enemies":"Shield and Spear","floor":54,"turns":3},{"damage":5,"enemies":"The Heart","floor":55,"turns":8}],"seed_played":"-2696874871958643492","potions_obtained":[{"floor":2.0,"key":"LiquidBronze"},{"floor":13.0,"key":"Weak Potion"},{"floor":16.0,"key":"Block Potion"},{"floor":19.0,"key":"FocusPotion"},{"floor":21.0,"key":"Dexterity Potion"},{"floor":24.0,"key":"Swift Potion"},{"floor":29.0,"key":"FearPotion"},{"floor":30.0,"key":"SteroidPotion"},{"floor":33.0,"key":"Fire Potion"},{"floor":35.0,"key":"FearPotion"},{"floor":36.0,"key":"FearPotion"},{"floor":38.0,"key":"Energy Potion"},{"floor":46,"key":"Regen Potion"},{"floor":47,"key":"FocusPotion"}],"is_trial":false,"path_per_floor":["M","M","M","?","?","E","R","$","T","$","R","M","M","M","R","B",null,"M","M","?","M","$","E","M","E","T","E","R","M","E","M","R","B",null,"M","M","$","M","?","R","M","E","T","M","?","M","E","$","R","B",null,"R","$","E","B",null],"character_chosen":"DEFECT","items_purchased":["Panacea","DollysMirror","Chaos+1","ClockworkSouvenir","Capacitor","Chill+1","FocusPotion","Happy Flower","GamblersBrew","Poison Potion"],"campfire_rested":2,"item_purchase_floors":[10,22,37,37,37,48,48,53,53,53],"current_hp_per_floor":[75,73,72,77,74,66,66,66,66,66,66,66,66,65,65,53,74,74,74,74,74,74,63,54,54,54,54,54,54,54,36,58,58,74,74,67,67,58,49,49,48,47,47,47,49,35,41,41,63,40,74,74,74,66,61],"gold":91,"neow_bonus":"REMOVE_CARD","is_prod":false,"is_daily":false,"chose_seed":false,"campfire_upgraded":5,"win_rate":0,"timestamp":1559260436,"path_taken":["M","M","?","?","?","E","R","?","T","?","R","M","M","?","R","BOSS","M","M","?","M","$","E","M","E","T","E","R","M","E","M","R","BOSS","M","M","$","M","?","R","M","E","T","M","?","M","E","?","R","BOSS","R","$","E","BOSS"],"build_version":"2019-01-23","purchased_purges":3,"victory":true,"max_hp_per_floor":[75,75,75,80,74,74,74,74,74,74,74,74,74,74,74,74,74,74,74,74,74,74,74,74,74,74,74,74,74,74,74,74,74,74,74,74,74,74,74,74,74,74,74,74,74,74,74,74,74,74,74,74,74,74,74],"card_choices":[{"not_picked":["Go for the Eyes","Consume"],"picked":"Coolheaded","floor":1.0},{"not_picked":["Rebound","Go for the Eyes"],"picked":"Coolheaded","floor":2.0},{"not_picked":["Redo","Conserve Battery"],"picked":"Darkness","floor":3.0},{"not_picked":["Barrage","Beam Cell","White Noise"],"picked":"SKIP","floor":6.0},{"not_picked":["Static Discharge","Steam"],"picked":"Conserve Battery","floor":12.0},{"not_picked":["Recycle","Rip and Tear"],"picked":"Defragment","floor":13.0},{"not_picked":["Hyperbeam","Consume"],"picked":"Leap","floor":14.0},{"not_picked":["Hyperbeam","Core Surge"],"picked":"Meteor Strike","floor":16.0},{"not_picked":["Stack","Rebound"],"picked":"Barrage+1","floor":18.0},{"not_picked":["Sweeping Beam","Scrape"],"picked":"Coolheaded","floor":19.0},{"not_picked":["Go for the Eyes","Steam"],"picked":"Blizzard","floor":21.0},{"not_picked":["Stack","Ball Lightning+1"],"picked":"Cold Snap+1","floor":23.0},{"not_picked":["Heatsinks","White Noise"],"picked":"Fission","floor":24.0},{"not_picked":["Reprogram","Ball Lightning","Doom and Gloom"],"picked":"SKIP","floor":24.0},{"not_picked":["Ball Lightning","Static Discharge"],"picked":"Redo+1","floor":25.0},{"not_picked":["Consume+1","Hologram+1"],"picked":"Compile Driver+1","floor":27.0},{"not_picked":["Cold Snap","Aggregate+1","Buffer"],"picked":"SKIP","floor":29.0},{"not_picked":["Compile Driver+1","Auto Shields+1","Double Energy+1"],"picked":"SKIP","floor":29.0},{"not_picked":["Steam+1","Beam Cell+1"],"picked":"Coolheaded+1","floor":30.0},{"not_picked":["Darkness+1","Turbo+1"],"picked":"Capacitor","floor":31.0},{"not_picked":["Reprogram+1","Coolheaded+1","Turbo+1"],"picked":"SKIP","floor":31.0},{"not_picked":["Meteor Strike","Seek+1"],"picked":"Fission+1","floor":33.0},{"not_picked":["Conserve Battery+1","Hologram+1"],"picked":"Darkness+1","floor":35.0},{"not_picked":["Redo+1","Gash","Conserve Battery+1"],"picked":"SKIP","floor":35.0},{"not_picked":["Doom and Gloom","Hello World"],"picked":"Blizzard+1","floor":36.0},{"not_picked":["Static Discharge","Rebound","Hologram+1"],"picked":"SKIP","floor":36.0},{"not_picked":["Genetic Algorithm+1","Rip and Tear"],"picked":"Ball Lightning+1","floor":38.0},{"not_picked":["Reprogram+1","Conserve Battery+1","Force Field+1"],"picked":"SKIP","floor":38.0},{"not_picked":["Streamline","Rebound","Steam+1"],"picked":"SKIP","floor":41.0},{"not_picked":["Static Discharge","Double Energy+1","Heatsinks+1"],"picked":"SKIP","floor":41.0},{"not_picked":["Rebound","Gash+1"],"picked":"White Noise+1","floor":42},{"not_picked":["Consume+1","Lockon"],"picked":"Machine Learning","floor":44},{"not_picked":["Barrage","Conserve Battery+1","Reprogram+1"],"picked":"SKIP","floor":44},{"not_picked":["Leap+1","Tempest+1"],"picked":"Reboot+1","floor":46},{"not_picked":["Redo+1","Gash+1","Sweeping Beam+1"],"picked":"SKIP","floor":46},{"not_picked":["Streamline","Self Repair"],"picked":"Beam Cell+1","floor":47},{"not_picked":["Gash","Electrodynamics"],"picked":"Go for the Eyes+1","floor":54}],"player_experience":543356,"relics_obtained":[{"floor":6.0,"key":"Sundial"},{"floor":9.0,"key":"Bronze Scales"},{"floor":23.0,"key":"Prayer Wheel"},{"floor":25.0,"key":"Toxic Egg 2"},{"floor":27.0,"key":"Potion Belt"},{"floor":30.0,"key":"Darkstone Periapt"},{"floor":42,"key":"Calipers"},{"floor":43,"key":"Meat on the Bone"},{"floor":45,"key":"Torii"},{"floor":47,"key":"Old Coin"},{"floor":54,"key":"Oddly Smooth Stone"}],"event_choices":[{"damage_healed":0.0,"max_hp_gain":5.0,"max_hp_loss":0.0,"gold_gain":0.0,"event_name":"Big Fish","player_choice":"Donut","floor":4.0,"gold_loss":0.0,"damage_taken":0.0},{"damage_healed":0.0,"max_hp_gain":0.0,"max_hp_loss":6.0,"gold_gain":0.0,"event_name":"Golden Idol","player_choice":"Lose Max HP","floor":5.0,"gold_loss":0.0,"damage_taken":0.0,"relics_obtained":["Golden Idol"]},{"damage_healed":0.0,"max_hp_gain":0.0,"max_hp_loss":0.0,"gold_gain":0.0,"cards_transformed":["Defend_B","Defend_B"],"event_name":"Drug Dealer","player_choice":"Became Test Subject","floor":20.0,"gold_loss":0.0,"damage_taken":0.0,"cards_obtained":["Steam","Beam Cell"]},{"damage_healed":0.0,"max_hp_gain":0.0,"max_hp_loss":0.0,"gold_gain":0.0,"event_name":"Winding Halls","player_choice":"Embrace Madness","floor":39.0,"gold_loss":0.0,"damage_taken":9.0,"cards_obtained":["Madness","Madness"]},{"damage_healed":0,"gold_gain":0,"player_choice":"Fight","damage_taken":0,"max_hp_gain":0,"max_hp_loss":0,"event_name":"MindBloom","floor":45,"gold_loss":0}],"is_beta":false,"boss_relics":[{"not_picked":["Velvet Choker","Tiny House"],"picked":"FrozenCore"},{"not_picked":["Coffee Dripper","Empty Cage"],"picked":"Inserter"}],"items_purged_floors":[8,37,48],"is_endless":false,"potions_floor_spawned":[2,13,16,19,21,24,29,30,33,35,36,38,46,47],"ascension_level":0}