{"gold_per_floor":[115,115,128,143,68,68,101,101,125,125,25,25,40,79,79,202,202,186,285,300,205,219,219],"floor_reached":23,"playtime":1767,"items_purged":["Strike_B","Strike_B"],"score":199,"play_id":"377aee13-adf4-4efd-8b7a-30290483c605","local_time":"20190521195542","is_ascension_mode":false,"campfire_choices":[{"data":"Darkness","floor":6,"key":"SMITH"},{"data":"Machine Learning","floor":10,"key":"SMITH"},{"data":"Coolheaded","floor":15,"key":"SMITH"}],"neow_cost":"NONE","seed_source_timestamp":4330937242570,"circlet_count":0,"master_deck":["Defend_B","Defend_B","Zap","Dualcast","Darkness+1","Coolheaded+1","Barrage+1","Machine Learning+1","Leap","Rainbow","Machine Learning","Amplify+1","Fission+1","Force Field+1","Heatsinks+1","Cold Snap","Conserve Battery","Fusion","BootSequence"],"relics":["Cracked Core","Oddly Smooth Stone","Golden Idol","PreservedInsect","Juzu Bracelet","Astrolabe"],"potions_floor_usage":[13,14,14,14,16,16,18],"damage_taken":[{"damage":1,"enemies":"Jaw Worm","floor":1,"turns":3},{"damage":2,"enemies":"2 Louse","floor":3,"turns":3},{"damage":0,"enemies":"Cultist","floor":4,"turns":5},{"damage":20,"enemies":"Lagavulin","floor":7,"turns":5},{"damage":9,"enemies":"2 Fungi Beasts","floor":13,"turns":4},{"damage":1,"enemies":"3 Sentries","floor":14,"turns":8},{"damage":10,"enemies":"The Guardian","floor":16,"turns":9},{"damage":20,"enemies":"2 Thieves","floor":18,"turns":4},{"damage":6,"enemies":"Shell Parasite","floor":20,"turns":5},{"damage":0,"enemies":"Snecko","floor":22,"turns":5},{"damage":70,"enemies":"Slavers","floor":23,"turns":5}],"seed_played":"-977619293744591081","potions_obtained":[{"floor":1,"key":"EntropicBrew"},{"floor":3,"key":"Strength Potion"},{"floor":14,"key":"Weak Potion"},{"floor":16,"key":"GamblersBrew"},{"floor":18,"key":"FairyPotion"}],"is_trial":false,"path_per_floor":["M","?","M","M","$","R","E","?","T","R","$","?","M","E","R","B",null,"M","?","M","$","M","E"],"character_chosen":"DEFECT","items_purchased":["Conserve Battery","Fusion"],"campfire_rested":0,"item_purchase_floors":[21,21],"current_hp_per_floor":[81,81,79,79,79,79,59,59,59,59,59,59,50,49,49,39,76,56,56,50,50,50,0],"gold":219,"neow_bonus":"TEN_PERCENT_HP_BONUS","is_prod":false,"is_daily":false,"chose_seed":false,"campfire_upgraded":3,"win_rate":0,"timestamp":1558464942,"path_taken":["M","?","M","M","$","R","E","?","T","R","$","?","M","E","R","BOSS","M","?","M","$","M","E"],"build_version":"2019-01-23","purchased_purges":2,"victory":false,"max_hp_per_floor":[82,82,82,82,82,82,82,76,76,76,76,76,76,76,76,76,76,76,76,76,76,76,76],"card_choices":[{"not_picked":["Sweeping Beam","Rip and Tear"],"picked":"Darkness","floor":1},{"not_picked":["Sweeping Beam","Go for the Eyes"],"picked":"Coolheaded","floor":3},{"not_picked":["Reinforced Body","Rebound"],"picked":"Barrage","floor":4},{"not_picked":["Static Discharge","Go for the Eyes"],"picked":"Machine Learning","floor":7},{"not_picked":["Barrage","Compile Driver"],"picked":"Leap","floor":13},{"not_picked":["Steam","Sweeping Beam"],"picked":"Rainbow","floor":14},{"not_picked":["Multi-Cast","Reboot"],"picked":"Machine Learning","floor":16},{"not_picked":["Turbo","Rebound+1"],"picked":"Heatsinks+1","floor":18},{"not_picked":["Reprogram","Consume"],"picked":"Cold Snap","floor":20},{"not_picked":["Steam","Conserve Battery+1"],"picked":"BootSequence","floor":22}],"player_experience":359695,"relics_obtained":[{"floor":7,"key":"Oddly Smooth Stone"},{"floor":9,"key":"PreservedInsect"},{"floor":14,"key":"Juzu Bracelet"}],"event_choices":[{"cards_removed":["Strike_B"],"damage_healed":0,"gold_gain":0,"player_choice":"Forget","damage_taken":0,"max_hp_gain":0,"max_hp_loss":0,"event_name":"Living Wall","floor":2,"gold_loss":0},{"damage_healed":0,"gold_gain":0,"player_choice":"Lose Max HP","damage_taken":0,"relics_obtained":["Golden Idol"],"max_hp_gain":0,"max_hp_loss":6,"event_name":"Golden Idol","floor":8,"gold_loss":0},{"damage_healed":0,"gold_gain":0,"player_choice":"Upgraded","damage_taken":0,"max_hp_gain":0,"max_hp_loss":0,"event_name":"Upgrade Shrine","floor":12,"gold_loss":0,"cards_upgraded":["Barrage"]},{"damage_healed":0,"gold_gain":99,"player_choice":"Stole From Cult","damage_taken":0,"max_hp_gain":0,"max_hp_loss":0,"event_name":"Nest","floor":19,"gold_loss":0}],"is_beta":false,"boss_relics":[{"not_picked":["Calling Bell","Ectoplasm"],"picked":"Astrolabe"}],"items_purged_floors":[5,11],"is_endless":false,"potions_floor_spawned":[1,3,14,16,18],"killed_by":"Slavers","ascension_level":0}