{"gold_per_floor":[113,129,129,140,153,185,185,215,241,23,79,79,79,96,96,199,199,216,315,331,331,331,363,363,392,417,436,436,455,473,473],"floor_reached":31,"playtime":2611,"items_purged":["Strike_B"],"score":285,"play_id":"929dae6a-c2b0-422a-a5f9-b727b458cd00","local_time":"20190518200653","is_ascension_mode":false,"campfire_choices":[{"data":"Darkness","floor":7,"key":"SMITH"},{"data":"Echo Form","floor":13,"key":"SMITH"},{"data":"Defragment","floor":15,"key":"SMITH"},{"floor":24,"key":"REST"},{"floor":28,"key":"RECALL"}],"neow_cost":"NONE","seed_source_timestamp":12197333790643,"circlet_count":0,"master_deck":["Strike_B+1","Defend_B","Defend_B","Defend_B+1","Defend_B+1","Zap","Dualcast","Chill+1","Conserve Battery","Darkness+1","Defragment+1","Leap","Echo Form+1","Hologram","Redo","Reboot","Cold Snap","Hologram+1","Redo+1","Capacitor"],"relics":["Empty Cage","Vajra","Orichalcum","War Paint","Art of War","Black Star","Calipers","Blue Candle","Incense Burner","Mummified Hand","Unceasing Top"],"potions_floor_usage":[5,6,23,23,25],"damage_taken":[{"damage":3,"enemies":"Jaw Worm","floor":1,"turns":5},{"damage":0,"enemies":"Small Slimes","floor":2,"turns":4},{"damage":0,"enemies":"2 Louse","floor":4,"turns":4},{"damage":4,"enemies":"Exordium Thugs","floor":5,"turns":4},{"damage":2,"enemies":"Lagavulin","floor":6,"turns":7},{"damage":41,"enemies":"Gremlin Nob","floor":8,"turns":5},{"damage":2,"enemies":"Lagavulin Event","floor":11,"turns":6},{"damage":0,"enemies":"Looter","floor":14,"turns":4},{"damage":6,"enemies":"Hexaghost","floor":16,"turns":7},{"damage":0,"enemies":"Spheric Guardian","floor":18,"turns":3},{"damage":8,"enemies":"2 Thieves","floor":20,"turns":5},{"damage":44,"enemies":"Gremlin Leader","floor":23,"turns":9},{"damage":2,"enemies":"Book of Stabbing","floor":25,"turns":8},{"damage":11,"enemies":"Cultist and Chosen","floor":27,"turns":10},{"damage":26,"enemies":"Chosen and Byrds","floor":29,"turns":11},{"damage":0,"enemies":"Centurion and Healer","floor":30,"turns":5},{"damage":6,"enemies":"Snake Plant","floor":31,"turns":1}],"seed_played":"4666841725855359917","potions_obtained":[{"floor":1,"key":"Regen Potion"},{"floor":2,"key":"Dexterity Potion"},{"floor":11,"key":"Block Potion"},{"floor":20,"key":"Swift Potion"},{"floor":23,"key":"PowerPotion"}],"is_trial":false,"path_per_floor":["M","M","?","M","M","E","R","E","T","$","?","?","R","M","R","B",null,"M","?","M","T","?","E","R","E","T","M","R","M","M","M"],"character_chosen":"DEFECT","items_purchased":["Echo Form"],"campfire_rested":1,"item_purchase_floors":[10],"current_hp_per_floor":[72,72,57,57,62,60,60,19,19,19,17,42,42,42,42,36,75,75,75,67,67,67,23,45,43,43,32,32,6,6,0],"gold":473,"neow_bonus":"BOSS_RELIC","is_prod":false,"is_daily":false,"chose_seed":false,"campfire_upgraded":3,"win_rate":0,"timestamp":1558206413,"path_taken":["M","M","?","M","M","E","R","E","T","$","?","?","R","M","R","BOSS","M","?","M","?","?","E","R","E","T","M","R","M","?","M"],"build_version":"2019-01-23","purchased_purges":1,"victory":false,"max_hp_per_floor":[75,75,75,75,75,75,75,75,75,75,75,75,75,75,75,75,75,75,75,75,75,75,75,75,75,75,75,75,75,75,75],"card_choices":[{"not_picked":["Reinforced Body","Stack"],"picked":"Chill","floor":1},{"not_picked":["Turbo","Streamline"],"picked":"Conserve Battery","floor":2},{"not_picked":["Storm","Conserve Battery"],"picked":"Darkness","floor":4},{"not_picked":["Redo","Leap"],"picked":"Defragment","floor":5},{"not_picked":["Streamline","Darkness","Multi-Cast"],"picked":"SKIP","floor":6},{"not_picked":["Barrage","Streamline"],"picked":"Leap","floor":8},{"not_picked":["Beam Cell","Ball Lightning"],"picked":"Hologram","floor":11},{"not_picked":["Hello World","Stack"],"picked":"Redo","floor":14},{"not_picked":["Fission","Amplify"],"picked":"Reboot","floor":16},{"not_picked":["Hologram","Gash+1"],"picked":"Cold Snap","floor":18},{"not_picked":["Rebound","Force Field+1"],"picked":"Hologram+1","floor":20},{"not_picked":["Go for the Eyes","Beam Cell","Coolheaded"],"picked":"SKIP","floor":23},{"not_picked":["Coolheaded","Turbo"],"picked":"Redo+1","floor":25},{"not_picked":["White Noise","Beam Cell","Go for the Eyes"],"picked":"SKIP","floor":27},{"not_picked":["Streamline","Turbo"],"picked":"Capacitor","floor":29},{"not_picked":["Melter","Recycle","Biased Cognition"],"picked":"SKIP","floor":30}],"player_experience":309678,"relics_obtained":[{"floor":6,"key":"Vajra"},{"floor":8,"key":"Orichalcum"},{"floor":9,"key":"War Paint"},{"floor":21,"key":"Calipers"},{"floor":23,"key":"Blue Candle"},{"floor":23,"key":"Incense Burner"},{"floor":25,"key":"Mummified Hand"},{"floor":25,"key":"Unceasing Top"}],"event_choices":[{"damage_healed":0,"gold_gain":0,"player_choice":"Entered Light","damage_taken":15,"max_hp_gain":0,"max_hp_loss":0,"event_name":"Shining Light","floor":3,"gold_loss":0,"cards_upgraded":["Strike_B","Chill"]},{"damage_healed":0,"gold_gain":30,"player_choice":"Searched \u00273\u0027 times","damage_taken":0,"relics_obtained":["Art of War"],"max_hp_gain":0,"max_hp_loss":0,"event_name":"Dead Adventurer","floor":11,"gold_loss":0},{"damage_healed":25,"gold_gain":0,"player_choice":"Banana","damage_taken":0,"max_hp_gain":0,"max_hp_loss":0,"event_name":"Big Fish","floor":12,"gold_loss":0},{"damage_healed":0,"gold_gain":99,"player_choice":"Stole From Cult","damage_taken":0,"max_hp_gain":0,"max_hp_loss":0,"event_name":"Nest","floor":19,"gold_loss":0},{"damage_healed":0,"gold_gain":0,"player_choice":"Ignored","damage_taken":0,"max_hp_gain":0,"max_hp_loss":0,"event_name":"Cursed Tome","floor":22,"gold_loss":0}],"is_beta":false,"boss_relics":[{"not_picked":["Calling Bell","Ectoplasm"],"picked":"Black Star"}],"items_purged_floors":[10],"is_endless":false,"potions_floor_spawned":[1,2,11,20,23],"killed_by":"Snake Plant","ascension_level":0}