{"gold_per_floor":[114,189,189,204,219,219,249,264,264,279,279,294,294,309,309,409,409,424,439,125,140,155,155,155],"floor_reached":24,"playtime":2541,"items_purged":["Strike_G"],"score":202,"play_id":"4354183e-4399-4ad9-969a-e60e516d9412","local_time":"20190628005041","daily_mods":["Chimera","Colorless Cards","Night Terrors"],"is_ascension_mode":false,"campfire_choices":[{"data":"Zap","floor":6,"key":"SMITH"},{"data":"Loop","floor":11,"key":"SMITH"},{"data":"Bash","floor":13,"key":"SMITH"},{"data":"Madness","floor":15,"key":"SMITH"},{"data":"Madness","floor":23,"key":"SMITH"}],"neow_cost":"","seed_source_timestamp":211032845385700,"circlet_count":0,"master_deck":["Bash+1","Survivor","Zap+1","Strike_B","Defend_R","Defend_G","Defend_B","Madness+1","Hologram","Hologram","Cold Snap","Loop+1","Madness+1","Cold Snap","Madness","Rainbow","Skim","Coolheaded+1","Self Repair"],"special_seed":18075,"relics":["Cracked Core","Kunai","Letter Opener","Inserter","Medical Kit"],"potions_floor_usage":[12,14,19],"damage_taken":[{"damage":0,"enemies":"Jaw Worm","floor":1,"turns":4},{"damage":0,"enemies":"Small Slimes","floor":4,"turns":3},{"damage":0,"enemies":"Cultist","floor":5,"turns":3},{"damage":24,"enemies":"Gremlin Nob","floor":7,"turns":4},{"damage":0,"enemies":"Looter","floor":8,"turns":3},{"damage":1,"enemies":"3 Louse","floor":10,"turns":2},{"damage":8,"enemies":"Large Slime","floor":12,"turns":4},{"damage":5,"enemies":"Red Slaver","floor":14,"turns":2},{"damage":14,"enemies":"Hexaghost","floor":16,"turns":10},{"damage":13,"enemies":"3 Byrds","floor":18,"turns":5},{"damage":16,"enemies":"2 Thieves","floor":19,"turns":3},{"damage":18,"enemies":"Snake Plant","floor":21,"turns":6},{"damage":11,"enemies":"Cultist and Chosen","floor":22,"turns":10},{"damage":38,"enemies":"Book of Stabbing","floor":24,"turns":7}],"seed_played":"7702872227345050890","potions_obtained":[{"floor":1,"key":"Ancient Potion"},{"floor":8,"key":"Fire Potion"},{"floor":14,"key":"Fruit Juice"},{"floor":16,"key":"FocusPotion"},{"floor":18,"key":"Dexterity Potion"},{"floor":22,"key":"SpeedPotion"}],"is_trial":false,"path_per_floor":["M","?","?","M","M","R","E","M","T","M","R","M","R","M","R","B",null,"M","M","$","M","M","R","E"],"character_chosen":"DEFECT","items_purchased":["Self Repair","Medical Kit"],"campfire_rested":0,"item_purchase_floors":[20,20],"current_hp_per_floor":[75,64,64,64,64,64,40,40,40,39,39,31,31,31,31,17,80,67,51,51,40,36,36,0],"gold":155,"neow_bonus":"","is_prod":false,"is_daily":true,"chose_seed":false,"campfire_upgraded":5,"win_rate":1,"timestamp":1561697441,"path_taken":["M","?","?","M","M","R","E","M","T","M","R","M","R","M","R","BOSS","M","M","$","M","?","R","E"],"build_version":"2019-01-23","purchased_purges":1,"victory":false,"max_hp_per_floor":[75,75,75,75,75,75,75,75,75,75,75,75,75,80,80,80,80,80,80,80,80,80,80,80],"card_choices":[{"not_picked":["Lockon","Cold Snap"],"picked":"Madness","floor":1},{"not_picked":["Enlightenment","Good Instincts"],"picked":"Hologram","floor":4},{"not_picked":["Steam","Panacea"],"picked":"Hologram","floor":5},{"not_picked":["BootSequence","Violence"],"picked":"Cold Snap","floor":7},{"not_picked":["Streamline","Rebound"],"picked":"Loop","floor":8},{"not_picked":["Leap","Gash"],"picked":"Madness","floor":10},{"not_picked":["Gash","Turbo"],"picked":"Cold Snap","floor":12},{"not_picked":["Steam","Consume"],"picked":"Madness","floor":14},{"not_picked":["Fission","Amplify"],"picked":"Rainbow","floor":16},{"not_picked":["Stack","Barrage+1"],"picked":"Skim","floor":18},{"not_picked":["Double Energy","Streamline"],"picked":"Coolheaded+1","floor":19},{"not_picked":["Rip and Tear","Streamline","Gash"],"picked":"SKIP","floor":21},{"not_picked":["Streamline","Coolheaded","Aggregate"],"picked":"SKIP","floor":22}],"player_experience":130214,"relics_obtained":[{"floor":7,"key":"Kunai"},{"floor":9,"key":"Letter Opener"}],"event_choices":[{"damage_healed":0,"gold_gain":75,"player_choice":"Gather Gold","damage_taken":11,"max_hp_gain":0,"max_hp_loss":0,"event_name":"World of Goop","floor":2,"gold_loss":0},{"cards_removed":["Strike_R"],"damage_healed":0,"gold_gain":0,"player_choice":"Offered Basic","damage_taken":0,"max_hp_gain":0,"max_hp_loss":0,"event_name":"Bonfire Elementals","floor":3,"gold_loss":0}],"is_beta":false,"boss_relics":[{"not_picked":["Busted Crown","Coffee Dripper"],"picked":"Inserter"}],"items_purged_floors":[20],"is_endless":false,"potions_floor_spawned":[1,8,14,16,18,22],"killed_by":"Book of Stabbing","ascension_level":0}