{"gold_per_floor":[115,115,115,129,129,155,167,197,209,221,233,260,272,284,296,427,439,466,428,464,476,502,514,551,563,575,587,185,218,234,250,250,374,374,394,394,413,413,426,52,52,65,65,65,398,412,412,412,412,412],"floor_reached":50,"playtime":6781,"items_purged":[],"score":559,"play_id":"431f01db-92c3-48c0-9aa6-70914d04b16f","local_time":"20190628204643","is_ascension_mode":false,"campfire_choices":[{"floor":7,"key":"REST"},{"floor":15,"key":"REST"},{"floor":23,"key":"REST"},{"floor":25,"key":"REST"},{"floor":32,"key":"REST"},{"floor":41,"key":"REST"},{"data":"Armaments","floor":44,"key":"SMITH"},{"floor":47,"key":"REST"},{"data":"Demon Form","floor":49,"key":"SMITH"}],"neow_cost":"NONE","seed_source_timestamp":25834046398500,"circlet_count":0,"master_deck":["Strike_R","Strike_R+1","Strike_R","Strike_R","Strike_R","Defend_R","Defend_R","Defend_R","Bash+1","Battle Trance","Twin Strike","Intimidate","Flex","Perfected Strike","Barricade+1","Whirlwind","Sword Boomerang","Entrench","Iron Wave+1","Perfected Strike+1","Heavy Blade+1","Pommel Strike+1","The Bomb","Heavy Blade+1","Heavy Blade+1","Spot Weakness","Double Tap","Body Slam+1","Feed+1","Cleave+1","Armaments+1","Anger+1","Twin Strike+1","Pommel Strike+1","Demon Form+1"],"relics":["Burning Blood","Matryoshka","MawBank","Red Skull","Letter Opener","Sozu","Self Forming Clay","Molten Egg 2","Vajra","Regal Pillow","Runic Cube","Spirit Poop","Bottled Lightning","Bottled Flame"],"potions_floor_usage":[12,29,33],"damage_taken":[{"damage":2,"enemies":"Small Slimes","floor":1,"turns":4},{"damage":6,"enemies":"2 Louse","floor":4,"turns":3},{"damage":35,"enemies":"3 Sentries","floor":6,"turns":9},{"damage":0,"enemies":"Cultist","floor":8,"turns":3},{"damage":13,"enemies":"Large Slime","floor":12,"turns":5},{"damage":55,"enemies":"Hexaghost","floor":16,"turns":9},{"damage":6,"enemies":"Chosen","floor":18,"turns":5},{"damage":22,"enemies":"Spheric Guardian","floor":20,"turns":5},{"damage":50,"enemies":"Snake Plant","floor":22,"turns":5},{"damage":35,"enemies":"3 Cultists","floor":24,"turns":6},{"damage":22,"enemies":"Gremlin Leader","floor":29,"turns":4},{"damage":0,"enemies":"Cultist and Chosen","floor":30,"turns":3},{"damage":16,"enemies":"Snake Plant","floor":31,"turns":2},{"damage":69,"enemies":"Collector","floor":33,"turns":8},{"damage":21,"enemies":"3 Darklings","floor":35,"turns":3},{"damage":3,"enemies":"3 Shapes","floor":37,"turns":4},{"damage":34,"enemies":"3 Darklings","floor":39,"turns":3},{"damage":19,"enemies":"4 Shapes","floor":42,"turns":3},{"damage":33,"enemies":"Maw","floor":46,"turns":8},{"damage":126,"enemies":"Awakened One","floor":50,"turns":9}],"seed_played":"1355959865594309441","potions_obtained":[{"floor":6,"key":"FearPotion"},{"floor":8,"key":"SkillPotion"},{"floor":16,"key":"LiquidBronze"}],"is_trial":false,"path_per_floor":["M","?","?","M","$","E","R","M","T","?","$","M","?","?","R","B",null,"M","?","M","?","M","R","M","R","T","?","$","E","M","M","R","B",null,"M","?","M","?","M","$","R","M","T","R","?","M","R","?","R","B"],"character_chosen":"IRONCLAD","items_purchased":["Vajra","Heavy Blade+1","Pommel Strike+1","The Bomb","Bottled Lightning","Armaments","Anger+1","Twin Strike+1"],"campfire_rested":7,"item_purchase_floors":[28,28,28,28,40,40,40,40],"current_hp_per_floor":[88,85,90,90,90,61,88,93,93,93,93,86,86,67,93,44,93,93,93,77,77,33,60,31,58,58,58,58,42,48,38,80,17,93,78,78,81,81,53,53,93,80,80,80,80,57,97,97,97,0],"gold":412,"neow_bonus":"TEN_PERCENT_HP_BONUS","is_prod":false,"is_daily":false,"chose_seed":false,"campfire_upgraded":2,"win_rate":0.0,"timestamp":1561735003,"path_taken":["M","?","?","M","$","E","R","M","T","?","$","?","?","?","R","BOSS","M","?","?","?","?","R","M","R","T","?","$","E","M","M","R","BOSS","M","?","?","?","M","?","R","?","T","R","?","M","R","?","R","BOSS"],"build_version":"2019-01-23","purchased_purges":0,"victory":false,"max_hp_per_floor":[88,88,93,93,93,93,93,93,93,93,93,93,93,93,93,93,93,93,93,93,93,93,93,93,93,93,93,93,93,93,93,93,93,93,93,93,93,93,93,93,93,93,93,93,93,97,97,97,97,97],"card_choices":[{"not_picked":["Warcry","Wild Strike"],"picked":"Battle Trance","floor":1},{"not_picked":["Clash","Heavy Blade"],"picked":"Twin Strike","floor":4},{"not_picked":["Body Slam","Brutality"],"picked":"Intimidate","floor":6},{"not_picked":["Pommel Strike","Shrug It Off"],"picked":"Flex","floor":8},{"not_picked":["Clothesline","Combust"],"picked":"Perfected Strike","floor":12},{"not_picked":["Impervious","Demon Form"],"picked":"Barricade","floor":16},{"not_picked":["True Grit+1","Dual Wield"],"picked":"Whirlwind","floor":18},{"not_picked":["True Grit+1","Corruption"],"picked":"Sword Boomerang","floor":20},{"not_picked":["Seeing Red","Body Slam"],"picked":"Entrench","floor":22},{"not_picked":["True Grit","Twin Strike"],"picked":"Iron Wave+1","floor":24},{"not_picked":["Combust+1","Infernal Blade"],"picked":"Heavy Blade+1","floor":29},{"not_picked":["Offering","Infernal Blade+1"],"picked":"Heavy Blade+1","floor":30},{"not_picked":["Warcry","Pommel Strike+1"],"picked":"Spot Weakness","floor":31},{"not_picked":["Brutality","Dark Embrace"],"picked":"Double Tap","floor":33},{"not_picked":["True Grit","Wild Strike+1"],"picked":"Body Slam+1","floor":35},{"not_picked":["Fire Breathing","Flex"],"picked":"Feed+1","floor":37},{"not_picked":["Iron Wave+1","Pommel Strike+1"],"picked":"Cleave+1","floor":39},{"not_picked":["Second Wind+1","True Grit"],"picked":"Pommel Strike+1","floor":42},{"not_picked":["Intimidate","Seeing Red"],"picked":"Demon Form","floor":46}],"player_experience":34509,"relics_obtained":[{"floor":6,"key":"MawBank"},{"floor":9,"key":"Red Skull"},{"floor":9,"key":"Letter Opener"},{"floor":26,"key":"Self Forming Clay"},{"floor":26,"key":"Molten Egg 2"},{"floor":29,"key":"Regal Pillow"},{"floor":43,"key":"Bottled Flame"}],"event_choices":[{"damage_healed":0,"gold_gain":0,"player_choice":"Success","damage_taken":3,"relics_obtained":["Matryoshka"],"max_hp_gain":0,"max_hp_loss":0,"event_name":"Scrap Ooze","floor":2,"gold_loss":0},{"damage_healed":0,"gold_gain":0,"player_choice":"Donut","damage_taken":0,"max_hp_gain":5,"max_hp_loss":0,"event_name":"Big Fish","floor":3,"gold_loss":0},{"damage_healed":0,"gold_gain":0,"player_choice":"Upgraded","damage_taken":0,"max_hp_gain":0,"max_hp_loss":0,"event_name":"Upgrade Shrine","floor":10,"gold_loss":0,"cards_upgraded":["Bash"]},{"damage_healed":0,"gold_gain":0,"player_choice":"Take Wound","damage_taken":0,"relics_obtained":["Golden Idol"],"max_hp_gain":0,"max_hp_loss":0,"event_name":"Golden Idol","floor":13,"gold_loss":0,"cards_obtained":["Injury"]},{"damage_healed":0,"gold_gain":0,"player_choice":"Entered Light","damage_taken":19,"max_hp_gain":0,"max_hp_loss":0,"event_name":"Shining Light","floor":14,"gold_loss":0,"cards_upgraded":["Defend_R","Strike_R"]},{"damage_healed":0,"gold_gain":0,"player_choice":"Bet on Owner","damage_taken":0,"max_hp_gain":0,"max_hp_loss":0,"event_name":"The Joust","floor":19,"gold_loss":50},{"damage_healed":0,"gold_gain":0,"player_choice":"Forge","damage_taken":0,"max_hp_gain":0,"max_hp_loss":0,"event_name":"Accursed Blacksmith","floor":21,"gold_loss":0,"cards_upgraded":["Barricade"]},{"damage_healed":0,"gold_gain":0,"player_choice":"Copied","damage_taken":0,"max_hp_gain":0,"max_hp_loss":0,"event_name":"Duplicator","floor":27,"gold_loss":0,"cards_obtained":["Perfected Strike"]},{"cards_removed":["Injury"],"damage_healed":0,"gold_gain":0,"player_choice":"Offered Curse","damage_taken":0,"relics_obtained":["Spirit Poop"],"max_hp_gain":0,"max_hp_loss":0,"event_name":"Bonfire Elementals","floor":36,"gold_loss":0},{"cards_removed":["Defend_R"],"damage_healed":0,"gold_gain":0,"player_choice":"Removed Skill","damage_taken":0,"max_hp_gain":0,"max_hp_loss":0,"event_name":"Falling","floor":38,"gold_loss":0},{"damage_healed":0,"gold_gain":333,"player_choice":"Gave Idol","damage_taken":0,"max_hp_gain":0,"max_hp_loss":0,"event_name":"The Moai Head","floor":45,"relics_lost":["Golden Idol"],"gold_loss":0},{"damage_healed":0,"gold_gain":0,"player_choice":"Ignored","damage_taken":0,"max_hp_gain":0,"max_hp_loss":0,"event_name":"Mysterious Sphere","floor":48,"gold_loss":0}],"is_beta":false,"boss_relics":[{"not_picked":["Velvet Choker","Snecko Eye"],"picked":"Sozu"},{"not_picked":["Coffee Dripper","Mark of Pain"],"picked":"Runic Cube"}],"items_purged_floors":[],"is_endless":false,"potions_floor_spawned":[6,8,16,20,29,30,39],"killed_by":"Awakened One","ascension_level":0}