{"gold_per_floor":[111,61,61,76,28,63,63,63,63,63,95,95,115,129,129,230,280,294,309,309,329,343,404,414,428,428,527,527,538,551,242,242,338,338,358,358,157,157,234,247,247,263,263,279,10,10,10,42,42,42,42,42,42,74,74],"floor_reached":55,"playtime":5202,"items_purged":[],"score":802,"play_id":"4e8651a5-48e5-4661-b616-029ae25e24dc","local_time":"20190609192140","is_ascension_mode":false,"campfire_choices":[{"data":"Creative AI","floor":7,"key":"SMITH"},{"floor":10,"key":"REST"},{"data":"Zap","floor":12,"key":"SMITH"},{"data":"Coolheaded","floor":15,"key":"SMITH"},{"floor":32,"key":"RECALL"},{"data":"Madness","floor":41,"key":"SMITH"},{"data":"Chaos","floor":46,"key":"SMITH"},{"floor":49,"key":"REST"},{"data":"Lockon","floor":52,"key":"SMITH"}],"neow_cost":"NONE","seed_source_timestamp":94946013544099,"circlet_count":0,"master_deck":["Strike_B","Strike_B","Defend_B","Defend_B+1","Defend_B+1","Defend_B+1","Zap+1","Dualcast+1","Doom and Gloom","Rip and Tear","Cold Snap","Creative AI+1","Coolheaded+1","Chill","FTL","Go for the Eyes","Coolheaded+1","Self Repair","Undo+1","Scrape+1","Loop","Stack","Loop","FTL","Core Surge","Consume","Forethought","Panacea","Compile Driver","Madness+1","Madness","Conserve Battery","Consume+1","Chaos+1","Lockon+1","Chaos+1","Blizzard+1","Undo+1"],"relics":["Busted Crown","Cables","Pear","Tiny House","Tiny Chest","Meat on the Bone","Boot","Inserter","Anchor","Mummified Hand","Gremlin Horn","Happy Flower","Bottled Lightning","Bag of Preparation"],"potions_floor_usage":[11,18,19,21,23,23,33,35,44,48,54],"damage_taken":[{"damage":1,"enemies":"Jaw Worm","floor":1,"turns":3},{"damage":0,"enemies":"2 Louse","floor":4,"turns":2},{"damage":11,"enemies":"Gremlin Nob","floor":6,"turns":4},{"damage":4,"enemies":"3 Sentries","floor":11,"turns":3},{"damage":0,"enemies":"Small Slimes","floor":13,"turns":2},{"damage":2,"enemies":"3 Louse","floor":14,"turns":2},{"damage":0,"enemies":"Slime Boss","floor":16,"turns":8},{"damage":0,"enemies":"2 Thieves","floor":18,"turns":4},{"damage":2,"enemies":"3 Byrds","floor":19,"turns":4},{"damage":0,"enemies":"Cultist and Chosen","floor":21,"turns":8},{"damage":12,"enemies":"Chosen and Byrds","floor":22,"turns":5},{"damage":12,"enemies":"Slavers","floor":23,"turns":5},{"damage":0,"enemies":"Centurion and Healer","floor":24,"turns":8},{"damage":0,"enemies":"Snecko","floor":25,"turns":7},{"damage":0,"enemies":"3 Cultists","floor":29,"turns":6},{"damage":1,"enemies":"Chosen and Byrds","floor":30,"turns":6},{"damage":4,"enemies":"Automaton","floor":33,"turns":10},{"damage":8,"enemies":"Orb Walker","floor":35,"turns":6},{"damage":7,"enemies":"3 Shapes","floor":40,"turns":8},{"damage":2,"enemies":"Spire Growth","floor":42,"turns":5},{"damage":0,"enemies":"3 Darklings","floor":44,"turns":7},{"damage":40,"enemies":"Reptomancer","floor":48,"turns":6},{"damage":18,"enemies":"Awakened One","floor":50,"turns":14},{"damage":77,"enemies":"Shield and Spear","floor":54,"turns":8},{"damage":45,"enemies":"The Heart","floor":55,"turns":2}],"seed_played":"-2420490922603836073","potions_obtained":[{"floor":1,"key":"AttackPotion"},{"floor":11,"key":"Ancient Potion"},{"floor":14,"key":"Poison Potion"},{"floor":17,"key":"PowerPotion"},{"floor":21,"key":"PowerPotion"},{"floor":22,"key":"Poison Potion"},{"floor":24,"key":"SpeedPotion"},{"floor":25,"key":"GamblersBrew"},{"floor":29,"key":"Regen Potion"},{"floor":30,"key":"PowerPotion"},{"floor":35,"key":"Strength Potion"},{"floor":42,"key":"Block Potion"},{"floor":48,"key":"SkillPotion"},{"floor":54,"key":"SteroidPotion"}],"is_trial":false,"path_per_floor":["M","?","?","M","$","E","R","?","T","R","E","R","M","M","R","B",null,"M","M","?","M","M","E","M","M","T","?","?","M","M","$","R","B",null,"M","?","$","?","T","M","R","M","T","M","$","R","?","E","R","B",null,"R","$","E","B"],"character_chosen":"DEFECT","items_purchased":["Cold Snap","Boot","Stack","Loop","FTL","Anchor","Compile Driver","Chaos","Happy Flower","Lockon"],"campfire_rested":2,"item_purchase_floors":[5,31,31,31,31,37,37,45,45,45],"current_hp_per_floor":[74,74,74,74,74,63,63,48,48,70,76,76,76,74,74,74,90,90,88,88,88,76,64,71,78,78,78,78,78,84,84,84,87,90,90,85,85,74,74,74,74,79,79,86,86,86,86,53,80,69,90,90,90,32,0],"gold":74,"neow_bonus":"BOSS_RELIC","is_prod":false,"is_daily":false,"chose_seed":false,"campfire_upgraded":6,"win_rate":0,"timestamp":1560104500,"path_taken":["M","?","?","M","$","E","R","?","T","R","E","R","M","M","R","BOSS","M","M","?","M","M","E","M","M","T","?","?","?","M","$","R","BOSS","M","?","$","?","?","M","R","M","T","?","$","R","?","E","R","BOSS","R","$","E","BOSS"],"build_version":"2019-01-23","purchased_purges":0,"victory":false,"max_hp_per_floor":[75,75,75,75,75,75,75,75,75,75,85,85,85,85,85,85,90,90,90,90,90,90,90,90,90,90,90,90,90,90,90,90,90,90,90,90,90,90,90,90,90,90,90,90,90,90,90,90,90,90,90,90,90,90,90],"card_choices":[{"not_picked":[],"picked":"Doom and Gloom","floor":1},{"not_picked":["Steam"],"picked":"SKIP","floor":4},{"not_picked":[],"picked":"Creative AI","floor":6},{"not_picked":[],"picked":"Coolheaded","floor":11},{"not_picked":["Streamline"],"picked":"SKIP","floor":13},{"not_picked":["Streamline"],"picked":"SKIP","floor":14},{"not_picked":[],"picked":"Chill","floor":17},{"not_picked":["Turbo"],"picked":"SKIP","floor":18},{"not_picked":[],"picked":"FTL","floor":19},{"not_picked":[],"picked":"Go for the Eyes","floor":21},{"not_picked":[],"picked":"Coolheaded+1","floor":22},{"not_picked":[],"picked":"Self Repair","floor":23},{"not_picked":[],"picked":"Undo+1","floor":24},{"not_picked":[],"picked":"Scrape+1","floor":25},{"not_picked":[],"picked":"Loop","floor":29},{"not_picked":["Redo"],"picked":"SKIP","floor":30},{"not_picked":[],"picked":"Core Surge","floor":33},{"not_picked":[],"picked":"Consume","floor":35},{"not_picked":[],"picked":"Forethought","floor":36},{"not_picked":[],"picked":"Panacea","floor":36},{"not_picked":[],"picked":"Conserve Battery","floor":40},{"not_picked":[],"picked":"Consume+1","floor":42},{"not_picked":["Sweeping Beam"],"picked":"SKIP","floor":44},{"not_picked":[],"picked":"Blizzard+1","floor":48},{"not_picked":[],"picked":"Undo+1","floor":54}],"player_experience":676095,"relics_obtained":[{"floor":6,"key":"Cables"},{"floor":11,"key":"Pear"},{"floor":23,"key":"Tiny Chest"},{"floor":26,"key":"Meat on the Bone"},{"floor":39,"key":"Mummified Hand"},{"floor":43,"key":"Gremlin Horn"},{"floor":48,"key":"Bottled Lightning"},{"floor":54,"key":"Bag of Preparation"}],"event_choices":[{"cards_removed":["Strike_B"],"damage_healed":0,"gold_gain":0,"player_choice":"Card Removal","damage_taken":0,"max_hp_gain":0,"max_hp_loss":0,"event_name":"The Cleric","floor":2,"gold_loss":50},{"damage_healed":0,"gold_gain":0,"cards_transformed":["Strike_B"],"player_choice":"Change","damage_taken":0,"max_hp_gain":0,"max_hp_loss":0,"event_name":"Living Wall","floor":3,"gold_loss":0,"cards_obtained":["Rip and Tear"]},{"damage_healed":0,"gold_gain":0,"player_choice":"Entered Light","damage_taken":15,"max_hp_gain":0,"max_hp_loss":0,"event_name":"Shining Light","floor":8,"gold_loss":0,"cards_upgraded":["Defend_B","Defend_B"]},{"damage_healed":0,"gold_gain":0,"player_choice":"Ignored","damage_taken":0,"max_hp_gain":0,"max_hp_loss":0,"event_name":"Cursed Tome","floor":20,"gold_loss":0},{"damage_healed":0,"gold_gain":99,"player_choice":"Stole From Cult","damage_taken":0,"max_hp_gain":0,"max_hp_loss":0,"event_name":"Nest","floor":27,"gold_loss":0},{"damage_healed":0,"gold_gain":0,"player_choice":"Upgraded","damage_taken":0,"max_hp_gain":0,"max_hp_loss":0,"event_name":"Upgrade Shrine","floor":28,"gold_loss":0,"cards_upgraded":["Dualcast"]},{"damage_healed":0,"gold_gain":0,"player_choice":"Memory 2","damage_taken":5,"max_hp_gain":0,"max_hp_loss":0,"event_name":"SensoryStone","floor":36,"gold_loss":0},{"damage_healed":0,"gold_gain":0,"player_choice":"Embrace Madness","damage_taken":11,"max_hp_gain":0,"max_hp_loss":0,"event_name":"Winding Halls","floor":38,"gold_loss":0,"cards_obtained":["Madness","Madness"]},{"damage_healed":0,"gold_gain":0,"player_choice":"Copied","damage_taken":0,"max_hp_gain":0,"max_hp_loss":0,"event_name":"Duplicator","floor":47,"gold_loss":0,"cards_obtained":["Chaos"]}],"is_beta":false,"boss_relics":[{"not_picked":["Eternal Feather","Calling Bell"],"picked":"Tiny House"},{"not_picked":["Empty Cage","Sozu"],"picked":"Inserter"}],"items_purged_floors":[],"is_endless":false,"potions_floor_spawned":[1,11,14,21,22,24,25,29,30,35,42,48,54],"killed_by":"The Heart","ascension_level":0}