{"gold_per_floor":[365,384,69,83,83,83,83,95,174,186,151,178,128,148,148,244,244,255,255,7,7,7,7,21,32,32,132,161,181,181,210,210,307,307,319,338,354,354,454,454,60,75,100,100,127,127,146,172,172,172,172,172,26,52,52],"floor_reached":55,"playtime":5606,"items_purged":["Strike_B","Strike_B","Strike_B","Defend_B"],"score":792,"play_id":"498e6b01-c1e8-459a-9ed3-450206b2ad0c","local_time":"20190531214758","is_ascension_mode":false,"campfire_choices":[{"data":"Apotheosis","floor":6,"key":"SMITH"},{"floor":15,"key":"REST"},{"floor":23,"key":"RECALL"},{"floor":32,"key":"REST"},{"floor":40,"key":"REST"},{"floor":44,"key":"REST"},{"floor":46,"key":"REST"},{"floor":49,"key":"REST"},{"floor":52,"key":"REST"}],"neow_cost":"PERCENT_DAMAGE","seed_source_timestamp":12971985808109,"circlet_count":0,"master_deck":["Defend_B","Defend_B","Defend_B","Zap","Dualcast","Conserve Battery","Fusion","Coolheaded","Apotheosis+1","Leap","Glacier","Fission","Self Repair","Compile Driver","Ball Lightning","Electrodynamics","Sunder","Loop","Barrage","Fission","Cold Snap","Compile Driver","Redo+1","Loop","Reboot","Storm","Blizzard","Panacea","BootSequence","Static Discharge","Leap+1","Loop","Stack","Force Field"],"relics":["FrozenCore","Dream Catcher","Pear","Smiling Mask","Fusion Hammer","Bottled Lightning","Mummified Hand","Emotion Chip","Ornamental Fan","Lantern","PreservedInsect","Pantograph","Mango","Gambling Chip","Orichalcum","Potion Belt","Pen Nib"],"potions_floor_usage":[8,10,16,27,33,48,54,55,55,55],"damage_taken":[{"damage":0,"enemies":"Small Slimes","floor":1,"turns":2},{"damage":1,"enemies":"2 Louse","floor":2,"turns":3},{"damage":1,"enemies":"Jaw Worm","floor":4,"turns":4},{"damage":2,"enemies":"Exordium Thugs","floor":8,"turns":5},{"damage":0,"enemies":"Blue Slaver","floor":10,"turns":3},{"damage":26,"enemies":"Gremlin Nob","floor":12,"turns":5},{"damage":2,"enemies":"2 Fungi Beasts","floor":14,"turns":4},{"damage":11,"enemies":"Slime Boss","floor":16,"turns":9},{"damage":5,"enemies":"Chosen","floor":18,"turns":7},{"damage":0,"enemies":"3 Byrds","floor":22,"turns":3},{"damage":6,"enemies":"Cultist and Chosen","floor":24,"turns":5},{"damage":0,"enemies":"Centurion and Healer","floor":25,"turns":5},{"damage":11,"enemies":"Colosseum Slavers","floor":27,"turns":4},{"damage":0,"enemies":"Colosseum Nobs","floor":27,"turns":2},{"damage":12,"enemies":"Slavers","floor":28,"turns":3},{"damage":0,"enemies":"Sentry and Sphere","floor":29,"turns":2},{"damage":12,"enemies":"Book of Stabbing","floor":31,"turns":5},{"damage":6,"enemies":"Collector","floor":33,"turns":8},{"damage":0,"enemies":"Orb Walker","floor":35,"turns":3},{"damage":0,"enemies":"3 Shapes","floor":36,"turns":4},{"damage":4,"enemies":"Spire Growth","floor":37,"turns":6},{"damage":6,"enemies":"Mind Bloom Boss Battle","floor":39,"turns":8},{"damage":0,"enemies":"Jaw Worm Horde","floor":42,"turns":3},{"damage":0,"enemies":"Reptomancer","floor":45,"turns":4},{"damage":0,"enemies":"4 Shapes","floor":47,"turns":3},{"damage":35,"enemies":"Giant Head","floor":48,"turns":9},{"damage":32,"enemies":"Donu and Deca","floor":50,"turns":10},{"damage":41,"enemies":"Shield and Spear","floor":54,"turns":6},{"damage":107,"enemies":"The Heart","floor":55,"turns":14}],"seed_played":"-9014193320764197028","potions_obtained":[{"floor":1,"key":"Poison Potion"},{"floor":4,"key":"Block Potion"},{"floor":12,"key":"SkillPotion"},{"floor":16,"key":"Explosive Potion"},{"floor":18,"key":"Ancient Potion"},{"floor":25,"key":"Regen Potion"},{"floor":31,"key":"FocusPotion"},{"floor":35,"key":"Regen Potion"},{"floor":48,"key":"Block Potion"}],"is_trial":false,"path_per_floor":["M","M","$","M","?","R","?","M","T","M","?","E","$","M","R","B",null,"M","?","$","?","M","R","M","M","T","?","E","M","?","E","R","B",null,"M","M","M","?","?","R","$","M","T","R","E","R","M","E","R","B",null,"R","$","E","B"],"character_chosen":"DEFECT","items_purchased":["Coolheaded","Apotheosis","Bottled Lightning","Gambling Chip","SpeedPotion","Dexterity Potion","Stack"],"campfire_rested":7,"item_purchase_floors":[3,3,20,41,41,53,53],"current_hp_per_floor":[54,53,53,52,52,52,40,38,48,48,69,43,43,48,73,62,85,85,85,85,85,85,85,85,85,85,85,83,85,85,83,85,85,85,85,85,85,85,99,99,99,99,99,99,99,99,99,69,98,77,99,99,99,68,0],"gold":52,"neow_bonus":"TWO_FIFTY_GOLD","is_prod":false,"is_daily":false,"chose_seed":false,"campfire_upgraded":1,"win_rate":0,"timestamp":1559335678,"path_taken":["M","M","$","M","?","R","?","M","T","M","?","E","$","M","R","BOSS","M","?","$","?","M","R","M","M","T","?","E","M","?","E","R","BOSS","M","M","M","?","?","R","$","M","T","R","E","R","M","E","R","BOSS","R","$","E","BOSS"],"build_version":"2019-01-23","purchased_purges":4,"victory":false,"max_hp_per_floor":[75,75,75,75,75,75,75,75,85,85,85,85,85,85,85,85,85,85,85,85,85,85,85,85,85,85,85,85,85,85,85,85,85,85,85,85,85,85,99,99,99,99,99,99,99,99,99,99,99,99,99,99,99,99,99],"card_choices":[{"not_picked":["Lockon","Beam Cell"],"picked":"Conserve Battery","floor":1},{"not_picked":["Redo","Undo"],"picked":"Fusion","floor":2},{"not_picked":["Streamline","Beam Cell"],"picked":"Leap","floor":4},{"not_picked":["Storm","Redo"],"picked":"Glacier","floor":8},{"not_picked":["Barrage","Doom and Gloom"],"picked":"Fission","floor":10},{"not_picked":["Go for the Eyes","FTL"],"picked":"Self Repair","floor":12},{"not_picked":["Stack","Recycle"],"picked":"Compile Driver","floor":14},{"not_picked":["Leap","Barrage"],"picked":"Ball Lightning","floor":15},{"not_picked":["Rainbow","Machine Learning"],"picked":"Electrodynamics","floor":16},{"not_picked":["Conserve Battery","Streamline"],"picked":"Sunder","floor":18},{"not_picked":["Fusion+1","Leap"],"picked":"Barrage","floor":22},{"not_picked":["Streamline+1","Fusion+1"],"picked":"Fission","floor":24},{"not_picked":["Reinforced Body","Self Repair+1","Conserve Battery"],"picked":"SKIP","floor":25},{"not_picked":["Turbo+1","FTL"],"picked":"Cold Snap","floor":27},{"not_picked":["Ball Lightning","Sweeping Beam"],"picked":"Compile Driver","floor":28},{"not_picked":["Steam","Fusion","Conserve Battery"],"picked":"SKIP","floor":29},{"not_picked":["Turbo+1","Conserve Battery"],"picked":"Redo+1","floor":31},{"not_picked":["Genetic Algorithm+1","Consume"],"picked":"Loop","floor":32},{"not_picked":["Seek","Buffer"],"picked":"Reboot","floor":33},{"not_picked":["Rebound","Cold Snap+1","Lockon+1"],"picked":"SKIP","floor":35},{"not_picked":["Genetic Algorithm","Double Energy+1"],"picked":"Storm","floor":36},{"not_picked":["Rebound","Compile Driver+1"],"picked":"Blizzard","floor":37},{"not_picked":["Trip","Transmutation"],"picked":"Panacea","floor":38},{"not_picked":["Chill+1","Rip and Tear+1"],"picked":"BootSequence","floor":39},{"not_picked":["Turbo+1","Rebound+1","Leap"],"picked":"SKIP","floor":42},{"not_picked":["Undo+1","Hologram"],"picked":"Static Discharge","floor":44},{"not_picked":["Compile Driver","Reprogram","Stack"],"picked":"SKIP","floor":45},{"not_picked":["Ball Lightning+1","Leap+1","Genetic Algorithm+1"],"picked":"SKIP","floor":47},{"not_picked":["Aggregate","Multi-Cast","Redo+1"],"picked":"SKIP","floor":48},{"not_picked":["Redo+1","Barrage+1"],"picked":"Leap+1","floor":49},{"not_picked":["Stack+1","Ball Lightning+1"],"picked":"Loop","floor":52},{"not_picked":["Steam","Blizzard+1"],"picked":"Force Field","floor":54}],"player_experience":556535,"relics_obtained":[{"floor":9,"key":"Pear"},{"floor":12,"key":"Smiling Mask"},{"floor":26,"key":"Mummified Hand"},{"floor":27,"key":"Emotion Chip"},{"floor":27,"key":"Ornamental Fan"},{"floor":28,"key":"Lantern"},{"floor":31,"key":"Pantograph"},{"floor":39,"key":"Mango"},{"floor":45,"key":"Orichalcum"},{"floor":48,"key":"Potion Belt"},{"floor":54,"key":"Pen Nib"}],"event_choices":[{"damage_healed":0,"gold_gain":0,"player_choice":"Ignored","damage_taken":0,"max_hp_gain":0,"max_hp_loss":0,"event_name":"Liars Game","floor":5,"gold_loss":0},{"damage_healed":0,"gold_gain":0,"player_choice":"Success","damage_taken":12,"relics_obtained":["Dream Catcher"],"max_hp_gain":0,"max_hp_loss":0,"event_name":"Scrap Ooze","floor":7,"gold_loss":0},{"damage_healed":21,"gold_gain":0,"player_choice":"Healed","damage_taken":0,"max_hp_gain":0,"max_hp_loss":0,"event_name":"The Cleric","floor":11,"gold_loss":35},{"cards_removed":["Strike_B"],"damage_healed":0,"gold_gain":0,"player_choice":"Elegance","damage_taken":0,"max_hp_gain":0,"max_hp_loss":0,"event_name":"Back to Basics","floor":19,"gold_loss":0},{"damage_healed":0,"gold_gain":0,"player_choice":"Read","damage_taken":0,"max_hp_gain":0,"max_hp_loss":0,"event_name":"The Library","floor":21,"gold_loss":0,"cards_obtained":["Loop"]},{"damage_healed":0,"gold_gain":0,"player_choice":"Fight","damage_taken":0,"max_hp_gain":0,"max_hp_loss":0,"event_name":"Colosseum","floor":27,"gold_loss":0},{"damage_healed":0,"gold_gain":0,"player_choice":"Fought Nobs","damage_taken":0,"max_hp_gain":0,"max_hp_loss":0,"event_name":"Colosseum","floor":27,"gold_loss":0},{"damage_healed":0,"gold_gain":0,"player_choice":"Opened","damage_taken":0,"relics_obtained":["PreservedInsect"],"max_hp_gain":0,"max_hp_loss":0,"event_name":"The Mausoleum","floor":30,"gold_loss":0},{"damage_healed":0,"gold_gain":0,"player_choice":"Memory 1","damage_taken":0,"max_hp_gain":0,"max_hp_loss":0,"event_name":"SensoryStone","floor":38,"gold_loss":0},{"damage_healed":0,"gold_gain":0,"player_choice":"Fight","damage_taken":0,"max_hp_gain":0,"max_hp_loss":0,"event_name":"MindBloom","floor":39,"gold_loss":0}],"is_beta":false,"boss_relics":[{"not_picked":["Runic Dome","Empty Cage"],"picked":"Fusion Hammer"},{"not_picked":["White Beast Statue","Pandora\u0027s Box"],"picked":"FrozenCore"}],"items_purged_floors":[3,13,41,53],"is_endless":false,"potions_floor_spawned":[1,4,12,16,18,25,27,31,35,45,47,48],"killed_by":"The Heart","ascension_level":0}