{"gold_per_floor":[111,128,143,153,167,194,194,528,552,571,581,597,627,714,726,738],"floor_reached":16,"playtime":1318,"items_purged":[],"score":126,"play_id":"6c7b8fd3-e1ee-4e0c-b199-d141b9d3bb37","local_time":"20190522003006","is_ascension_mode":false,"campfire_choices":[{"data":"Chill","floor":7,"key":"SMITH"},{"floor":15,"key":"REST"}],"neow_cost":"NONE","seed_source_timestamp":21235866772251,"circlet_count":0,"master_deck":["Strike_B","Strike_B","Strike_B","Strike_B","Defend_B","Defend_B","Defend_B","Defend_B","Zap","Dualcast","Cold Snap","Rebound","Ball Lightning","Chill+1","Streamline","Barrage","Doom and Gloom","Leap","Redo","White Noise","Electrodynamics"],"relics":["Cracked Core","Kunai","Old Coin","PreservedInsect","MawBank"],"potions_floor_usage":[5,8,16],"damage_taken":[{"damage":0,"enemies":"2 Louse","floor":1,"turns":4},{"damage":0,"enemies":"Small Slimes","floor":2,"turns":5},{"damage":0,"enemies":"Cultist","floor":3,"turns":4},{"damage":3,"enemies":"Looter","floor":4,"turns":3},{"damage":8,"enemies":"Exordium Thugs","floor":5,"turns":3},{"damage":20,"enemies":"Gremlin Nob","floor":6,"turns":4},{"damage":12,"enemies":"Lagavulin","floor":8,"turns":5},{"damage":0,"enemies":"2 Fungi Beasts","floor":10,"turns":3},{"damage":0,"enemies":"Lots of Slimes","floor":11,"turns":3},{"damage":1,"enemies":"3 Louse","floor":12,"turns":2},{"damage":12,"enemies":"Gremlin Nob","floor":13,"turns":3},{"damage":44,"enemies":"Slime Boss","floor":16,"turns":5}],"seed_played":"3201165297088923933","potions_obtained":[{"floor":2,"key":"Energy Potion"},{"floor":6,"key":"AttackPotion"},{"floor":8,"key":"Strength Potion"},{"floor":12,"key":"SpeedPotion"}],"is_trial":false,"path_per_floor":["M","M","M","M","M","E","R","E","T","M","M","M","E","?","R","B"],"character_chosen":"DEFECT","items_purchased":[],"campfire_rested":1,"item_purchase_floors":[],"current_hp_per_floor":[82,82,82,79,71,51,51,39,39,39,39,38,26,15,39,0],"gold":738,"neow_bonus":"TEN_PERCENT_HP_BONUS","is_prod":false,"is_daily":false,"chose_seed":false,"campfire_upgraded":1,"win_rate":0,"timestamp":1558481406,"path_taken":["M","M","M","M","M","E","R","E","T","M","M","M","E","?","R","BOSS"],"build_version":"2019-01-23","purchased_purges":0,"victory":false,"max_hp_per_floor":[82,82,82,82,82,82,82,82,82,82,82,82,82,82,82,82],"card_choices":[{"not_picked":["Barrage","Sweeping Beam"],"picked":"Cold Snap","floor":1},{"not_picked":["Steam","Turbo"],"picked":"Rebound","floor":2},{"not_picked":["Doom and Gloom","Leap"],"picked":"Ball Lightning","floor":3},{"not_picked":["Gash","Recycle"],"picked":"Chill","floor":4},{"not_picked":["Melter","Steam"],"picked":"Streamline","floor":5},{"not_picked":["Seek","Recycle"],"picked":"Barrage","floor":6},{"not_picked":["Stack","Skim"],"picked":"Doom and Gloom","floor":8},{"not_picked":["Sunder","Undo"],"picked":"Leap","floor":10},{"not_picked":["Auto Shields","Static Discharge"],"picked":"Redo","floor":11},{"not_picked":["Redo","Ball Lightning"],"picked":"White Noise","floor":12},{"not_picked":["Compile Driver","Core Surge"],"picked":"Electrodynamics","floor":13}],"player_experience":369148,"relics_obtained":[{"floor":6,"key":"Kunai"},{"floor":8,"key":"Old Coin"},{"floor":9,"key":"PreservedInsect"},{"floor":13,"key":"MawBank"}],"event_choices":[{"damage_healed":0,"gold_gain":75,"player_choice":"Gather Gold","damage_taken":11,"max_hp_gain":0,"max_hp_loss":0,"event_name":"World of Goop","floor":14,"gold_loss":0}],"is_beta":false,"boss_relics":[],"items_purged_floors":[],"is_endless":false,"potions_floor_spawned":[2,6,8,12],"killed_by":"Slime Boss","ascension_level":0}