{"gold_per_floor":[119,119,134,145,160,190,190,207,277,302,302,302,317,66,66,144,144,158,83,94,111,0,0],"floor_reached":23,"playtime":1068,"items_purged":["Defend_G"],"score":396,"play_id":"8458266d-240a-43b2-910a-25c2ddca2837","local_time":"20190619015322","is_ascension_mode":true,"campfire_choices":[{"floor":7.0,"key":"REST"},{"floor":12.0,"key":"REST"},{"floor":15.0,"key":"REST"}],"neow_cost":"NONE","seed_source_timestamp":511224315856784,"circlet_count":0,"master_deck":["AscendersBane","Defend_G","Defend_G","Defend_G","Strike_G","Strike_G","Strike_G","Strike_G","Strike_G","Survivor","Neutralize+1","Dodge and Roll","Venomology","Infinite Blades","Dagger Spray","Backflip","PiercingWail","Dodge and Roll","Footwork","After Image","Escape Plan","Backflip","Well Laid Plans"],"special_seed":0,"relics":["Ring of the Serpent","NeowsBlessing","Strawberry","Du-Vu Doll","Orichalcum"],"potions_floor_usage":[],"damage_taken":[{"damage":0.0,"enemies":"Jaw Worm","floor":1.0,"turns":1.0},{"damage":0.0,"enemies":"Cultist","floor":3.0,"turns":1.0},{"damage":0.0,"enemies":"Small Slimes","floor":4.0,"turns":1.0},{"damage":20.0,"enemies":"Gremlin Gang","floor":5.0,"turns":7.0},{"damage":20.0,"enemies":"3 Sentries","floor":6.0,"turns":5.0},{"damage":15.0,"enemies":"Lots of Slimes","floor":8.0,"turns":10.0},{"damage":21.0,"enemies":"Lagavulin","floor":10.0,"turns":6.0},{"damage":14.0,"enemies":"Red Slaver","floor":13.0,"turns":6.0},{"damage":23.0,"enemies":"The Guardian","floor":16.0,"turns":18.0},{"damage":11.0,"enemies":"Shell Parasite","floor":18.0,"turns":10.0},{"damage":16.0,"enemies":"3 Byrds","floor":20.0,"turns":6.0},{"damage":11.0,"enemies":"Snake Plant","floor":21.0,"turns":7.0},{"damage":25,"enemies":"Gremlin Leader","floor":23,"turns":3}],"seed_played":"4627548786378560161","potions_obtained":[{"floor":3.0,"key":"LiquidBronze"},{"floor":4.0,"key":"Strength Potion"},{"floor":10.0,"key":"Ancient Potion"}],"is_trial":false,"path_per_floor":["M","?","M","M","M","E","R","M","T","E","?","R","M","$","R","B",null,"M","$","M","M","?","E"],"character_chosen":"THE_SILENT","items_purchased":["Orichalcum","Footwork"],"campfire_rested":3,"item_purchase_floors":[14,14],"current_hp_per_floor":[59,59,59,59,39,26,47,47,47,26,26,47,33,33,54,31,63,52,52,36,25,25,0],"gold":0,"neow_bonus":"THREE_ENEMY_KILL","is_prod":false,"is_daily":false,"chose_seed":false,"campfire_upgraded":0,"win_rate":0,"timestamp":1560880402,"path_taken":["M","?","M","?","?","E","R","M","T","E","?","R","M","$","R","BOSS","M","$","M","M","?","E"],"build_version":"2019-01-23","purchased_purges":1,"victory":false,"max_hp_per_floor":[66,66,66,66,66,73,73,73,73,73,73,73,73,73,73,73,73,73,73,73,73,73,73],"card_choices":[{"not_picked":["Outmaneuver","Bane"],"picked":"Dodge and Roll","floor":1.0},{"not_picked":["Terror","Accuracy"],"picked":"Venomology","floor":3.0},{"not_picked":["Underhanded Strike","Dodge and Roll"],"picked":"Infinite Blades","floor":4.0},{"not_picked":["Underhanded Strike","PiercingWail"],"picked":"Dagger Spray","floor":5.0},{"not_picked":["Endless Agony","Underhanded Strike","Tactician"],"picked":"SKIP","floor":6.0},{"not_picked":["Slice","Sucker Punch"],"picked":"Backflip","floor":8.0},{"not_picked":["Infinite Blades","Masterful Stab"],"picked":"PiercingWail","floor":10.0},{"not_picked":["Infinite Blades","Grand Finale"],"picked":"Dodge and Roll","floor":13.0},{"not_picked":["A Thousand Cuts","Venomology"],"picked":"After Image","floor":16.0},{"not_picked":["Quick Slash","Backstab"],"picked":"Escape Plan","floor":18.0},{"not_picked":["Outmaneuver","Flying Knee+1"],"picked":"Backflip","floor":20.0},{"not_picked":["Dagger Spray","Flying Knee"],"picked":"Well Laid Plans","floor":21.0}],"player_experience":713893,"relics_obtained":[{"floor":6.0,"key":"Strawberry"},{"floor":10.0,"key":"Du-Vu Doll"}],"event_choices":[{"damage_healed":0.0,"max_hp_gain":0.0,"max_hp_loss":0.0,"gold_gain":0.0,"event_name":"Accursed Blacksmith","player_choice":"Forge","floor":2.0,"gold_loss":0.0,"damage_taken":0.0,"cards_upgraded":["Neutralize"]},{"cards_removed":["Defend_G"],"damage_healed":0.0,"max_hp_gain":0.0,"max_hp_loss":0.0,"gold_gain":0.0,"event_name":"Living Wall","player_choice":"Forget","floor":11.0,"gold_loss":0.0,"damage_taken":0.0},{"damage_healed":0.0,"max_hp_gain":0.0,"max_hp_loss":0.0,"gold_gain":0.0,"event_name":"Masked Bandits","player_choice":"Paid Fearfully","floor":22.0,"gold_loss":111.0,"damage_taken":0.0}],"is_beta":false,"boss_relics":[{"not_picked":["Black Star","White Beast Statue"],"picked":"Ring of the Serpent"}],"items_purged_floors":[19],"is_endless":false,"potions_floor_spawned":[3,4,10,13,20],"killed_by":"Gremlin Leader","ascension_level":19}