{"gold_per_floor":[109,59,76,91,91,117,117,150,205,205,219,237,268,187,187,285,285,300,300,318,243,256,285,297,341,406,431,457,569,581,625,637,746,758,781,508,523,538,538,563,254,288,288,298,343,361,361,461,461,461,461,461,74,105,105],"floor_reached":56,"playtime":4314,"items_purged":["Dual Wield","Strike_R+1","Strike_R+1"],"score":1491,"play_id":"4af36ab9-73b5-49d9-90ee-d873f0973ac9","local_time":"20190628032951","is_ascension_mode":true,"campfire_choices":[{"floor":7,"key":"RECALL"},{"floor":10,"key":"REST"},{"data":"Whirlwind","floor":15,"key":"SMITH"},{"data":"Demon Form","floor":24,"key":"SMITH"},{"data":"Bludgeon","floor":30,"key":"SMITH"},{"data":"Inflame","floor":32,"key":"SMITH"},{"floor":49,"key":"DIG"},{"floor":52,"key":"DIG"}],"neow_cost":"NONE","seed_source_timestamp":1296322520342139,"circlet_count":0,"master_deck":["Strike_R+1","Defend_R+1","Defend_R+1","Defend_R+1","Defend_R+1","Bash","Pommel Strike","Ghostly Armor","Heavy Blade","Reaper","Corruption","Inflame+1","Shrug It Off","Whirlwind+1","Demon Form+1","Carnage","Metallicize","Armaments+1","Bludgeon+1","Inflame","Limit Break","Shockwave","Feel No Pain+1","Exhume","Metallicize+1","Flame Barrier+1","Master of Strategy","Inflame"],"relics":["Burning Blood","Matryoshka","Art of War","Mummified Hand","Torii","Snecko Eye","MawBank","Orichalcum","Bronze Scales","Oddly Smooth Stone","Prayer Wheel","Sundial","Dream Catcher","Sozu","Shovel","Blood Vial","Medical Kit","The Courier","Shuriken","Thread and Needle","Charon\u0027s Ashes","Incense Burner","Dodecahedron","Sling","Lantern","Centennial Puzzle"],"potions_floor_usage":[6,8,13,55,55,55],"damage_taken":[{"damage":15,"enemies":"Small Slimes","floor":1,"turns":3},{"damage":12,"enemies":"Jaw Worm","floor":3,"turns":2},{"damage":0,"enemies":"2 Louse","floor":4,"turns":3},{"damage":17,"enemies":"3 Sentries","floor":6,"turns":11},{"damage":32,"enemies":"Lagavulin","floor":8,"turns":6},{"damage":4,"enemies":"Looter","floor":11,"turns":4},{"damage":15,"enemies":"2 Fungi Beasts","floor":12,"turns":4},{"damage":14,"enemies":"Gremlin Nob","floor":13,"turns":3},{"damage":59,"enemies":"Slime Boss","floor":16,"turns":8},{"damage":0,"enemies":"Chosen","floor":18,"turns":3},{"damage":1,"enemies":"Shell Parasite","floor":20,"turns":4},{"damage":0,"enemies":"Snecko","floor":22,"turns":3},{"damage":23,"enemies":"Book of Stabbing","floor":23,"turns":5},{"damage":9,"enemies":"Gremlin Leader","floor":25,"turns":5},{"damage":0,"enemies":"Chosen and Byrds","floor":27,"turns":4},{"damage":1,"enemies":"Cultist and Chosen","floor":28,"turns":3},{"damage":15,"enemies":"Colosseum Slavers","floor":29,"turns":5},{"damage":0,"enemies":"Colosseum Nobs","floor":29,"turns":3},{"damage":0,"enemies":"Book of Stabbing","floor":31,"turns":4},{"damage":7,"enemies":"Automaton","floor":33,"turns":5},{"damage":0,"enemies":"3 Shapes","floor":35,"turns":3},{"damage":0,"enemies":"Orb Walker","floor":37,"turns":3},{"damage":0,"enemies":"Transient","floor":38,"turns":5},{"damage":2,"enemies":"Nemesis","floor":40,"turns":5},{"damage":1,"enemies":"Giant Head","floor":42,"turns":5},{"damage":1,"enemies":"Jaw Worm Horde","floor":44,"turns":3},{"damage":17,"enemies":"2 Orb Walkers","floor":45,"turns":4},{"damage":20,"enemies":"Spire Growth","floor":46,"turns":4},{"damage":0,"enemies":"Mind Bloom Boss Battle","floor":48,"turns":5},{"damage":0,"enemies":"Awakened One","floor":50,"turns":5},{"damage":21,"enemies":"Shield and Spear","floor":54,"turns":4},{"damage":42,"enemies":"The Heart","floor":55,"turns":5}],"seed_played":"-8066778008636227388","potions_obtained":[{"floor":1,"key":"Block Potion"},{"floor":4,"key":"Fire Potion"},{"floor":6,"key":"Dexterity Potion"},{"floor":11,"key":"Dexterity Potion"},{"floor":12,"key":"Fruit Juice"},{"floor":22,"key":"Poison Potion"},{"floor":23,"key":"LiquidBronze"},{"floor":27,"key":"GamblersBrew"},{"floor":28,"key":"Energy Potion"},{"floor":33,"key":"Weak Potion"}],"is_trial":false,"path_per_floor":["M","?","M","M","?","E","R","E","T","R","M","M","E","$","R","B",null,"M","?","M","$","M","E","R","E","T","M","M","?","R","E","R","B",null,"M","$","M","M","?","E","$","E","T","M","?","M","?","?","R","B",null,"R","$","E","B",null],"character_chosen":"IRONCLAD","items_purchased":["Whirlwind","Shovel","Medical Kit","Sling","Lantern"],"campfire_rested":1,"item_purchase_floors":[14,36,41,53,53],"current_hp_per_floor":[79,79,73,79,61,50,50,24,24,50,56,55,60,60,60,13,93,93,93,93,93,93,84,84,93,93,93,93,90,90,93,93,93,93,93,93,93,93,93,93,93,93,93,93,93,79,79,93,93,93,93,93,93,93,90],"gold":105,"neow_bonus":"TEN_PERCENT_HP_BONUS","is_prod":false,"is_daily":false,"chose_seed":false,"campfire_upgraded":4,"win_rate":0,"timestamp":1561706991,"path_taken":["M","?","M","M","?","E","R","E","T","R","M","M","E","$","R","BOSS","M","?","M","$","M","E","R","E","T","M","M","?","R","E","R","BOSS","M","$","M","M","?","E","$","E","T","M","?","M","?","?","R","BOSS","R","$","E","BOSS"],"build_version":"2019-01-23","purchased_purges":3,"victory":true,"max_hp_per_floor":[88,88,88,88,88,88,88,88,88,88,88,88,93,93,93,93,93,93,93,93,93,93,93,93,93,93,93,93,93,93,93,93,93,93,93,93,93,93,93,93,93,93,93,93,93,93,93,93,93,93,93,93,93,93,93],"card_choices":[{"not_picked":["Dual Wield","Headbutt"],"picked":"Pommel Strike","floor":1},{"not_picked":["Combust","Anger"],"picked":"Dual Wield","floor":3},{"not_picked":["Clash","Body Slam"],"picked":"Ghostly Armor","floor":4},{"not_picked":["Clash","Searing Blow"],"picked":"Heavy Blade","floor":6},{"not_picked":["Body Slam","Carnage"],"picked":"Reaper","floor":8},{"not_picked":["Sword Boomerang","Body Slam"],"picked":"Corruption","floor":11},{"not_picked":["Wild Strike","Battle Trance"],"picked":"Inflame","floor":12},{"not_picked":["Combust","Sever Soul"],"picked":"Shrug It Off","floor":13},{"not_picked":["Barricade","Brutality"],"picked":"Demon Form","floor":16},{"not_picked":["Iron Wave","Anger","Perfected Strike"],"picked":"SKIP","floor":18},{"not_picked":["Clash","Body Slam+1"],"picked":"Carnage","floor":20},{"not_picked":["Clothesline","Dropkick"],"picked":"Metallicize","floor":22},{"not_picked":["Perfected Strike","Thunderclap"],"picked":"Armaments+1","floor":23},{"not_picked":["Sword Boomerang","Anger","Whirlwind+1"],"picked":"SKIP","floor":25},{"not_picked":["Pummel","Heavy Blade"],"picked":"Bludgeon","floor":27},{"not_picked":["Heavy Blade","Dual Wield","Dropkick"],"picked":"SKIP","floor":28},{"not_picked":["Rupture+1","Cleave"],"picked":"Inflame","floor":29},{"not_picked":["Anger","Sever Soul","Whirlwind"],"picked":"SKIP","floor":31},{"not_picked":["Berserk","Offering"],"picked":"Limit Break","floor":33},{"not_picked":["Warcry","Anger+1"],"picked":"Shockwave","floor":35},{"not_picked":["Sever Soul","Armaments+1","Clash+1"],"picked":"SKIP","floor":35},{"not_picked":["Sever Soul","Armaments+1","Clash+1"],"picked":"SKIP","floor":35},{"not_picked":["Wild Strike+1","True Grit"],"picked":"Feel No Pain+1","floor":37},{"not_picked":["Ghostly Armor+1","Shockwave+1","Twin Strike+1"],"picked":"SKIP","floor":37},{"not_picked":["Warcry+1","Whirlwind+1","Wild Strike"],"picked":"SKIP","floor":38},{"not_picked":["Warcry","Rampage+1","Carnage+1"],"picked":"SKIP","floor":38},{"not_picked":["Shrug It Off","Rupture+1"],"picked":"Exhume","floor":40},{"not_picked":["Anger+1","Twin Strike","Searing Blow"],"picked":"SKIP","floor":42},{"not_picked":["Power Through","Rage+1"],"picked":"Metallicize+1","floor":44},{"not_picked":["Dual Wield+1","Rampage+1","Corruption+1"],"picked":"SKIP","floor":44},{"not_picked":["Warcry","Clash"],"picked":"Flame Barrier+1","floor":46},{"not_picked":["Infernal Blade","Carnage+1","Burning Pact"],"picked":"SKIP","floor":46},{"not_picked":["Sadistic Nature","Bandage Up"],"picked":"Master of Strategy","floor":47},{"not_picked":["Uppercut+1","Combust"],"picked":"Inflame","floor":48},{"not_picked":["Clothesline+1","Ghostly Armor+1","Perfected Strike"],"picked":"SKIP","floor":54}],"player_experience":252068,"relics_obtained":[{"floor":6,"key":"Matryoshka"},{"floor":8,"key":"Art of War"},{"floor":9,"key":"Mummified Hand"},{"floor":13,"key":"Torii"},{"floor":23,"key":"MawBank"},{"floor":25,"key":"Orichalcum"},{"floor":26,"key":"Bronze Scales"},{"floor":26,"key":"Oddly Smooth Stone"},{"floor":29,"key":"Prayer Wheel"},{"floor":29,"key":"Sundial"},{"floor":31,"key":"Dream Catcher"},{"floor":40,"key":"Blood Vial"},{"floor":42,"key":"The Courier"},{"floor":43,"key":"Shuriken"},{"floor":45,"key":"Thread and Needle"},{"floor":48,"key":"Charon\u0027s Ashes"},{"floor":49,"key":"Incense Burner"},{"floor":52,"key":"Dodecahedron"},{"floor":54,"key":"Centennial Puzzle"}],"event_choices":[{"cards_removed":["Strike_R"],"damage_healed":0,"gold_gain":0,"player_choice":"Card Removal","damage_taken":0,"max_hp_gain":0,"max_hp_loss":0,"event_name":"The Cleric","floor":2,"gold_loss":50},{"damage_healed":0,"gold_gain":0,"player_choice":"Entered Light","damage_taken":18,"max_hp_gain":0,"max_hp_loss":0,"event_name":"Shining Light","floor":5,"gold_loss":0,"cards_upgraded":["Defend_R","Strike_R"]},{"damage_healed":0,"gold_gain":0,"player_choice":"Simplicity","damage_taken":0,"max_hp_gain":0,"max_hp_loss":0,"event_name":"Back to Basics","floor":19,"gold_loss":0,"cards_upgraded":["Strike_R","Strike_R","Strike_R","Defend_R","Defend_R","Defend_R"]},{"damage_healed":0,"gold_gain":0,"player_choice":"Fight","damage_taken":0,"max_hp_gain":0,"max_hp_loss":0,"event_name":"Colosseum","floor":29,"gold_loss":0},{"damage_healed":0,"gold_gain":0,"player_choice":"Fought Nobs","damage_taken":0,"max_hp_gain":0,"max_hp_loss":0,"event_name":"Colosseum","floor":29,"gold_loss":0},{"cards_removed":["Strike_R"],"damage_healed":0,"gold_gain":0,"player_choice":"Removed Attack","damage_taken":0,"max_hp_gain":0,"max_hp_loss":0,"event_name":"Falling","floor":39,"gold_loss":0},{"damage_healed":0,"gold_gain":0,"player_choice":"Fight","damage_taken":0,"max_hp_gain":0,"max_hp_loss":0,"event_name":"Mysterious Sphere","floor":45,"gold_loss":0},{"damage_healed":0,"gold_gain":0,"player_choice":"Memory 1","damage_taken":0,"max_hp_gain":0,"max_hp_loss":0,"event_name":"SensoryStone","floor":47,"gold_loss":0},{"damage_healed":0,"gold_gain":0,"player_choice":"Fight","damage_taken":0,"max_hp_gain":0,"max_hp_loss":0,"event_name":"MindBloom","floor":48,"gold_loss":0}],"is_beta":false,"boss_relics":[{"not_picked":["Philosopher\u0027s Stone","Lizard Tail"],"picked":"Snecko Eye"},{"not_picked":["Velvet Choker","Runic Pyramid"],"picked":"Sozu"}],"items_purged_floors":[21,41,53],"is_endless":false,"potions_floor_spawned":[1,4,6,11,12,22,23,27,28,29,33,38,40,42,46],"ascension_level":2}