{"gold_per_floor":[368,379,392,17,29,29,48,60,85,110,10,10,10,26,26,122,122,139,54,85,95,60,95,95,20,20,20,32,32,48,79,79,180,180,190,65,287,287,387,417,430,457,457,457,55,68,81,81,81,81,81,81,81,110,110],"floor_reached":55,"playtime":5638,"items_purged":["Strike_B","Strike_B","Defend_B"],"score":890,"play_id":"a5b56c66-5759-4273-9fb2-6c29a4c402ec","local_time":"20190601005259","is_ascension_mode":false,"campfire_choices":[{"floor":6.0,"key":"REST"},{"data":"Creative AI","floor":12.0,"key":"SMITH"},{"data":"Dualcast","floor":15.0,"key":"SMITH"},{"floor":24,"key":"REST"},{"data":"Defragment","floor":27,"key":"SMITH"},{"data":"Chaos","floor":29,"key":"SMITH"},{"data":"Zap","floor":32,"key":"SMITH"},{"floor":44,"key":"RECALL"},{"data":"Redo","floor":49,"key":"SMITH"},{"data":"Storm","floor":52,"key":"SMITH"}],"neow_cost":"PERCENT_DAMAGE","seed_source_timestamp":0,"circlet_count":0,"master_deck":["Strike_B","Defend_B","Defend_B","Zap+1","Dualcast+1","Coolheaded+1","Doom and Gloom","Cold Snap","Glacier+1","Rebound","Creative AI+1","Glacier","Electrodynamics","Self Repair+1","Conserve Battery+1","Defragment+1","Barrage+1","Chaos+1","Compile Driver+1","Storm+1","Reboot","Madness","Madness","Blizzard+1","Hologram+1","Redo+1","Defragment+1","Double Energy+1","Dark Shackles","Loop+1"],"special_seed":0,"relics":["FrozenCore","Unceasing Top","Lantern","Dodecahedron","Nuclear Battery","Vajra","Red Mask","Art of War","Cables","Girya","FossilizedHelix","Blood Vial","Mercury Hourglass","Mummified Hand","War Paint","Centennial Puzzle"],"potions_floor_usage":[18,31,33,39,40,55,55],"damage_taken":[{"damage":6.0,"enemies":"Cultist","floor":1.0,"turns":3.0},{"damage":0.0,"enemies":"2 Louse","floor":2.0,"turns":2.0},{"damage":8.0,"enemies":"Jaw Worm","floor":3.0,"turns":3.0},{"damage":6.0,"enemies":"Looter","floor":5.0,"turns":3.0},{"damage":7.0,"enemies":"3 Louse","floor":7.0,"turns":2.0},{"damage":3.0,"enemies":"Blue Slaver","floor":8.0,"turns":3.0},{"damage":3.0,"enemies":"3 Sentries","floor":10.0,"turns":10.0},{"damage":0.0,"enemies":"Looter","floor":14.0,"turns":3.0},{"damage":21,"enemies":"Hexaghost","floor":16,"turns":11},{"damage":8,"enemies":"Chosen","floor":18,"turns":4},{"damage":0,"enemies":"Masked Bandits","floor":20,"turns":3},{"damage":5,"enemies":"Spheric Guardian","floor":21,"turns":4},{"damage":52,"enemies":"Gremlin Leader","floor":23,"turns":13},{"damage":3,"enemies":"3 Cultists","floor":28,"turns":5},{"damage":0,"enemies":"Cultist and Chosen","floor":30,"turns":6},{"damage":4,"enemies":"Slavers","floor":31,"turns":4},{"damage":0,"enemies":"Collector","floor":33,"turns":7},{"damage":7,"enemies":"3 Darklings","floor":35,"turns":3},{"damage":23,"enemies":"Mind Bloom Boss Battle","floor":39,"turns":6},{"damage":24,"enemies":"Giant Head","floor":40,"turns":9},{"damage":0,"enemies":"Orb Walker","floor":41,"turns":4},{"damage":2,"enemies":"Reptomancer","floor":42,"turns":8},{"damage":7,"enemies":"Jaw Worm Horde","floor":46,"turns":3},{"damage":0,"enemies":"4 Shapes","floor":47,"turns":2},{"damage":0,"enemies":"Donu and Deca","floor":50,"turns":8},{"damage":0,"enemies":"Shield and Spear","floor":54,"turns":3},{"damage":76,"enemies":"The Heart","floor":55,"turns":8}],"seed_played":"2194519101115323827","potions_obtained":[{"floor":1.0,"key":"Fire Potion"},{"floor":3.0,"key":"SkillPotion"},{"floor":7.0,"key":"FearPotion"},{"floor":16,"key":"Poison Potion"},{"floor":21,"key":"LiquidBronze"},{"floor":28,"key":"SkillPotion"},{"floor":31,"key":"EssenceOfSteel"},{"floor":33,"key":"GamblersBrew"},{"floor":35,"key":"AttackPotion"},{"floor":41,"key":"Strength Potion"},{"floor":46,"key":"SpeedPotion"}],"is_trial":false,"path_per_floor":["M","M","M","$","M","R","M","M","T","E","$","R","?","M","R","B",null,"M","?","?","M","$","E","R","?","T","R","M","R","M","E","R","B",null,"M","$","?","?","?","E","M","E","T","R","$","M","M","?","R","B",null,"R","$","E","B"],"character_chosen":"DEFECT","items_purchased":["Unceasing Top","Defragment","Mummified Hand","War Paint"],"campfire_rested":2,"item_purchase_floors":[4,22,45,45],"current_hp_per_floor":[48,48,40,40,34,56,49,46,46,43,43,43,43,43,43,22,75,67,67,67,72,72,30,52,52,52,52,59,59,59,65,65,75,75,75,75,75,66,53,39,49,57,57,57,57,62,64,64,64,75,75,75,75,75,0],"gold":110,"neow_bonus":"TWO_FIFTY_GOLD","is_prod":false,"is_daily":false,"chose_seed":false,"campfire_upgraded":7,"win_rate":0,"timestamp":1559346779,"path_taken":["M","M","M","$","?","R","M","M","T","E","$","R","?","?","R","BOSS","M","?","?","M","$","E","R","?","T","R","M","R","M","E","R","BOSS","M","$","?","?","?","E","M","E","T","R","$","M","M","?","R","BOSS","R","$","E","BOSS"],"build_version":"2019-01-23","purchased_purges":3,"victory":false,"max_hp_per_floor":[75,75,75,75,75,75,75,75,75,75,75,75,75,75,75,75,75,75,75,75,75,75,75,75,75,75,75,75,75,75,75,75,75,75,75,75,75,75,75,75,75,75,75,75,75,75,75,75,75,75,75,75,75,75,75],"card_choices":[{"not_picked":["Chaos","Sunder"],"picked":"Coolheaded","floor":1.0},{"not_picked":["Redo","Gash"],"picked":"Doom and Gloom","floor":2.0},{"not_picked":["Coolheaded","Reprogram"],"picked":"Cold Snap","floor":3.0},{"not_picked":["Conserve Battery","Steam"],"picked":"Glacier","floor":5.0},{"not_picked":["Stack","Barrage"],"picked":"Rebound","floor":7.0},{"not_picked":["Cold Snap","Static Discharge"],"picked":"Creative AI","floor":8.0},{"not_picked":["Static Discharge","Chaos"],"picked":"Glacier","floor":10.0},{"not_picked":["Lockon","Hologram","Hello World"],"picked":"SKIP","floor":14.0},{"not_picked":["Thunder Strike","Fission"],"picked":"Electrodynamics","floor":16},{"not_picked":["Static Discharge","Beam Cell","Streamline+1"],"picked":"SKIP","floor":18},{"not_picked":["Recycle","Coolheaded"],"picked":"Self Repair+1","floor":20},{"not_picked":["Turbo","Gash"],"picked":"Conserve Battery+1","floor":21},{"not_picked":["Lockon+1","Undo"],"picked":"Barrage+1","floor":23},{"not_picked":["Sweeping Beam","Aggregate+1"],"picked":"Chaos","floor":28},{"not_picked":["Leap","Go for the Eyes+1"],"picked":"Compile Driver+1","floor":30},{"not_picked":["Rip and Tear","Hello World"],"picked":"Storm","floor":31},{"not_picked":["Echo Form","Buffer"],"picked":"Reboot","floor":33},{"not_picked":["Leap","Lockon","Compile Driver+1"],"picked":"SKIP","floor":35},{"not_picked":["Heatsinks+1","Lockon+1"],"picked":"Blizzard+1","floor":39},{"not_picked":["Steam","Aggregate"],"picked":"Hologram+1","floor":40},{"not_picked":["Turbo+1","Scrape","Cold Snap+1"],"picked":"SKIP","floor":41},{"not_picked":["Compile Driver","Sunder"],"picked":"Redo","floor":42},{"not_picked":["Cold Snap+1","Turbo+1"],"picked":"Defragment+1","floor":46},{"not_picked":["Doom and Gloom","Streamline+1"],"picked":"Double Energy+1","floor":47},{"not_picked":["Purity","Bandage Up"],"picked":"Dark Shackles","floor":48},{"not_picked":["Compile Driver+1","Barrage"],"picked":"Loop+1","floor":54}],"player_experience":564613,"relics_obtained":[{"floor":9.0,"key":"Lantern"},{"floor":10.0,"key":"Dodecahedron"},{"floor":20,"key":"Red Mask"},{"floor":23,"key":"Art of War"},{"floor":31,"key":"Cables"},{"floor":39,"key":"Girya"},{"floor":40,"key":"FossilizedHelix"},{"floor":42,"key":"Blood Vial"},{"floor":43,"key":"Mercury Hourglass"},{"floor":54,"key":"Centennial Puzzle"}],"event_choices":[{"cards_removed":["Strike_B"],"damage_healed":0.0,"max_hp_gain":0.0,"max_hp_loss":0.0,"gold_gain":0.0,"event_name":"Purifier","player_choice":"Purged","floor":13.0,"gold_loss":0.0,"damage_taken":0.0},{"damage_healed":0,"gold_gain":0,"player_choice":"Obtained Relic","damage_taken":0,"relics_obtained":["Vajra"],"max_hp_gain":0,"max_hp_loss":0,"event_name":"Addict","floor":19,"gold_loss":85},{"damage_healed":0,"gold_gain":0,"player_choice":"Fought Bandits","damage_taken":0,"max_hp_gain":0,"max_hp_loss":0,"event_name":"Masked Bandits","floor":20,"gold_loss":0},{"cards_removed":["Defend_B"],"damage_healed":0,"gold_gain":0,"player_choice":"Gave Gold","damage_taken":0,"max_hp_gain":0,"max_hp_loss":0,"event_name":"Beggar","floor":25,"gold_loss":75},{"damage_healed":0,"gold_gain":222,"player_choice":"Wore Mask","damage_taken":0,"max_hp_gain":0,"max_hp_loss":0,"event_name":"Tomb of Lord Red Mask","floor":37,"gold_loss":0},{"damage_healed":0,"gold_gain":0,"player_choice":"Embrace Madness","damage_taken":9,"max_hp_gain":0,"max_hp_loss":0,"event_name":"Winding Halls","floor":38,"gold_loss":0,"cards_obtained":["Madness","Madness"]},{"damage_healed":0,"gold_gain":0,"player_choice":"Fight","damage_taken":0,"max_hp_gain":0,"max_hp_loss":0,"event_name":"MindBloom","floor":39,"gold_loss":0},{"damage_healed":0,"gold_gain":0,"player_choice":"Memory 1","damage_taken":0,"max_hp_gain":0,"max_hp_loss":0,"event_name":"SensoryStone","floor":48,"gold_loss":0}],"is_beta":false,"boss_relics":[{"not_picked":["Pandora\u0027s Box","Runic Pyramid"],"picked":"Nuclear Battery"},{"not_picked":["Snecko Eye","Busted Crown"],"picked":"FrozenCore"}],"items_purged_floors":[4,11,36],"is_endless":false,"potions_floor_spawned":[1,3,7,16,21,28,31,33,35,41,46,47],"killed_by":"The Heart","ascension_level":0}