{"gold_per_floor":[111,128,16,26,38,68,81,92,92,92,118,118,152,152,152,252,252,270,290,389,389,400,432,445,445,468,468,487,502,502,502],"floor_reached":31,"playtime":9170,"items_purged":["Strike_B"],"score":304,"play_id":"94dd680c-8c9e-4a4c-853b-3d141703b1e2","local_time":"20190517205956","is_ascension_mode":false,"campfire_choices":[{"data":"Redo","floor":15,"key":"SMITH"},{"floor":25,"key":"REST"},{"data":"Defragment","floor":27,"key":"SMITH"},{"floor":30,"key":"REST"}],"neow_cost":"NONE","seed_source_timestamp":3138885360954,"circlet_count":0,"master_deck":["Defend_B+1","Defend_B+1","Defend_B","Zap","Dualcast","Ball Lightning","Redo+1","Doom and Gloom","Barrage","Conserve Battery","Go for the Eyes","Hologram","Compile Driver","Fusion+1","Electrodynamics","Skim+1","Glacier+1","Multi-Cast+1","Coolheaded","Darkness","Machine Learning","Heatsinks","Darkness+1","Defragment+1","Lockon+1","Stack+1","Stack+1"],"relics":["Cracked Core","War Paint","Strawberry","Bottled Lightning","Dream Catcher","Astrolabe","Toxic Egg 2"],"potions_floor_usage":[6,6,11,22,22,22,31],"damage_taken":[{"damage":1,"enemies":"Jaw Worm","floor":1,"turns":3},{"damage":0,"enemies":"2 Louse","floor":2,"turns":3},{"damage":0,"enemies":"Cultist","floor":4,"turns":3},{"damage":15,"enemies":"Exordium Thugs","floor":5,"turns":3},{"damage":6,"enemies":"Lagavulin","floor":6,"turns":5},{"damage":0,"enemies":"2 Fungi Beasts","floor":7,"turns":3},{"damage":0,"enemies":"Large Slime","floor":8,"turns":4},{"damage":3,"enemies":"Gremlin Nob","floor":11,"turns":3},{"damage":14,"enemies":"3 Sentries","floor":13,"turns":6},{"damage":12,"enemies":"Slime Boss","floor":16,"turns":8},{"damage":12,"enemies":"Spheric Guardian","floor":18,"turns":4},{"damage":0,"enemies":"3 Byrds","floor":19,"turns":3},{"damage":8,"enemies":"Sentry and Sphere","floor":22,"turns":6},{"damage":49,"enemies":"Gremlin Leader","floor":23,"turns":6},{"damage":9,"enemies":"Shelled Parasite and Fungi","floor":24,"turns":8},{"damage":5,"enemies":"Snecko","floor":28,"turns":4},{"damage":24,"enemies":"Centurion and Healer","floor":29,"turns":5},{"damage":58,"enemies":"Slavers","floor":31,"turns":3}],"seed_played":"2308571479989530776","potions_obtained":[{"floor":2,"key":"Weak Potion"},{"floor":4,"key":"Swift Potion"},{"floor":5,"key":"Dexterity Potion"},{"floor":8,"key":"FocusPotion"},{"floor":19,"key":"Block Potion"},{"floor":21,"key":"Regen Potion"},{"floor":21,"key":"Explosive Potion"},{"floor":24,"key":"SteroidPotion"},{"floor":29,"key":"Fire Potion"}],"is_trial":false,"path_per_floor":["M","M","$","M","M","E","M","M","T","?","E","?","E","?","R","B",null,"M","M","?","?","M","E","M","R","T","R","M","M","R","E"],"character_chosen":"DEFECT","items_purchased":["Doom and Gloom"],"campfire_rested":2,"item_purchase_floors":[3],"current_hp_per_floor":[81,81,81,81,66,60,60,60,67,72,69,62,48,48,48,36,94,82,82,82,82,86,37,28,56,56,56,51,27,55,0],"gold":502,"neow_bonus":"TEN_PERCENT_HP_BONUS","is_prod":false,"is_daily":false,"chose_seed":false,"campfire_upgraded":2,"win_rate":0,"timestamp":1558123196,"path_taken":["M","M","$","M","M","E","M","M","T","?","E","?","E","?","R","BOSS","M","M","?","?","M","E","M","R","T","R","M","?","R","E"],"build_version":"2019-01-23","purchased_purges":1,"victory":false,"max_hp_per_floor":[82,82,82,82,82,82,82,82,89,94,94,94,94,94,94,94,94,94,94,94,94,94,94,94,94,94,94,94,94,94,94],"card_choices":[{"not_picked":["Beam Cell","Redo"],"picked":"Ball Lightning","floor":1},{"not_picked":["Turbo","Hyperbeam"],"picked":"Redo","floor":2},{"not_picked":["Redo","Steam"],"picked":"Barrage","floor":4},{"not_picked":["Redo","Seek"],"picked":"Conserve Battery","floor":5},{"not_picked":["Heatsinks","Darkness"],"picked":"Go for the Eyes","floor":6},{"not_picked":["Aggregate","Turbo","Rebound"],"picked":"SKIP","floor":7},{"not_picked":["Gash","Redo"],"picked":"Hologram","floor":8},{"not_picked":["Beam Cell","Conserve Battery"],"picked":"Compile Driver","floor":11},{"not_picked":["Hyperbeam","Undo"],"picked":"Fusion","floor":13},{"not_picked":["Biased Cognition","Fission"],"picked":"Electrodynamics","floor":16},{"not_picked":["Stack","Beam Cell"],"picked":"Coolheaded","floor":18},{"not_picked":["Barrage","Steam"],"picked":"Darkness","floor":19},{"not_picked":["Recycle","Stack+1"],"picked":"Machine Learning","floor":22},{"not_picked":["Redo","Compile Driver"],"picked":"Heatsinks","floor":23},{"not_picked":["Reprogram+1","Sweeping Beam"],"picked":"Darkness+1","floor":24},{"not_picked":["Hyperbeam","Beam Cell"],"picked":"Defragment","floor":25},{"not_picked":["Doom and Gloom","Streamline+1"],"picked":"Lockon+1","floor":28},{"not_picked":["Redo+1","Steam+1"],"picked":"Stack+1","floor":29},{"not_picked":["Hologram+1","Beam Cell"],"picked":"Stack+1","floor":30}],"player_experience":283847,"relics_obtained":[{"floor":6,"key":"War Paint"},{"floor":9,"key":"Strawberry"},{"floor":11,"key":"Bottled Lightning"},{"floor":13,"key":"Dream Catcher"},{"floor":23,"key":"Toxic Egg 2"}],"event_choices":[{"damage_healed":0,"gold_gain":0,"player_choice":"Donut","damage_taken":0,"max_hp_gain":5,"max_hp_loss":0,"event_name":"Big Fish","floor":10,"gold_loss":0},{"cards_removed":["Strike_B"],"damage_healed":0,"gold_gain":0,"player_choice":"Card Removal","damage_taken":7,"max_hp_gain":0,"max_hp_loss":0,"event_name":"Golden Wing","floor":12,"gold_loss":0},{"damage_healed":0,"gold_gain":0,"player_choice":"Grow","damage_taken":0,"max_hp_gain":0,"max_hp_loss":0,"event_name":"Living Wall","floor":14,"gold_loss":0,"cards_upgraded":["Fusion"]},{"damage_healed":0,"gold_gain":99,"player_choice":"Stole From Cult","damage_taken":0,"max_hp_gain":0,"max_hp_loss":0,"event_name":"Nest","floor":20,"gold_loss":0},{"damage_healed":0,"gold_gain":0,"player_choice":"Got Potions","damage_taken":0,"max_hp_gain":0,"max_hp_loss":0,"event_name":"Lab","floor":21,"gold_loss":0}],"is_beta":false,"boss_relics":[{"not_picked":["Cursed Key","Runic Pyramid"],"picked":"Astrolabe"}],"items_purged_floors":[3],"is_endless":false,"potions_floor_spawned":[2,4,5,8,19,24,29],"killed_by":"Slavers","ascension_level":0}