{"gold_per_floor":[118,118,17,36,51,81,101,117,140,140,169,182,200,229,229,332,382,398,398,416,51,62,62,62,74,74,74],"floor_reached":27,"playtime":2664,"items_purged":["Strike_B","Defend_B"],"score":252,"play_id":"41a3bf6f-466b-4c52-af43-5c3238eaae4d","local_time":"20190601184048","is_ascension_mode":false,"campfire_choices":[{"data":"Zap","floor":10,"key":"SMITH"},{"data":"Consume","floor":15,"key":"SMITH"},{"data":"Echo Form","floor":24,"key":"SMITH"}],"neow_cost":"NONE","seed_source_timestamp":91085940165061,"circlet_count":0,"master_deck":["Defend_B+1","Defend_B","Zap+1","Dualcast","Machine Learning","Coolheaded","Amplify","Conserve Battery","Gash","Gash","Stack","Consume+1","White Noise","Stack","Echo Form+1","Cold Snap","Machine Learning","Gash","Stack+1","Chaos","BootSequence","Go for the Eyes","Storm","Redo","Gash+1","Self Repair+1"],"relics":["Cracked Core","Omamori","Odd Mushroom","Bag of Marbles","Vajra","Nloth\u0027s Gift","Girya"],"potions_floor_usage":[6,7,11,14,16,22,25,25,25,25,25],"damage_taken":[{"damage":0,"enemies":"Small Slimes","floor":1,"turns":3},{"damage":6,"enemies":"Jaw Worm","floor":4,"turns":5},{"damage":2,"enemies":"2 Louse","floor":5,"turns":4},{"damage":5,"enemies":"Lagavulin","floor":6,"turns":7},{"damage":9,"enemies":"Gremlin Gang","floor":7,"turns":5},{"damage":0,"enemies":"3 Louse","floor":8,"turns":6},{"damage":0,"enemies":"The Mushroom Lair","floor":11,"turns":6},{"damage":0,"enemies":"Red Slaver","floor":12,"turns":5},{"damage":7,"enemies":"Blue Slaver","floor":13,"turns":4},{"damage":8,"enemies":"3 Sentries","floor":14,"turns":10},{"damage":28,"enemies":"The Guardian","floor":16,"turns":10},{"damage":8,"enemies":"Chosen","floor":18,"turns":6},{"damage":0,"enemies":"3 Byrds","floor":20,"turns":2},{"damage":28,"enemies":"Sentry and Sphere","floor":22,"turns":5},{"damage":3,"enemies":"Snake Plant","floor":25,"turns":6},{"damage":69,"enemies":"Gremlin Leader","floor":27,"turns":4}],"seed_played":"-5368008330077833094","potions_obtained":[{"floor":4,"key":"Poison Potion"},{"floor":6,"key":"Fire Potion"},{"floor":8,"key":"EssenceOfSteel"},{"floor":12,"key":"FearPotion"},{"floor":13,"key":"Block Potion"},{"floor":16,"key":"EntropicBrew"},{"floor":17,"key":"Regen Potion"},{"floor":22,"key":"EssenceOfSteel"}],"is_trial":false,"path_per_floor":["M","?","$","M","M","E","M","M","T","R","?","M","M","E","R","B",null,"M","?","M","$","M","?","R","M","T","E"],"character_chosen":"DEFECT","items_purchased":["Conserve Battery","Vajra","Storm","Redo"],"campfire_rested":0,"item_purchase_floors":[3,21,21,21],"current_hp_per_floor":[75,75,75,69,67,62,53,53,53,53,53,53,46,38,38,10,80,72,72,72,72,53,53,53,62,62,0],"gold":74,"neow_bonus":"TRANSFORM_CARD","is_prod":false,"is_daily":false,"chose_seed":false,"campfire_upgraded":3,"win_rate":0,"timestamp":1559410848,"path_taken":["M","?","$","M","M","E","M","M","T","R","?","M","M","E","R","BOSS","M","?","M","$","M","?","R","M","T","E"],"build_version":"2019-01-23","purchased_purges":2,"victory":false,"max_hp_per_floor":[75,75,75,75,75,75,75,75,75,75,75,75,75,75,75,75,80,80,80,80,80,80,80,80,80,80,80],"card_choices":[{"not_picked":["Rebound","Genetic Algorithm"],"picked":"Coolheaded","floor":1},{"not_picked":["Steam","Rip and Tear"],"picked":"Gash","floor":4},{"not_picked":["Stack","Machine Learning"],"picked":"Gash","floor":5},{"not_picked":["Hologram","Rip and Tear"],"picked":"Stack","floor":6},{"not_picked":["Sweeping Beam","Beam Cell"],"picked":"Consume","floor":7},{"not_picked":["Force Field","Aggregate"],"picked":"White Noise","floor":8},{"not_picked":["Rip and Tear","Melter"],"picked":"Stack","floor":11},{"not_picked":["Conserve Battery","Force Field"],"picked":"Echo Form","floor":12},{"not_picked":["Hello World","Scrape","Sweeping Beam"],"picked":"SKIP","floor":13},{"not_picked":["Leap","Fusion"],"picked":"Cold Snap","floor":14},{"not_picked":["Echo Form","Hyperbeam"],"picked":"Machine Learning","floor":16},{"not_picked":["FTL","Redo"],"picked":"Gash","floor":17},{"not_picked":["White Noise","Steam Power"],"picked":"Stack+1","floor":18},{"not_picked":["Leap","Aggregate+1"],"picked":"Go for the Eyes","floor":20},{"not_picked":["Streamline+1","Steam"],"picked":"Gash+1","floor":22},{"not_picked":["Go for the Eyes","Double Energy+1"],"picked":"Self Repair+1","floor":25}],"player_experience":581234,"relics_obtained":[{"floor":6,"key":"Omamori"},{"floor":11,"key":"Odd Mushroom"},{"floor":14,"key":"Bag of Marbles"},{"floor":26,"key":"Girya"}],"event_choices":[{"damage_healed":0,"gold_gain":0,"cards_transformed":["Strike_B"],"player_choice":"Change","damage_taken":0,"max_hp_gain":0,"max_hp_loss":0,"event_name":"Living Wall","floor":2,"gold_loss":0,"cards_obtained":["Amplify"]},{"damage_healed":0,"gold_gain":0,"player_choice":"Fought Mushrooms","damage_taken":0,"max_hp_gain":0,"max_hp_loss":0,"event_name":"Mushrooms","floor":11,"gold_loss":0},{"damage_healed":0,"gold_gain":0,"cards_transformed":["Strike_B","Defend_B"],"player_choice":"Became Test Subject","damage_taken":0,"max_hp_gain":0,"max_hp_loss":0,"event_name":"Drug Dealer","floor":19,"gold_loss":0,"cards_obtained":["Chaos","BootSequence"]},{"damage_healed":0,"gold_gain":0,"player_choice":"Traded Relic","damage_taken":0,"relics_obtained":["Nloth\u0027s Gift"],"max_hp_gain":0,"max_hp_loss":0,"event_name":"N\u0027loth","floor":23,"relics_lost":["Tiny House"],"gold_loss":0}],"is_beta":false,"boss_relics":[{"not_picked":["Ectoplasm","Snecko Eye"],"picked":"Tiny House"}],"items_purged_floors":[3,21],"is_endless":false,"potions_floor_spawned":[4,6,8,12,13,16,22],"killed_by":"Gremlin Leader","ascension_level":0}