{"gold_per_floor":[119,119,119,140,38,71,89,89,89,89,117,117,140,173,173,296,296,319,332,332,350,19,57,57,82,82,98,98,26,46,79,79,199,199,220,11,11,35,35,35,60,0,23,41,60,104,122,157,157,157,157,157,62,103,103],"floor_reached":56,"playtime":6632,"items_purged":["Strike_B","Hello World"],"score":1309,"play_id":"b753445d-9ff8-4c41-b091-ed77bdcb44d0","local_time":"20190524151119","is_ascension_mode":false,"campfire_choices":[{"floor":8,"key":"REST"},{"data":"Coolheaded","floor":10,"key":"SMITH"},{"floor":12,"key":"REST"},{"floor":15,"key":"RECALL"},{"data":"Biased Cognition","floor":24,"key":"SMITH"},{"floor":32,"key":"REST"},{"data":"Seek","floor":40,"key":"SMITH"},{"data":"Dualcast","floor":49,"key":"SMITH"},{"data":"Zap","floor":52,"key":"SMITH"}],"neow_cost":"NONE","seed_source_timestamp":241573455221640,"circlet_count":0,"master_deck":["Strike_B+1","Strike_B","Defend_B","Defend_B","Defend_B","Defend_B","Zap+1","Dualcast+1","Conserve Battery","Go for the Eyes+1","Biased Cognition+1","Coolheaded+1","Hologram","Ball Lightning","Seek+1","Genetic Algorithm","Static Discharge+1","Loop+1","Capacitor+1","Machine Learning+1","Creative AI+1","Conserve Battery+1","Chill+1","Self Repair+1","Chill+1","Cold Snap+1","Consume+1","BootSequence+1","Hologram+1","Force Field+1","Hologram+1","Barrage"],"relics":["Busted Crown","Golden Idol","Whetstone","Frozen Egg 2","Odd Mushroom","Vajra","Nuclear Battery","Letter Opener","Toxic Egg 2","Cables","Dodecahedron","Inserter","Red Mask","Bronze Scales","Juzu Bracelet","DataDisk"],"potions_floor_usage":[11,14,21,27,31,33,35,39,50,54,55,55],"damage_taken":[{"damage":0,"enemies":"Cultist","floor":1,"turns":4},{"damage":2,"enemies":"Small Slimes","floor":4,"turns":3},{"damage":48,"enemies":"Gremlin Nob","floor":6,"turns":6},{"damage":3,"enemies":"Jaw Worm","floor":7,"turns":3},{"damage":7,"enemies":"The Mushroom Lair","floor":11,"turns":5},{"damage":6,"enemies":"Exordium Thugs","floor":13,"turns":4},{"damage":18,"enemies":"3 Sentries","floor":14,"turns":8},{"damage":0,"enemies":"Hexaghost","floor":16,"turns":9},{"damage":5,"enemies":"2 Thieves","floor":18,"turns":4},{"damage":0,"enemies":"3 Byrds","floor":19,"turns":4},{"damage":11,"enemies":"Sentry and Sphere","floor":21,"turns":4},{"damage":14,"enemies":"Gremlin Leader","floor":23,"turns":5},{"damage":2,"enemies":"Snake Plant","floor":25,"turns":3},{"damage":0,"enemies":"Chosen and Byrds","floor":27,"turns":5},{"damage":0,"enemies":"Snecko","floor":30,"turns":5},{"damage":5,"enemies":"Book of Stabbing","floor":31,"turns":6},{"damage":3,"enemies":"Champ","floor":33,"turns":9},{"damage":19,"enemies":"3 Darklings","floor":35,"turns":5},{"damage":1,"enemies":"Orb Walker","floor":38,"turns":6},{"damage":0,"enemies":"Transient","floor":39,"turns":1},{"damage":0,"enemies":"4 Shapes","floor":41,"turns":6},{"damage":18,"enemies":"Writhing Mass","floor":44,"turns":6},{"damage":10,"enemies":"Sphere and 2 Shapes","floor":45,"turns":6},{"damage":7,"enemies":"Nemesis","floor":46,"turns":9},{"damage":0,"enemies":"4 Shapes","floor":47,"turns":5},{"damage":0,"enemies":"Giant Head","floor":48,"turns":8},{"damage":0,"enemies":"Donu and Deca","floor":50,"turns":12},{"damage":11,"enemies":"Shield and Spear","floor":54,"turns":9},{"damage":24,"enemies":"The Heart","floor":55,"turns":12}],"seed_played":"494652606509066615","potions_obtained":[{"floor":6,"key":"PowerPotion"},{"floor":13,"key":"AttackPotion"},{"floor":14,"key":"GamblersBrew"},{"floor":16,"key":"Swift Potion"},{"floor":19,"key":"Poison Potion"},{"floor":25,"key":"Block Potion"},{"floor":33,"key":"Fire Potion"},{"floor":35,"key":"SmokeBomb"},{"floor":41,"key":"LiquidBronze"},{"floor":44,"key":"Energy Potion"},{"floor":47,"key":"Swift Potion"}],"is_trial":false,"path_per_floor":["M","?","?","M","$","E","M","R","T","R","?","R","M","E","R","B",null,"M","M","?","M","$","E","R","M","T","M","?","$","M","E","R","B",null,"M","$","?","M","M","R","M","?","T","M","M","E","M","E","R","B",null,"R","$","E","B",null],"character_chosen":"DEFECT","items_purchased":["Go for the Eyes","Static Discharge+1","Letter Opener","Capacitor+1","Chill+1","Self Repair+1","Dexterity Potion","Hologram+1"],"campfire_rested":3,"item_purchase_floors":[5,22,22,29,36,36,53,53],"current_hp_per_floor":[75,69,69,67,67,19,16,36,36,36,29,49,43,25,25,25,69,64,64,58,47,47,33,33,31,31,31,31,31,31,26,46,43,69,50,50,50,59,59,59,69,69,69,69,69,69,69,69,69,69,69,69,69,68,54],"gold":103,"neow_bonus":"BOSS_RELIC","is_prod":false,"is_daily":false,"chose_seed":false,"campfire_upgraded":5,"win_rate":0,"timestamp":1558707079,"path_taken":["M","?","?","?","?","E","M","R","T","R","?","R","M","E","R","BOSS","M","M","?","M","$","E","R","?","T","M","?","?","?","E","R","BOSS","M","$","?","?","M","R","M","?","T","M","M","E","M","E","R","BOSS","R","$","E","BOSS"],"build_version":"2019-01-23","purchased_purges":2,"victory":true,"max_hp_per_floor":[75,69,69,69,69,69,69,69,69,69,69,69,69,69,69,69,69,69,69,69,69,69,69,69,69,69,69,69,69,69,69,69,69,69,69,69,69,69,69,69,69,69,69,69,69,69,69,69,69,69,69,69,69,69,69],"card_choices":[{"not_picked":["Steam"],"picked":"SKIP","floor":1},{"not_picked":[],"picked":"Hello World","floor":4},{"not_picked":[],"picked":"Biased Cognition","floor":6},{"not_picked":[],"picked":"Coolheaded","floor":7},{"not_picked":[],"picked":"Hologram","floor":11},{"not_picked":["Sweeping Beam"],"picked":"SKIP","floor":13},{"not_picked":[],"picked":"Ball Lightning","floor":14},{"not_picked":[],"picked":"Seek","floor":16},{"not_picked":["Hello World+1"],"picked":"SKIP","floor":18},{"not_picked":["Gash"],"picked":"SKIP","floor":19},{"not_picked":[],"picked":"Genetic Algorithm","floor":21},{"not_picked":["Undo"],"picked":"SKIP","floor":23},{"not_picked":[],"picked":"Loop+1","floor":25},{"not_picked":["Steam+1"],"picked":"SKIP","floor":27},{"not_picked":["Lockon"],"picked":"SKIP","floor":30},{"not_picked":[],"picked":"Machine Learning+1","floor":31},{"not_picked":[],"picked":"Creative AI+1","floor":33},{"not_picked":[],"picked":"Conserve Battery+1","floor":35},{"not_picked":["Turbo+1"],"picked":"SKIP","floor":38},{"not_picked":[],"picked":"Cold Snap+1","floor":41},{"not_picked":["Turbo+1"],"picked":"SKIP","floor":44},{"not_picked":[],"picked":"Consume+1","floor":45},{"not_picked":[],"picked":"BootSequence+1","floor":46},{"not_picked":[],"picked":"Hologram+1","floor":47},{"not_picked":[],"picked":"Force Field+1","floor":48},{"not_picked":[],"picked":"Barrage","floor":54}],"player_experience":404433,"relics_obtained":[{"floor":6,"key":"Whetstone"},{"floor":9,"key":"Frozen Egg 2"},{"floor":11,"key":"Odd Mushroom"},{"floor":14,"key":"Vajra"},{"floor":23,"key":"Toxic Egg 2"},{"floor":26,"key":"Cables"},{"floor":31,"key":"Dodecahedron"},{"floor":46,"key":"Bronze Scales"},{"floor":48,"key":"Juzu Bracelet"},{"floor":54,"key":"DataDisk"}],"event_choices":[{"damage_healed":0,"gold_gain":0,"player_choice":"Lose Max HP","damage_taken":0,"relics_obtained":["Golden Idol"],"max_hp_gain":0,"max_hp_loss":6,"event_name":"Golden Idol","floor":2,"gold_loss":0},{"damage_healed":0,"gold_gain":0,"cards_transformed":["Strike_B"],"player_choice":"Transformed","damage_taken":0,"max_hp_gain":0,"max_hp_loss":0,"event_name":"Transmorgrifier","floor":3,"gold_loss":0,"cards_obtained":["Conserve Battery"]},{"damage_healed":0,"gold_gain":0,"player_choice":"Fought Mushrooms","damage_taken":0,"max_hp_gain":0,"max_hp_loss":0,"event_name":"Mushrooms","floor":11,"gold_loss":0},{"damage_healed":0,"gold_gain":0,"player_choice":"Damaged","damage_taken":6,"max_hp_gain":0,"max_hp_loss":0,"event_name":"Wheel of Change","floor":20,"gold_loss":0},{"damage_healed":0,"gold_gain":0,"player_choice":"Ignored","damage_taken":0,"max_hp_gain":0,"max_hp_loss":0,"event_name":"Cursed Tome","floor":28,"gold_loss":0},{"damage_healed":0,"gold_gain":0,"player_choice":"Copied","damage_taken":0,"max_hp_gain":0,"max_hp_loss":0,"event_name":"Duplicator","floor":37,"gold_loss":0,"cards_obtained":["Chill"]},{"damage_healed":0,"gold_gain":0,"player_choice":"Paid","damage_taken":0,"relics_obtained":["Red Mask"],"max_hp_gain":0,"max_hp_loss":0,"event_name":"Tomb of Lord Red Mask","floor":42,"gold_loss":60}],"is_beta":false,"boss_relics":[{"not_picked":["Sozu","Philosopher\u0027s Stone"],"picked":"Nuclear Battery"},{"not_picked":["Cursed Key","Tiny House"],"picked":"Inserter"}],"items_purged_floors":[5,36],"is_endless":false,"potions_floor_spawned":[6,13,14,16,19,25,33,35,41,44,47,48],"ascension_level":0}