{"gold_per_floor":[109,129,54,70,80,80,106,106,106,106,106,149,149,188,188,307,307,326,80,80,80,94,123,123,150,176,203,203,203,231,263,263,360,360,379,397,497,79,91,118,118,135,188,206,206,217,116,126,126,126],"floor_reached":50,"playtime":5094,"items_purged":["Strike_B","Strike_B","Strike_B"],"score":571,"play_id":"6abbcb2a-2968-4978-ba33-db35b74d5781","local_time":"20190605212403","is_ascension_mode":false,"campfire_choices":[{"data":"Dualcast","floor":6,"key":"SMITH"},{"data":"Zap","floor":10,"key":"SMITH"},{"floor":15,"key":"RECALL"},{"floor":24,"key":"REST"},{"data":"Mind Blast","floor":32,"key":"SMITH"},{"data":"Fission","floor":41,"key":"SMITH"},{"data":"Coolheaded","floor":49,"key":"SMITH"}],"neow_cost":"NONE","seed_source_timestamp":6787557126251,"circlet_count":0,"master_deck":["Strike_B","Defend_B","Defend_B","Defend_B","Defend_B+1","Zap+1","Dualcast+1","Glacier","Conserve Battery","Leap+1","Ball Lightning","Coolheaded+1","Darkness","Ball Lightning","Capacitor","Force Field","Redo+1","Rebound","Mind Blast+1","Conserve Battery+1","Electrodynamics","Fission+1","Go for the Eyes+1","Stack+1","Fusion+1","Coolheaded+1","White Noise+1","Compile Driver+1","Cold Snap","Stack+1","Loop","Redo+1"],"relics":["Cracked Core","Lantern","Bag of Preparation","Bloody Idol","Matryoshka","Pantograph","Eternal Feather","Juzu Bracelet","Ornamental Fan","Ancient Tea Set","Oddly Smooth Stone","Bronze Scales","Symbiotic Virus","Red Mask","Art of War","Nuclear Battery","FossilizedHelix","Toxic Egg 2","Regal Pillow","Smiling Mask"],"potions_floor_usage":[7,12,18,22,22,30,33,46,50,50,50],"damage_taken":[{"damage":5,"enemies":"Small Slimes","floor":1,"turns":3},{"damage":0,"enemies":"Jaw Worm","floor":2,"turns":2},{"damage":0,"enemies":"Cultist","floor":4,"turns":4},{"damage":0,"enemies":"2 Fungi Beasts","floor":5,"turns":3},{"damage":4,"enemies":"Lagavulin","floor":7,"turns":7},{"damage":17,"enemies":"Gremlin Nob","floor":12,"turns":5},{"damage":0,"enemies":"Lagavulin","floor":14,"turns":5},{"damage":21,"enemies":"Hexaghost","floor":16,"turns":10},{"damage":0,"enemies":"Spheric Guardian","floor":18,"turns":5},{"damage":7,"enemies":"3 Byrds","floor":22,"turns":5},{"damage":48,"enemies":"Gremlin Leader","floor":23,"turns":11},{"damage":1,"enemies":"Book of Stabbing","floor":27,"turns":6},{"damage":0,"enemies":"Masked Bandits","floor":30,"turns":3},{"damage":51,"enemies":"Gremlin Leader","floor":31,"turns":8},{"damage":48,"enemies":"Champ","floor":33,"turns":11},{"damage":0,"enemies":"Orb Walker","floor":35,"turns":3},{"damage":0,"enemies":"3 Darklings","floor":36,"turns":6},{"damage":0,"enemies":"Mind Bloom Boss Battle","floor":37,"turns":6},{"damage":7,"enemies":"Maw","floor":39,"turns":10},{"damage":5,"enemies":"Giant Head","floor":40,"turns":11},{"damage":0,"enemies":"4 Shapes","floor":42,"turns":5},{"damage":0,"enemies":"Writhing Mass","floor":44,"turns":5},{"damage":0,"enemies":"Transient","floor":46,"turns":5},{"damage":0,"enemies":"Spire Growth","floor":48,"turns":5},{"damage":69,"enemies":"Donu and Deca","floor":50,"turns":13}],"seed_played":"3251932213884056768","potions_obtained":[{"floor":2,"key":"Energy Potion"},{"floor":4,"key":"Fire Potion"},{"floor":5,"key":"Block Potion"},{"floor":14,"key":"SpeedPotion"},{"floor":18,"key":"Weak Potion"},{"floor":27,"key":"Explosive Potion"},{"floor":30,"key":"LiquidBronze"},{"floor":36,"key":"EssenceOfSteel"},{"floor":39,"key":"AttackPotion"},{"floor":40,"key":"Strength Potion"},{"floor":48,"key":"Block Potion"}],"is_trial":false,"path_per_floor":["M","M","$","M","M","R","E","?","T","R","?","E","?","E","R","B",null,"M","$","?","?","M","E","R","T","T","E","?","?","?","E","R","B",null,"M","M","?","$","M","E","R","M","T","M","?","M","$","M","R","B"],"character_chosen":"DEFECT","items_purchased":["Capacitor","Force Field","Toxic Egg 2","Coolheaded+1","Stack+1","Loop"],"campfire_rested":1,"item_purchase_floors":[19,19,38,38,47,47],"current_hp_per_floor":[70,70,70,70,70,70,66,66,66,66,66,49,35,35,35,39,69,69,69,69,69,67,24,53,58,63,67,67,55,60,14,26,8,69,69,69,69,69,67,67,69,69,69,69,69,69,69,69,69,0],"gold":126,"neow_bonus":"RANDOM_COMMON_RELIC","is_prod":false,"is_daily":false,"chose_seed":false,"campfire_upgraded":5,"win_rate":0,"timestamp":1559766243,"path_taken":["M","M","$","M","M","R","E","?","T","R","?","E","?","E","R","BOSS","M","$","?","?","M","E","R","?","T","E","?","?","?","E","R","BOSS","M","M","?","$","M","E","R","M","T","M","?","M","$","M","R","BOSS"],"build_version":"2019-01-23","purchased_purges":3,"victory":false,"max_hp_per_floor":[75,75,75,75,75,75,75,75,75,75,69,69,69,69,69,69,69,69,69,69,69,69,69,69,69,69,69,69,69,69,69,69,69,69,69,69,69,69,69,69,69,69,69,69,69,69,69,69,69,69],"card_choices":[{"not_picked":["Hologram","Ball Lightning"],"picked":"Glacier","floor":1},{"not_picked":["Sweeping Beam","Skim"],"picked":"Conserve Battery","floor":2},{"not_picked":["Scrape","Static Discharge"],"picked":"Leap","floor":4},{"not_picked":["Aggregate","Melter"],"picked":"Ball Lightning","floor":5},{"not_picked":["Compile Driver","Buffer"],"picked":"Coolheaded","floor":7},{"not_picked":["Stack","Gash"],"picked":"Darkness","floor":12},{"not_picked":["Scrape","Sweeping Beam"],"picked":"Ball Lightning","floor":14},{"not_picked":["Meteor Strike","Hyperbeam"],"picked":"All For One","floor":16},{"not_picked":["Ball Lightning","Leap","Steam Power+1"],"picked":"SKIP","floor":18},{"not_picked":["Hello World","Stack"],"picked":"Redo+1","floor":22},{"not_picked":["Hologram","Static Discharge","Amplify"],"picked":"SKIP","floor":23},{"not_picked":["Gash","Turbo+1"],"picked":"Rebound","floor":27},{"not_picked":["Gash","Leap"],"picked":"Conserve Battery+1","floor":30},{"not_picked":["Barrage","Sweeping Beam"],"picked":"Electrodynamics","floor":31},{"not_picked":["Machine Learning","Buffer"],"picked":"Fission","floor":33},{"not_picked":["Conserve Battery","Melter+1"],"picked":"Go for the Eyes+1","floor":35},{"not_picked":["Conserve Battery","Steam"],"picked":"Stack+1","floor":36},{"not_picked":["Conserve Battery","Aggregate+1"],"picked":"Fusion+1","floor":37},{"not_picked":["Hello World","Consume+1"],"picked":"White Noise+1","floor":39},{"not_picked":["Recycle+1","Rip and Tear+1","Rebound+1"],"picked":"SKIP","floor":40},{"not_picked":["Go for the Eyes","Doom and Gloom"],"picked":"Compile Driver+1","floor":42},{"not_picked":["Beam Cell+1","Core Surge","Sweeping Beam"],"picked":"SKIP","floor":44},{"not_picked":["Turbo+1","Aggregate+1"],"picked":"Cold Snap","floor":46},{"not_picked":["FTL","Rebound+1"],"picked":"Redo+1","floor":48}],"player_experience":625047,"relics_obtained":[{"floor":7,"key":"Bag of Preparation"},{"floor":12,"key":"Matryoshka"},{"floor":14,"key":"Pantograph"},{"floor":23,"key":"Juzu Bracelet"},{"floor":25,"key":"Ornamental Fan"},{"floor":25,"key":"Ancient Tea Set"},{"floor":26,"key":"Oddly Smooth Stone"},{"floor":26,"key":"Bronze Scales"},{"floor":27,"key":"Symbiotic Virus"},{"floor":30,"key":"Red Mask"},{"floor":31,"key":"Art of War"},{"floor":37,"key":"FossilizedHelix"},{"floor":40,"key":"Regal Pillow"},{"floor":43,"key":"Smiling Mask"}],"event_choices":[{"damage_healed":0,"gold_gain":0,"player_choice":"Ignored","damage_taken":0,"max_hp_gain":0,"max_hp_loss":0,"event_name":"Liars Game","floor":8,"gold_loss":0},{"damage_healed":0,"gold_gain":0,"player_choice":"Lose Max HP","damage_taken":0,"relics_obtained":["Golden Idol"],"max_hp_gain":0,"max_hp_loss":6,"event_name":"Golden Idol","floor":11,"gold_loss":0},{"damage_healed":0,"gold_gain":0,"player_choice":"Entered Light","damage_taken":14,"max_hp_gain":0,"max_hp_loss":0,"event_name":"Shining Light","floor":13,"gold_loss":0,"cards_upgraded":["Defend_B","Leap"]},{"damage_healed":0,"gold_gain":0,"player_choice":"Ignored","damage_taken":0,"max_hp_gain":0,"max_hp_loss":0,"event_name":"Vampires","floor":20,"gold_loss":0},{"damage_healed":0,"gold_gain":0,"player_choice":"Gave Idol","damage_taken":0,"relics_obtained":["Bloody Idol"],"max_hp_gain":0,"max_hp_loss":0,"event_name":"Forgotten Altar","floor":21,"relics_lost":["Golden Idol"],"gold_loss":0},{"damage_healed":0,"gold_gain":0,"player_choice":"Ignored","damage_taken":0,"max_hp_gain":0,"max_hp_loss":0,"event_name":"Ghosts","floor":28,"gold_loss":0},{"damage_healed":0,"gold_gain":0,"player_choice":"CARD ","damage_taken":12,"max_hp_gain":0,"max_hp_loss":0,"event_name":"Knowing Skull","floor":29,"potions_obtained":[],"gold_loss":0,"cards_obtained":["Mind Blast"]},{"damage_healed":0,"gold_gain":0,"player_choice":"Fought Bandits","damage_taken":0,"max_hp_gain":0,"max_hp_loss":0,"event_name":"Masked Bandits","floor":30,"gold_loss":0},{"damage_healed":0,"gold_gain":0,"player_choice":"Fight","damage_taken":0,"max_hp_gain":0,"max_hp_loss":0,"event_name":"MindBloom","floor":37,"gold_loss":0},{"cards_removed":["All For One"],"damage_healed":0,"gold_gain":0,"player_choice":"Removed Attack","damage_taken":0,"max_hp_gain":0,"max_hp_loss":0,"event_name":"Falling","floor":45,"gold_loss":0}],"is_beta":false,"boss_relics":[{"not_picked":["Tiny House","Snecko Eye"],"picked":"Eternal Feather"},{"not_picked":["Runic Dome","Fusion Hammer"],"picked":"Nuclear Battery"}],"items_purged_floors":[3,19,38],"is_endless":false,"potions_floor_spawned":[2,4,5,14,18,27,30,36,39,40,48],"killed_by":"Donu and Deca","ascension_level":0}