{"gold_per_floor":[119,119,134,153,153,179,179],"floor_reached":7,"playtime":203,"items_purged":[],"score":102,"play_id":"b05f4a2f-917a-4d72-adbf-250cca4028ba","local_time":"20190710002459","is_ascension_mode":true,"campfire_choices":[],"neow_cost":"NONE","seed_source_timestamp":605286670838040,"circlet_count":0,"master_deck":["AscendersBane","Strike_B","Strike_B","Strike_B+1","Strike_B","Defend_B","Defend_B","Defend_B+1","Defend_B","Zap","Dualcast","Cold Snap","Cold Snap","Defragment","Genetic Algorithm"],"relics":["Cracked Core","NeowsBlessing","Question Card"],"potions_floor_usage":[6,7],"damage_taken":[{"damage":0,"enemies":"Small Slimes","floor":1,"turns":1},{"damage":0,"enemies":"2 Louse","floor":3,"turns":1},{"damage":0,"enemies":"Cultist","floor":4,"turns":1},{"damage":24,"enemies":"Gremlin Nob","floor":6,"turns":4},{"damage":22,"enemies":"Gremlin Gang","floor":7,"turns":3}],"seed_played":"-8945949860452572937","potions_obtained":[{"floor":1,"key":"FearPotion"},{"floor":6,"key":"Energy Potion"}],"is_trial":false,"path_per_floor":["M","?","M","M","?","E","M"],"character_chosen":"DEFECT","items_purchased":[],"campfire_rested":0,"item_purchase_floors":[],"current_hp_per_floor":[64,43,43,43,43,19,0],"gold":179,"neow_bonus":"THREE_ENEMY_KILL","is_prod":false,"is_daily":false,"chose_seed":false,"campfire_upgraded":0,"win_rate":0,"timestamp":1562685899,"path_taken":["M","?","M","M","?","E","M"],"build_version":"2019-07-05","purchased_purges":0,"victory":false,"max_hp_per_floor":[71,71,71,71,71,71,71],"card_choices":[{"not_picked":["Double Energy","Beam Cell"],"picked":"Cold Snap","floor":1},{"not_picked":["Turbo","Cold Snap","Steam Power"],"picked":"SKIP","floor":3},{"not_picked":["Turbo","Steam Power"],"picked":"Cold Snap","floor":3},{"not_picked":["Rebound","Beam Cell"],"picked":"Defragment","floor":4},{"not_picked":["Rebound","Skim"],"picked":"Genetic Algorithm","floor":6}],"player_experience":557958,"relics_obtained":[{"floor":6,"key":"Question Card"}],"event_choices":[{"damage_healed":0,"gold_gain":0,"player_choice":"Entered Light","damage_taken":21,"max_hp_gain":0,"max_hp_loss":0,"event_name":"Shining Light","floor":2,"gold_loss":0,"cards_upgraded":["Strike_B","Defend_B"]},{"damage_healed":0,"gold_gain":0,"player_choice":"Ignored","damage_taken":0,"max_hp_gain":0,"max_hp_loss":0,"event_name":"Golden Idol","floor":5,"gold_loss":0}],"is_beta":false,"boss_relics":[],"items_purged_floors":[],"is_endless":false,"potions_floor_spawned":[1,6],"killed_by":"Gremlin Gang","ascension_level":20}