{"gold_per_floor":[119,119,8,21,21,50,50,125,125,142,172,172,203,16,16,116,116,116],"floor_reached":18,"playtime":1304,"items_purged":["Strike_R","Strike_R"],"score":264,"play_id":"e3b42efc-6fbb-4cbc-98b5-4a34647862e2","local_time":"20190308105936","is_ascension_mode":true,"campfire_choices":[{"data":"True Grit","floor":7,"key":"SMITH"},{"floor":12,"key":"REST"},{"floor":15,"key":"RECALL"}],"neow_cost":"NONE","seed_source_timestamp":7164389043300,"circlet_count":0,"master_deck":["AscendersBane","Strike_R","Defend_R","Defend_R","Defend_R","Defend_R","Bash","Reaper","Inflame+1","Feel No Pain","True Grit+1","Disarm","Finesse","Bludgeon"],"relics":["Burning Blood","Kunai","Bottled Tornado","PreservedInsect","Paper Frog","Empty Cage"],"potions_floor_usage":[6,11,16,18],"damage_taken":[{"damage":22,"enemies":"Small Slimes","floor":1,"turns":4},{"damage":10,"enemies":"Cultist","floor":4,"turns":5},{"damage":28,"enemies":"3 Sentries","floor":6,"turns":13},{"damage":6,"enemies":"2 Louse","floor":10,"turns":3},{"damage":51,"enemies":"Gremlin Nob","floor":11,"turns":6},{"damage":16,"enemies":"3 Sentries","floor":13,"turns":11},{"damage":37,"enemies":"The Guardian","floor":16,"turns":15},{"damage":91,"enemies":"3 Byrds","floor":18,"turns":6}],"seed_played":"421277829933775379","potions_obtained":[{"floor":1,"key":"Strength Potion"},{"floor":2,"key":"FairyPotion"},{"floor":2,"key":"Energy Potion"},{"floor":6,"key":"Explosive Potion"},{"floor":13,"key":"Regen Potion"}],"is_trial":false,"path_per_floor":["M","?","$","M","?","E","R","?","T","M","E","R","E","$","R","B",null,"M"],"character_chosen":"IRONCLAD","items_purchased":["Inflame","Finesse"],"campfire_rested":1,"item_purchase_floors":[3,14],"current_hp_per_floor":[62,62,62,64,64,57,57,46,46,46,8,32,43,43,43,24,66,0],"gold":116,"neow_bonus":"ONE_RANDOM_RARE_CARD","is_prod":false,"is_daily":false,"chose_seed":false,"campfire_upgraded":1,"win_rate":0,"timestamp":1552060776,"path_taken":["M","?","?","M","?","E","R","?","T","?","E","R","E","$","R","BOSS","M"],"build_version":"2019-01-23","purchased_purges":2,"victory":false,"max_hp_per_floor":[80,80,80,80,80,80,80,80,80,80,80,80,80,80,80,80,80,80],"card_choices":[{"not_picked":["Hemokinesis","Flex","Headbutt"],"picked":"SKIP","floor":1},{"not_picked":["Flex","Clash"],"picked":"Feel No Pain","floor":4},{"not_picked":["Havoc","Hemokinesis"],"picked":"True Grit","floor":6},{"not_picked":["Clothesline","Havoc"],"picked":"Disarm","floor":10},{"not_picked":["Power Through","Sword Boomerang","True Grit"],"picked":"SKIP","floor":11},{"not_picked":["Anger","Wild Strike","Warcry"],"picked":"SKIP","floor":13},{"not_picked":["Berserk","Fiend Fire"],"picked":"Bludgeon","floor":16}],"player_experience":321493,"relics_obtained":[{"floor":6,"key":"Kunai"},{"floor":9,"key":"Bottled Tornado"},{"floor":11,"key":"PreservedInsect"},{"floor":13,"key":"Paper Frog"}],"event_choices":[{"damage_healed":0,"gold_gain":0,"player_choice":"Got Potions","damage_taken":0,"max_hp_gain":0,"max_hp_loss":0,"event_name":"Lab","floor":2,"gold_loss":0},{"damage_healed":0,"gold_gain":0,"player_choice":"Grow","damage_taken":0,"max_hp_gain":0,"max_hp_loss":0,"event_name":"Living Wall","floor":5,"gold_loss":0,"cards_upgraded":["Inflame"]},{"damage_healed":0,"gold_gain":75,"player_choice":"Gather Gold","damage_taken":11,"max_hp_gain":0,"max_hp_loss":0,"event_name":"World of Goop","floor":8,"gold_loss":0}],"is_beta":false,"boss_relics":[{"not_picked":["Lizard Tail","Velvet Choker"],"picked":"Empty Cage"}],"items_purged_floors":[3,14],"is_endless":false,"potions_floor_spawned":[1,6,13],"killed_by":"3 Byrds","ascension_level":10}