{"gold_per_floor":[116,131,14,14,24,24,38,65,65,65,98,98,133,8,8,110,110,122,134,134,34,34,34,68,68,68,100,117,23,57,57,57,154,154,164,164,164,177,194,229,229,245,272,272,306,306,337,68,68,68,68,68,28,56,56],"floor_reached":55,"playtime":6484,"items_purged":["Regret","Doubt","Pain"],"score":1001,"play_id":"4a8b6b11-3116-436d-beec-13198d76206e","local_time":"20190719173212","is_ascension_mode":true,"campfire_choices":[{"data":"Burning Pact","floor":6.0,"key":"SMITH"},{"data":"Uppercut","floor":10.0,"key":"SMITH"},{"data":"Corruption","floor":12.0,"key":"SMITH"},{"floor":15.0,"key":"REST"},{"data":"Fiend Fire","floor":23.0,"key":"SMITH"},{"data":"Dual Wield","floor":25.0,"key":"SMITH"},{"floor":32.0,"key":"DIG"},{"floor":41,"key":"DIG"},{"floor":44,"key":"DIG"},{"floor":46,"key":"DIG"},{"floor":49,"key":"RECALL"},{"floor":52,"key":"DIG"}],"neow_cost":"NONE","seed_source_timestamp":0,"circlet_count":0,"master_deck":["Strike_R","Strike_R","Strike_R","Defend_R","Defend_R","Defend_R","Defend_R","Bash","Whirlwind","Uppercut+1","Corruption+1","Burning Pact+1","Entrench","Dual Wield+1","Havoc","Fiend Fire+1","Havoc","Exhume","Rage","Bloodletting","Bludgeon+1","Wild Strike","Carnage+1","Armaments","Havoc+1","Madness","Metallicize","Demon Form","Body Slam+1","Violence","Finesse","Magnetism","Flame Barrier+1","Corruption+1","Ghostly Armor","Shrug It Off+1","Regret","Evolve","Shockwave","Flame Barrier","Battle Trance","Sentinel","Power Through"],"special_seed":0,"relics":["Cursed Key","Blue Candle","Thread and Needle","Charon\u0027s Ashes","Ginger","Potion Belt","Eternal Feather","Bag of Marbles","Anchor","Shovel","Sundial","PreservedInsect","Mark of Pain","WarpedTongs","Dodecahedron","Happy Flower","Whetstone","Magic Flower","Kunai","Ice Cream","Pear","Art of War"],"potions_floor_usage":[42,50,54,55],"damage_taken":[{"damage":0.0,"enemies":"Jaw Worm","floor":1.0,"turns":3.0},{"damage":0.0,"enemies":"Small Slimes","floor":2.0,"turns":2.0},{"damage":2.0,"enemies":"2 Louse","floor":5.0,"turns":3.0},{"damage":0.0,"enemies":"Red Slaver","floor":7.0,"turns":2.0},{"damage":25.0,"enemies":"3 Sentries","floor":8.0,"turns":7.0},{"damage":22.0,"enemies":"Gremlin Nob","floor":11.0,"turns":4.0},{"damage":4.0,"enemies":"Lagavulin","floor":13.0,"turns":6.0},{"damage":38.0,"enemies":"The Guardian","floor":16.0,"turns":8.0},{"damage":15.0,"enemies":"Spheric Guardian","floor":18.0,"turns":4.0},{"damage":4.0,"enemies":"2 Thieves","floor":19.0,"turns":2.0},{"damage":19.0,"enemies":"Book of Stabbing","floor":24.0,"turns":3.0},{"damage":1.0,"enemies":"Gremlin Leader","floor":27.0,"turns":2.0},{"damage":0.0,"enemies":"Snake Plant","floor":28.0,"turns":1.0},{"damage":33.0,"enemies":"Slavers","floor":30.0,"turns":4.0},{"damage":48.0,"enemies":"Automaton","floor":33.0,"turns":7.0},{"damage":10.0,"enemies":"3 Shapes","floor":35.0,"turns":3.0},{"damage":16.0,"enemies":"Orb Walker","floor":38.0,"turns":3.0},{"damage":1.0,"enemies":"Maw","floor":39.0,"turns":6.0},{"damage":1,"enemies":"Giant Head","floor":40,"turns":5},{"damage":4,"enemies":"3 Darklings","floor":42,"turns":4},{"damage":16,"enemies":"Nemesis","floor":45,"turns":5},{"damage":35,"enemies":"Giant Head","floor":47,"turns":6},{"damage":34,"enemies":"Time Eater","floor":50,"turns":6},{"damage":8,"enemies":"Shield and Spear","floor":54,"turns":4},{"damage":88,"enemies":"The Heart","floor":55,"turns":8}],"seed_played":"-1759017845510247285","potions_obtained":[{"floor":2.0,"key":"SteroidPotion"},{"floor":5.0,"key":"Fire Potion"},{"floor":7.0,"key":"EssenceOfSteel"},{"floor":11.0,"key":"EssenceOfSteel"},{"floor":16.0,"key":"FairyPotion"},{"floor":19.0,"key":"Energy Potion"},{"floor":24.0,"key":"Strength Potion"},{"floor":33.0,"key":"LiquidBronze"},{"floor":38.0,"key":"SpeedPotion"},{"floor":39,"key":"AttackPotion"},{"floor":47,"key":"Explosive Potion"}],"is_trial":false,"path_per_floor":["M","M","$","?","M","R","M","E","T","R","E","R","E","$","R","B",null,"M","M","?","$","?","R","E","R","T","E","M","$","E","?","R","B",null,"M","?","?","M","M","E","R","M","T","R","E","R","E","$","R","B",null,"R","$","E","B"],"character_chosen":"IRONCLAD","items_purchased":["Corruption","Burning Pact","Havoc","Madness","Flame Barrier","Battle Trance","Sentinel"],"campfire_rested":1,"item_purchase_floors":[3,3,14,29,48,48,53],"current_hp_per_floor":[80,80,80,80,78,78,78,53,53,53,31,31,27,27,51,13,80,65,61,61,61,46,58,39,51,51,50,50,50,17,17,32,8,85,75,65,65,49,48,47,68,64,64,85,69,85,50,50,74,40,85,95,95,87,0],"gold":56,"neow_bonus":"BOSS_RELIC","is_prod":false,"is_daily":false,"chose_seed":false,"campfire_upgraded":5,"win_rate":0,"timestamp":1563550332,"path_taken":["M","M","$","?","M","R","M","E","T","R","E","R","E","$","R","BOSS","M","M","?","$","?","R","E","R","T","E","M","?","E","?","R","BOSS","M","?","?","?","M","E","R","?","T","R","E","R","E","$","R","BOSS","R","$","E","BOSS"],"build_version":"2019-07-17","purchased_purges":3,"victory":false,"max_hp_per_floor":[80,80,80,80,80,80,80,80,80,80,80,80,80,80,80,80,80,80,80,80,80,85,85,85,85,85,85,85,85,85,85,85,85,85,85,85,85,85,85,85,85,85,85,85,85,85,85,85,85,85,85,95,95,95,95],"card_choices":[{"not_picked":["Clothesline","Searing Blow"],"picked":"Whirlwind","floor":1.0},{"not_picked":["Body Slam","Shrug It Off"],"picked":"Uppercut","floor":2.0},{"not_picked":["Body Slam","Warcry","Iron Wave"],"picked":"SKIP","floor":5.0},{"not_picked":["Pommel Strike","Power Through"],"picked":"Entrench","floor":7.0},{"not_picked":["Uppercut","Shrug It Off"],"picked":"Dual Wield","floor":8.0},{"not_picked":["Fire Breathing","Clothesline"],"picked":"Havoc","floor":11.0},{"not_picked":["Twin Strike","Rupture"],"picked":"Fiend Fire","floor":13.0},{"not_picked":["Dark Embrace","Impervious"],"picked":"Exhume","floor":16.0},{"not_picked":["Iron Wave","Heavy Blade"],"picked":"Rage","floor":18.0},{"not_picked":["Clash","Flex"],"picked":"Bloodletting","floor":19.0},{"not_picked":["Dropkick+1","Pummel"],"picked":"Carnage","floor":24.0},{"not_picked":["Reckless Charge","Heavy Blade"],"picked":"Armaments","floor":27.0},{"not_picked":["Sword Boomerang","Flex+1"],"picked":"Havoc+1","floor":28.0},{"not_picked":["Pommel Strike","Blood for Blood+1"],"picked":"Metallicize","floor":30.0},{"not_picked":["Reaper","Juggernaut"],"picked":"Demon Form","floor":33.0},{"not_picked":["Sword Boomerang+1","Twin Strike+1"],"picked":"Body Slam+1","floor":35.0},{"not_picked":["The Bomb","Trip"],"picked":"Violence","floor":36.0},{"not_picked":["Violence","PanicButton"],"picked":"Finesse","floor":36.0},{"not_picked":["Impatience","Enlightenment"],"picked":"Magnetism","floor":36.0},{"not_picked":["Hemokinesis+1","Clothesline"],"picked":"Flame Barrier+1","floor":38.0},{"not_picked":["Wild Strike","Rupture"],"picked":"Corruption+1","floor":39},{"not_picked":["Body Slam+1","Uppercut+1"],"picked":"Ghostly Armor","floor":40},{"not_picked":["Hemokinesis","True Grit+1"],"picked":"Shrug It Off+1","floor":42},{"not_picked":["Warcry+1","Ghostly Armor"],"picked":"Evolve","floor":45},{"not_picked":["Searing Blow+1","Anger"],"picked":"Shockwave","floor":47},{"not_picked":["Immolate","Fire Breathing+1"],"picked":"Power Through","floor":54}],"player_experience":186552,"relics_obtained":[{"floor":8.0,"key":"Thread and Needle"},{"floor":9.0,"key":"Charon\u0027s Ashes"},{"floor":11.0,"key":"Ginger"},{"floor":13.0,"key":"Potion Belt"},{"floor":24.0,"key":"Bag of Marbles"},{"floor":26.0,"key":"Anchor"},{"floor":27.0,"key":"Shovel"},{"floor":30.0,"key":"Sundial"},{"floor":32.0,"key":"PreservedInsect"},{"floor":40,"key":"Dodecahedron"},{"floor":41,"key":"Happy Flower"},{"floor":44,"key":"Whetstone"},{"floor":45,"key":"Magic Flower"},{"floor":46,"key":"Kunai"},{"floor":47,"key":"Ice Cream"},{"floor":52,"key":"Pear"},{"floor":54,"key":"Art of War"}],"event_choices":[{"damage_healed":0.0,"max_hp_gain":0.0,"max_hp_loss":0.0,"gold_gain":0.0,"event_name":"Big Fish","player_choice":"Box","floor":4.0,"gold_loss":0.0,"damage_taken":0.0,"relics_obtained":["Blue Candle"],"cards_obtained":["Regret"]},{"damage_healed":0.0,"max_hp_gain":0.0,"max_hp_loss":0.0,"gold_gain":0.0,"cards_transformed":["Strike_R","Strike_R"],"event_name":"Drug Dealer","player_choice":"Became Test Subject","floor":20.0,"gold_loss":0.0,"damage_taken":0.0,"cards_obtained":["Bludgeon","Wild Strike"]},{"damage_healed":0.0,"max_hp_gain":5.0,"max_hp_loss":0.0,"gold_gain":0.0,"event_name":"Forgotten Altar","player_choice":"Shed Blood","floor":22.0,"gold_loss":0.0,"damage_taken":20.0},{"cards_removed":["Decay"],"damage_healed":0.0,"max_hp_gain":0.0,"max_hp_loss":0.0,"gold_gain":0.0,"event_name":"Purifier","player_choice":"Purged","floor":31.0,"gold_loss":0.0,"damage_taken":0.0},{"damage_healed":0.0,"max_hp_gain":0.0,"max_hp_loss":0.0,"gold_gain":0.0,"event_name":"SensoryStone","player_choice":"Memory 3","floor":36.0,"gold_loss":0.0,"damage_taken":10.0},{"damage_healed":0.0,"max_hp_gain":0.0,"max_hp_loss":0.0,"gold_gain":0.0,"event_name":"Accursed Blacksmith","player_choice":"Rummage","floor":37.0,"gold_loss":0.0,"damage_taken":0.0,"relics_obtained":["WarpedTongs"],"cards_obtained":["Pain"]}],"is_beta":false,"boss_relics":[{"not_picked":["Runic Dome","Orrery"],"picked":"Eternal Feather"},{"not_picked":["Black Star","Astrolabe"],"picked":"Mark of Pain"}],"items_purged_floors":[14,21,48],"is_endless":false,"potions_floor_spawned":[2,5,7,11,16,19,24,33,38,39,47],"killed_by":"The Heart","ascension_level":3}