{"gold_per_floor":[114,114,134,134,134,134,134,159,185,212,212,245,245,245,245,348,348,363,363,26,44,54,54,79,79,79,79,98,123,141,151,151,247,247,261,4,4,104,104,131,142,142,142,142,155,171,171,171,171,171,171,171,17,50,50],"floor_reached":55,"playtime":4193,"items_purged":["Strike_R","Strike_R"],"score":801,"play_id":"24dc621e-0f39-434b-8daa-959845cef8cf","local_time":"20190713205551","is_ascension_mode":true,"campfire_choices":[{"data":"Bash","floor":7,"key":"SMITH"},{"floor":11,"key":"REST"},{"data":"Shockwave","floor":13,"key":"SMITH"},{"floor":15,"key":"RECALL"},{"floor":23,"key":"REST"},{"floor":27,"key":"REST"},{"floor":32,"key":"REST"},{"data":"Heavy Blade","floor":42,"key":"SMITH"},{"data":"Battle Trance","floor":44,"key":"SMITH"},{"floor":47,"key":"REST"},{"data":"Anger","floor":49,"key":"SMITH"},{"data":"Pommel Strike","floor":52,"key":"SMITH"}],"neow_cost":"NONE","seed_source_timestamp":39085109421537,"circlet_count":0,"master_deck":["Strike_R","Strike_R","Strike_R","Defend_R","Defend_R","Defend_R","Bash+1","Trip","Cleave","Anger+1","Pommel Strike+1","Shockwave+1","Berserk+1","Battle Trance+1","Dual Wield+1","Pummel","Inflame+1","Disarm+1","Metallicize+1","True Grit+1","True Grit+1","Barricade+1","Sword Boomerang+1","Entrench+1","Disarm+1","Pommel Strike","Heavy Blade+1","Entrench+1","Warcry+1","Havoc+1","Panache+1","Shrug It Off+1","Battle Trance+1","Feel No Pain+1","Inflame+1"],"relics":["Burning Blood","Kunai","Odd Mushroom","Vajra","Question Card","Omamori","Frozen Egg 2","Runic Cube","Toxic Egg 2","Incense Burner","Dodecahedron","Nunchaku","Cursed Key","FossilizedHelix","Regal Pillow","Singing Bowl","Boot"],"potions_floor_usage":[12,21,29,30,33,45,50,50,55],"damage_taken":[{"damage":3,"enemies":"Small Slimes","floor":1,"turns":3},{"damage":0,"enemies":"2 Louse","floor":3,"turns":2},{"damage":21,"enemies":"The Mushroom Lair","floor":8,"turns":4},{"damage":22,"enemies":"Lagavulin","floor":10,"turns":4},{"damage":19,"enemies":"3 Sentries","floor":12,"turns":6},{"damage":51,"enemies":"Hexaghost","floor":16,"turns":10},{"damage":20,"enemies":"Shell Parasite","floor":18,"turns":6},{"damage":34,"enemies":"2 Thieves","floor":21,"turns":4},{"damage":23,"enemies":"Snake Plant","floor":22,"turns":4},{"damage":40,"enemies":"Slavers","floor":24,"turns":5},{"damage":16,"enemies":"Sentry and Sphere","floor":28,"turns":4},{"damage":15,"enemies":"Book of Stabbing","floor":29,"turns":6},{"damage":19,"enemies":"Centurion and Healer","floor":30,"turns":4},{"damage":7,"enemies":"3 Cultists","floor":31,"turns":5},{"damage":51,"enemies":"Champ","floor":33,"turns":12},{"damage":3,"enemies":"Orb Walker","floor":35,"turns":3},{"damage":0,"enemies":"Mind Bloom Boss Battle","floor":38,"turns":5},{"damage":0,"enemies":"Giant Head","floor":40,"turns":7},{"damage":6,"enemies":"3 Darklings","floor":41,"turns":5},{"damage":23,"enemies":"Jaw Worm Horde","floor":45,"turns":5},{"damage":16,"enemies":"Writhing Mass","floor":46,"turns":6},{"damage":40,"enemies":"Donu and Deca","floor":50,"turns":6},{"damage":46,"enemies":"Shield and Spear","floor":54,"turns":14},{"damage":50,"enemies":"The Heart","floor":55,"turns":5}],"seed_played":"-8582750809296481677","potions_obtained":[{"floor":1,"key":"Swift Potion"},{"floor":3,"key":"BloodPotion"},{"floor":10,"key":"Strength Potion"},{"floor":24,"key":"Swift Potion"},{"floor":28,"key":"SkillPotion"},{"floor":30,"key":"Ancient Potion"},{"floor":33,"key":"Dexterity Potion"},{"floor":35,"key":"LiquidBronze"},{"floor":41,"key":"PowerPotion"},{"floor":45,"key":"SkillPotion"}],"is_trial":false,"path_per_floor":["M","$","M","?","?","?","R","?","T","E","R","E","R","T","R","B",null,"M","?","$","M","M","R","E","?","T","R","M","E","M","M","R","B",null,"M","$","?","?","$","E","M","R","T","R","M","M","R","?","R","B",null,"R","$","E","B"],"character_chosen":"IRONCLAD","items_purchased":["Toxic Egg 2","Entrench+1","Disarm+1","Pommel Strike","Shrug It Off+1","Battle Trance+1","Feel No Pain+1"],"campfire_rested":5,"item_purchase_floors":[20,36,36,36,53,53,53],"current_hp_per_floor":[80,80,80,85,85,73,73,58,58,42,67,54,54,54,54,9,85,71,71,71,64,47,72,38,38,38,63,53,44,31,30,55,10,85,85,85,85,85,85,85,85,85,85,85,68,58,85,85,85,51,85,85,85,45,0],"gold":50,"neow_bonus":"RANDOM_COLORLESS","is_prod":false,"is_daily":false,"chose_seed":false,"campfire_upgraded":6,"win_rate":0,"timestamp":1563044151,"path_taken":["M","$","M","?","?","?","R","?","T","E","R","E","R","?","R","BOSS","M","?","$","M","M","R","E","?","T","R","M","E","M","M","R","BOSS","M","$","?","?","$","E","M","R","T","R","M","M","R","?","R","BOSS","R","$","E","BOSS"],"build_version":"2019-07-05","purchased_purges":2,"victory":false,"max_hp_per_floor":[80,80,80,85,85,85,85,85,85,85,85,85,85,85,85,85,85,85,85,85,85,85,85,85,85,85,85,85,85,85,85,85,85,85,85,85,85,85,85,85,85,85,85,85,85,85,85,85,85,85,85,85,85,85,85],"card_choices":[{"not_picked":["Second Wind","Entrench"],"picked":"Cleave","floor":1},{"not_picked":["Metallicize","Twin Strike"],"picked":"Anger","floor":3},{"not_picked":["Clash","Wild Strike"],"picked":"Pommel Strike","floor":8},{"not_picked":["Fiend Fire","Infernal Blade","Blood for Blood"],"picked":"SKIP","floor":10},{"not_picked":["Havoc","Anger","Power Through"],"picked":"Shockwave","floor":12},{"not_picked":["Brutality+1","Immolate","Dark Embrace+1"],"picked":"Berserk+1","floor":16},{"not_picked":["Dropkick","Cleave","Sword Boomerang"],"picked":"Battle Trance","floor":18},{"not_picked":["Iron Wave","Cleave","Warcry+1"],"picked":"Dual Wield+1","floor":21},{"not_picked":["Twin Strike","Sword Boomerang","Clash"],"picked":"Pummel","floor":22},{"not_picked":["Clothesline","Infernal Blade+1","Wild Strike"],"picked":"Inflame+1","floor":24},{"not_picked":["Wild Strike","Havoc+1","Twin Strike"],"picked":"Disarm+1","floor":28},{"not_picked":["Pummel","Warcry+1","Brutality+1"],"picked":"Metallicize+1","floor":29},{"not_picked":["Anger","Reckless Charge","Pummel+1"],"picked":"True Grit+1","floor":30},{"not_picked":["Thunderclap","Anger+1","Armaments+1"],"picked":"True Grit+1","floor":31},{"not_picked":["Offering+1","Juggernaut+1","Feed"],"picked":"Barricade+1","floor":33},{"not_picked":["Rupture+1","Feel No Pain+1","Anger+1"],"picked":"Sword Boomerang+1","floor":35},{"not_picked":["Pummel+1","Pommel Strike","Clash"],"picked":"Heavy Blade","floor":38},{"not_picked":["Havoc+1","Wild Strike+1","Cleave","Burning Pact+1"],"picked":"SKIP","floor":40},{"not_picked":["Clothesline","Intimidate+1","Wild Strike+1"],"picked":"Entrench+1","floor":41},{"not_picked":["Sever Soul+1","Sword Boomerang+1","Fire Breathing+1"],"picked":"Warcry+1","floor":45},{"not_picked":["Warcry+1","True Grit+1","Armaments+1"],"picked":"Havoc+1","floor":46},{"not_picked":["Madness+1","Dramatic Entrance","Trip+1"],"picked":"Panache+1","floor":48},{"not_picked":["Burning Pact+1","Carnage+1","Disarm+1"],"picked":"Inflame+1","floor":54}],"player_experience":443967,"relics_obtained":[{"floor":8,"key":"Odd Mushroom"},{"floor":9,"key":"Vajra"},{"floor":10,"key":"Question Card"},{"floor":12,"key":"Omamori"},{"floor":14,"key":"Frozen Egg 2"},{"floor":24,"key":"Incense Burner"},{"floor":25,"key":"Dodecahedron"},{"floor":29,"key":"Nunchaku"},{"floor":38,"key":"FossilizedHelix"},{"floor":40,"key":"Regal Pillow"},{"floor":43,"key":"Singing Bowl"},{"floor":54,"key":"Boot"}],"event_choices":[{"damage_healed":0,"gold_gain":0,"player_choice":"Donut","damage_taken":0,"max_hp_gain":5,"max_hp_loss":0,"event_name":"Big Fish","floor":4,"gold_loss":0},{"damage_healed":0,"gold_gain":0,"player_choice":"Ignored","damage_taken":0,"max_hp_gain":0,"max_hp_loss":0,"event_name":"Liars Game","floor":5,"gold_loss":0},{"damage_healed":0,"gold_gain":0,"player_choice":"Success","damage_taken":12,"relics_obtained":["Kunai"],"max_hp_gain":0,"max_hp_loss":0,"event_name":"Scrap Ooze","floor":6,"gold_loss":0},{"damage_healed":0,"gold_gain":0,"player_choice":"Fought Mushrooms","damage_taken":0,"max_hp_gain":0,"max_hp_loss":0,"event_name":"Mushrooms","floor":8,"gold_loss":0},{"damage_healed":0,"gold_gain":0,"player_choice":"Ignored","damage_taken":0,"max_hp_gain":0,"max_hp_loss":0,"event_name":"Ghosts","floor":19,"gold_loss":0},{"damage_healed":0,"gold_gain":0,"player_choice":"Relic","damage_taken":0,"max_hp_gain":0,"max_hp_loss":0,"event_name":"Wheel of Change","floor":25,"gold_loss":0},{"cards_removed":["Defend_R"],"damage_healed":0,"gold_gain":0,"player_choice":"Removed Skill","damage_taken":0,"max_hp_gain":0,"max_hp_loss":0,"event_name":"Falling","floor":37,"gold_loss":0},{"damage_healed":0,"gold_gain":0,"player_choice":"Fight","damage_taken":0,"max_hp_gain":0,"max_hp_loss":0,"event_name":"MindBloom","floor":38,"gold_loss":0},{"damage_healed":0,"gold_gain":0,"player_choice":"Memory 1","damage_taken":0,"max_hp_gain":0,"max_hp_loss":0,"event_name":"SensoryStone","floor":48,"gold_loss":0}],"is_beta":false,"boss_relics":[{"not_picked":["Velvet Choker","Coffee Dripper"],"picked":"Runic Cube"},{"not_picked":["Mark of Pain","Orrery"],"picked":"Cursed Key"}],"items_purged_floors":[20,36],"is_endless":false,"potions_floor_spawned":[1,3,10,24,28,30,33,35,41,45],"killed_by":"The Heart","ascension_level":1}