{"gold_per_floor":[114,132,132,132,65,65,99,99,99,109,122,132,160,160,160,260,260,270,162,181,181,195,230,230,230,281,296,326,44,58,58,58,58],"floor_reached":33,"playtime":2999,"items_purged":[],"score":322,"play_id":"49d8a954-bc49-45d6-87fe-5e97aa94b89b","local_time":"20190706023139","is_ascension_mode":false,"campfire_choices":[{"data":"Bash","floor":6,"key":"SMITH"},{"floor":8,"key":"REST"},{"floor":15,"key":"REST"},{"data":"Rampage","floor":24,"key":"SMITH"},{"data":"Searing Blow+1","floor":32,"key":"SMITH"}],"neow_cost":"NONE","seed_source_timestamp":561649507378764,"circlet_count":0,"master_deck":["Strike_R","Strike_R","Strike_R","Strike_R","Strike_R","Defend_R","Defend_R","Defend_R","Defend_R","Bash+1","Twin Strike","Rampage+1","Headbutt+1","Heavy Blade+1","Rampage+1","Impervious","Headbutt+1","Pummel+1","Twin Strike+1","Ghostly","Ghostly","Ghostly","Ghostly","Ghostly","Infernal Blade","Battle Trance+1","Thunderclap+1","Searing Blow+2","Spot Weakness","Heavy Blade+1"],"relics":["Burning Blood","Molten Egg 2","Vajra","FossilizedHelix","Ornamental Fan","Philosopher\u0027s Stone","StoneCalendar","Bag of Marbles","Pantograph","Sling"],"potions_floor_usage":[33,33,33],"damage_taken":[{"damage":6,"enemies":"Cultist","floor":1,"turns":3},{"damage":0,"enemies":"2 Louse","floor":2,"turns":3},{"damage":8,"enemies":"Jaw Worm","floor":4,"turns":3},{"damage":40,"enemies":"Lagavulin","floor":7,"turns":6},{"damage":13,"enemies":"Large Slime","floor":10,"turns":4},{"damage":3,"enemies":"2 Fungi Beasts","floor":11,"turns":3},{"damage":13,"enemies":"Lots of Slimes","floor":12,"turns":4},{"damage":27,"enemies":"Gremlin Nob","floor":13,"turns":4},{"damage":64,"enemies":"Hexaghost","floor":16,"turns":9},{"damage":6,"enemies":"Chosen","floor":18,"turns":3},{"damage":7,"enemies":"2 Thieves","floor":20,"turns":3},{"damage":1,"enemies":"3 Cultists","floor":22,"turns":5},{"damage":6,"enemies":"Book of Stabbing","floor":23,"turns":6},{"damage":2,"enemies":"Snecko","floor":27,"turns":5},{"damage":25,"enemies":"Gremlin Leader","floor":28,"turns":8},{"damage":0,"enemies":"Snake Plant","floor":30,"turns":4},{"damage":60,"enemies":"Automaton","floor":33,"turns":6}],"seed_played":"-6138817282702557149","potions_obtained":[{"floor":2,"key":"FearPotion"},{"floor":11,"key":"EssenceOfSteel"},{"floor":18,"key":"Strength Potion"},{"floor":20,"key":"SteroidPotion"},{"floor":23,"key":"Strength Potion"}],"is_trial":false,"path_per_floor":["M","M","?","M","$","R","E","R","T","M","M","M","E","T","R","B",null,"M","$","M","?","M","E","R","?","T","M","E","$","M","?","R","B"],"character_chosen":"IRONCLAD","items_purchased":["Rampage","Headbutt+1","Pummel+1","Sling","Spot Weakness"],"campfire_rested":2,"item_purchase_floors":[5,19,19,29,29],"current_hp_per_floor":[88,88,88,86,86,86,52,78,78,71,74,67,46,46,72,14,88,88,88,87,44,44,44,44,44,44,44,25,25,31,31,31,0],"gold":58,"neow_bonus":"TEN_PERCENT_HP_BONUS","is_prod":false,"is_daily":false,"chose_seed":false,"campfire_upgraded":3,"win_rate":0.0,"timestamp":1562398299,"path_taken":["M","?","?","M","$","R","E","R","T","M","M","M","E","?","R","BOSS","M","$","M","?","M","E","R","?","T","M","E","$","?","?","R","BOSS"],"build_version":"2019-07-05","purchased_purges":0,"victory":false,"max_hp_per_floor":[88,88,88,88,88,88,88,88,88,88,88,88,88,88,88,88,88,88,88,88,44,44,44,44,44,44,44,44,44,44,44,44,44],"card_choices":[{"not_picked":["Warcry","True Grit"],"picked":"Twin Strike","floor":1},{"not_picked":["Flame Barrier","True Grit","Anger"],"picked":"SKIP","floor":2},{"not_picked":["Flex","Intimidate","Warcry"],"picked":"SKIP","floor":4},{"not_picked":["Reckless Charge","Carnage"],"picked":"Headbutt","floor":7},{"not_picked":["Perfected Strike+1","Entrench"],"picked":"Heavy Blade+1","floor":10},{"not_picked":["Perfected Strike+1","Brutality"],"picked":"Rampage+1","floor":11},{"not_picked":["Warcry","Fire Breathing","Shrug It Off"],"picked":"SKIP","floor":12},{"not_picked":["Berserk","Whirlwind+1","Sword Boomerang+1"],"picked":"SKIP","floor":13},{"not_picked":["Berserk","Offering"],"picked":"Impervious","floor":16},{"not_picked":["Clothesline+1","Shrug It Off","Flame Barrier"],"picked":"SKIP","floor":18},{"not_picked":["Warcry","Intimidate"],"picked":"Twin Strike+1","floor":20},{"not_picked":["Flex","Rage"],"picked":"Infernal Blade","floor":22},{"not_picked":["True Grit","Perfected Strike+1"],"picked":"Battle Trance+1","floor":23},{"not_picked":["Rupture","Blood for Blood+1"],"picked":"Thunderclap+1","floor":27},{"not_picked":["Dropkick+1","Uppercut+1"],"picked":"Searing Blow+1","floor":28},{"not_picked":["Fiend Fire+1","Pommel Strike+1"],"picked":"Heavy Blade+1","floor":30}],"player_experience":5432,"relics_obtained":[{"floor":7,"key":"Molten Egg 2"},{"floor":9,"key":"Vajra"},{"floor":13,"key":"FossilizedHelix"},{"floor":14,"key":"Ornamental Fan"},{"floor":23,"key":"StoneCalendar"},{"floor":26,"key":"Bag of Marbles"},{"floor":28,"key":"Pantograph"}],"event_choices":[{"damage_healed":0,"gold_gain":0,"player_choice":"Ignored","damage_taken":0,"max_hp_gain":0,"max_hp_loss":0,"event_name":"Golden Idol","floor":3,"gold_loss":0},{"damage_healed":0,"gold_gain":0,"player_choice":"Became a Ghost","damage_taken":0,"max_hp_gain":0,"max_hp_loss":44,"event_name":"Ghosts","floor":21,"gold_loss":0,"cards_obtained":["Ghostly","Ghostly","Ghostly","Ghostly","Ghostly"]},{"damage_healed":0,"gold_gain":0,"player_choice":"Got Potions","damage_taken":0,"max_hp_gain":0,"max_hp_loss":0,"event_name":"Lab","floor":25,"gold_loss":0}],"is_beta":false,"boss_relics":[{"not_picked":["Lizard Tail","Runic Dome"],"picked":"Philosopher\u0027s Stone"}],"items_purged_floors":[],"is_endless":false,"potions_floor_spawned":[2,11,18,20,23],"killed_by":"Automaton","ascension_level":0}