{"gold_per_floor":[111,123,398,409,409,439,439,457,502,502,522,0,35,52,52,154,154,121,121,121,131,26,26,26,26,26,61,61,61,80,94,94,199,199,216,234,246,266,4,4],"floor_reached":40,"playtime":5809,"items_purged":["Regret"],"score":439,"play_id":"f14087cd-96a5-4f8b-a292-c9b3c13196b5","local_time":"20190703224143","is_ascension_mode":true,"campfire_choices":[{"floor":7,"key":"REST"},{"floor":10,"key":"REST"},{"floor":15,"key":"REST"},{"data":"Defragment","floor":23,"key":"SMITH"},{"data":"Machine Learning","floor":25,"key":"SMITH"},{"floor":28,"key":"REST"},{"floor":32,"key":"REST"}],"neow_cost":"NONE","seed_source_timestamp":375017128869400,"circlet_count":0,"master_deck":["Defend_B","Defend_B","Defend_B","Defend_B","Zap","Dualcast","Steam Power","Fusion","Doom and Gloom","Coolheaded+1","Undo+1","Reprogram+1","Machine Learning+1","Darkness+1","Multi-Cast+1","Leap+1","Rainbow+1","Meteor Strike+1","Fusion+1","Reprogram+1","Defragment+1","Steam+1","Shame","Rip and Tear+1","Double Energy+1","Go for the Eyes","Reboot+1","Undo+1","Conserve Battery+1","Parasite","Glacier+1","Loop+1","Apotheosis+1","Aggregate+1"],"relics":["Cracked Core","Toxic Egg 2","Bottled Flame","Regal Pillow","StoneCalendar","Ancient Tea Set","Bottled Lightning","Astrolabe","Enchiridion","Shuriken","Nunchaku","Boot","Black Star"],"potions_floor_usage":[6,16,18,21,21,27,30,30,31],"damage_taken":[{"damage":5,"enemies":"Small Slimes","floor":1,"turns":4},{"damage":0,"enemies":"Cultist","floor":2,"turns":4},{"damage":4,"enemies":"2 Louse","floor":4,"turns":3},{"damage":47,"enemies":"Lagavulin","floor":6,"turns":7},{"damage":14,"enemies":"Blue Slaver","floor":8,"turns":4},{"damage":6,"enemies":"3 Louse","floor":11,"turns":3},{"damage":15,"enemies":"3 Sentries","floor":13,"turns":7},{"damage":5,"enemies":"Gremlin Gang","floor":14,"turns":3},{"damage":37,"enemies":"Hexaghost","floor":16,"turns":7},{"damage":11,"enemies":"2 Thieves","floor":18,"turns":5},{"damage":10,"enemies":"3 Byrds","floor":21,"turns":7},{"damage":68,"enemies":"Gremlin Leader","floor":27,"turns":12},{"damage":0,"enemies":"Snake Plant","floor":30,"turns":2},{"damage":10,"enemies":"Snecko","floor":31,"turns":5},{"damage":32,"enemies":"Champ","floor":33,"turns":7},{"damage":10,"enemies":"Orb Walker","floor":35,"turns":4},{"damage":18,"enemies":"3 Shapes","floor":36,"turns":3},{"damage":16,"enemies":"Writhing Mass","floor":37,"turns":6},{"damage":11,"enemies":"Sphere and 2 Shapes","floor":38,"turns":7},{"damage":28,"enemies":"Giant Head","floor":40,"turns":8}],"seed_played":"5059328296310454829","potions_obtained":[{"floor":4,"key":"Weak Potion"},{"floor":13,"key":"EssenceOfSteel"},{"floor":14,"key":"FocusPotion"},{"floor":16,"key":"Regen Potion"},{"floor":18,"key":"AttackPotion"},{"floor":21,"key":"Regen Potion"},{"floor":29,"key":"Block Potion"},{"floor":29,"key":"AttackPotion"},{"floor":29,"key":"Dexterity Potion"}],"is_trial":false,"path_per_floor":["M","M","?","M","T","E","R","M","T","R","M","$","E","M","R","B",null,"M","?","?","M","$","R","?","R","T","E","R","?","M","M","R","B",null,"M","M","M","M","$","E"],"character_chosen":"DEFECT","items_purchased":["StoneCalendar","Ancient Tea Set","Defragment","Steam+1","Apotheosis+1","Aggregate+1"],"campfire_rested":5,"item_purchase_floors":[12,12,22,22,39,39],"current_hp_per_floor":[77,77,77,73,73,26,50,36,36,75,69,69,54,49,82,45,82,71,55,55,60,60,60,60,60,60,7,46,46,46,36,75,43,82,72,54,38,27,27,0],"gold":4,"neow_bonus":"TEN_PERCENT_HP_BONUS","is_prod":false,"is_daily":false,"chose_seed":false,"campfire_upgraded":2,"win_rate":1,"timestamp":1562186503,"path_taken":["M","M","?","?","?","E","R","M","T","R","?","?","E","M","R","BOSS","M","?","?","M","$","R","?","R","T","E","R","?","M","M","R","BOSS","M","?","M","M","$","E"],"build_version":"2019-07-01","purchased_purges":1,"victory":false,"max_hp_per_floor":[82,82,82,82,82,82,82,82,82,82,82,82,82,82,82,82,82,82,82,82,82,82,82,82,82,82,82,82,82,82,82,82,82,82,82,82,82,82,82,82],"card_choices":[{"not_picked":["Leap","Streamline"],"picked":"Steam Power","floor":1},{"not_picked":["Reinforced Body","Coolheaded"],"picked":"Fusion","floor":2},{"not_picked":["Compile Driver","Barrage"],"picked":"Doom and Gloom","floor":4},{"not_picked":["Compile Driver","Barrage"],"picked":"Coolheaded+1","floor":6},{"not_picked":["Force Field+1","Gash"],"picked":"Undo+1","floor":8},{"not_picked":["Doom and Gloom","Tempest+1"],"picked":"Reprogram+1","floor":11},{"not_picked":["Go for the Eyes","Sweeping Beam"],"picked":"Machine Learning","floor":13},{"not_picked":["Sweeping Beam","Gash"],"picked":"Darkness+1","floor":14},{"not_picked":["Biased Cognition","Thunder Strike"],"picked":"Multi-Cast+1","floor":16},{"not_picked":["Redo+1","Glacier+1"],"picked":"Fusion+1","floor":18},{"not_picked":["Force Field+1","Blizzard+1"],"picked":"Reprogram+1","floor":21},{"not_picked":["Compile Driver","Rebound"],"picked":"Rip and Tear+1","floor":27},{"not_picked":["Melter+1","Auto Shields+1"],"picked":"Double Energy+1","floor":30},{"not_picked":["Ball Lightning","Lockon"],"picked":"Go for the Eyes","floor":31},{"not_picked":["Rainbow+1","Thunder Strike"],"picked":"Reboot+1","floor":33},{"not_picked":["Conserve Battery+1","Lockon+1"],"picked":"Undo+1","floor":35},{"not_picked":["Compile Driver+1","Stack+1"],"picked":"Conserve Battery+1","floor":36},{"not_picked":["Fusion+1","Rip and Tear"],"picked":"Glacier+1","floor":37},{"not_picked":["Cold Snap+1","Auto Shields+1"],"picked":"Loop+1","floor":38}],"player_experience":99285,"relics_obtained":[{"floor":5,"key":"Toxic Egg 2"},{"floor":6,"key":"Bottled Flame"},{"floor":9,"key":"Regal Pillow"},{"floor":13,"key":"Bottled Lightning"},{"floor":19,"key":"Enchiridion"},{"floor":26,"key":"Nunchaku"},{"floor":27,"key":"Boot"}],"event_choices":[{"damage_healed":0,"gold_gain":275,"player_choice":"Desecrate","damage_taken":0,"max_hp_gain":0,"max_hp_loss":0,"event_name":"Golden Shrine","floor":3,"gold_loss":0,"cards_obtained":["Regret"]},{"damage_healed":0,"gold_gain":0,"player_choice":"Obtained Book","damage_taken":16,"max_hp_gain":0,"max_hp_loss":0,"event_name":"Cursed Tome","floor":19,"gold_loss":0},{"cards_removed":["Strike_B"],"damage_healed":0,"gold_gain":0,"player_choice":"Elegance","damage_taken":0,"max_hp_gain":0,"max_hp_loss":0,"event_name":"Back to Basics","floor":20,"gold_loss":0},{"damage_healed":0,"gold_gain":0,"player_choice":"Stole Relic","damage_taken":0,"relics_obtained":["Shuriken"],"max_hp_gain":0,"max_hp_loss":0,"event_name":"Addict","floor":24,"gold_loss":0,"cards_obtained":["Shame"]},{"damage_healed":0,"gold_gain":0,"player_choice":"Got Potions","damage_taken":0,"max_hp_gain":0,"max_hp_loss":0,"event_name":"Lab","floor":29,"gold_loss":0}],"is_beta":false,"boss_relics":[{"not_picked":["Snecko Eye","Coffee Dripper"],"picked":"Astrolabe"},{"not_picked":["Empty Cage","White Beast Statue"],"picked":"Black Star"}],"items_purged_floors":[12],"is_endless":false,"potions_floor_spawned":[4,13,14,16,18,21],"killed_by":"Giant Head","ascension_level":1}