{"gold_per_floor":[117,88,102,118,118,118,135,135,212,226,226,260,277,50,50,147,147,161,161,175,155,168,168,178,190,190,190,289,289,299,324,324,424,424,440,459,459,183,143,143,154,29,52,52,52,52,70,81,81,81],"floor_reached":51,"playtime":3124,"items_purged":["Strike_G","Strike_G","Strike_G"],"score":733,"play_id":"9590a358-27ec-463b-837c-813c0c6a9d3f","local_time":"20190717223447","is_ascension_mode":true,"campfire_choices":[{"data":"Neutralize","floor":6,"key":"SMITH"},{"data":"Flying Knee","floor":8,"key":"SMITH"},{"floor":11,"key":"REST"},{"data":"Phantasmal Killer","floor":15,"key":"SMITH"},{"floor":23,"key":"REST"},{"floor":29,"key":"REST"},{"floor":32,"key":"REST"},{"floor":40,"key":"REST"},{"floor":44,"key":"REST"},{"floor":49,"key":"REST"}],"neow_cost":"NONE","seed_source_timestamp":106197790466325,"circlet_count":0,"master_deck":["Strike_G+1","Defend_G","Defend_G","Defend_G","Defend_G","Defend_G","Survivor","Neutralize+1","Dagger Throw+1","Well Laid Plans","Dagger Throw","Flying Knee+1","Backflip","Backflip","Phantasmal Killer+1","Adrenaline","Terror","Footwork+1","Riddle With Holes+1","Footwork","Dodge and Roll","Dodge and Roll","Glass Knife+1","Flying Knee","Terror","Catalyst","Noxious Fumes","Deadly Poison+1","Footwork+1","Sucker Punch"],"relics":["Ring of the Snake","Meat on the Bone","Dream Catcher","Anchor","Velvet Choker","Matryoshka","Enchiridion","Regal Pillow","Pen Nib","Whetstone"],"potions_floor_usage":[7,16,16,20,41,47,48,50,50,50],"damage_taken":[{"damage":12,"enemies":"Jaw Worm","floor":1,"turns":5},{"damage":3,"enemies":"Small Slimes","floor":3,"turns":4},{"damage":2,"enemies":"2 Louse","floor":4,"turns":3},{"damage":12,"enemies":"Gremlin Gang","floor":7,"turns":4},{"damage":7,"enemies":"Large Slime","floor":10,"turns":6},{"damage":17,"enemies":"Gremlin Nob","floor":12,"turns":4},{"damage":1,"enemies":"Looter","floor":13,"turns":4},{"damage":19,"enemies":"Slime Boss","floor":16,"turns":11},{"damage":16,"enemies":"Spheric Guardian","floor":18,"turns":4},{"damage":26,"enemies":"3 Byrds","floor":20,"turns":5},{"damage":5,"enemies":"Snecko","floor":22,"turns":7},{"damage":11,"enemies":"Centurion and Healer","floor":24,"turns":9},{"damage":9,"enemies":"Snake Plant","floor":25,"turns":3},{"damage":4,"enemies":"3 Cultists","floor":30,"turns":5},{"damage":0,"enemies":"Book of Stabbing","floor":31,"turns":3},{"damage":27,"enemies":"Champ","floor":33,"turns":13},{"damage":8,"enemies":"Orb Walker","floor":35,"turns":4},{"damage":9,"enemies":"3 Shapes","floor":36,"turns":5},{"damage":30,"enemies":"3 Darklings","floor":41,"turns":8},{"damage":11,"enemies":"Sphere and 2 Shapes","floor":47,"turns":8},{"damage":16,"enemies":"Transient","floor":48,"turns":5},{"damage":62,"enemies":"Time Eater","floor":50,"turns":12}],"seed_played":"3209407030385952162","potions_obtained":[{"floor":1,"key":"LiquidBronze"},{"floor":4,"key":"Explosive Potion"},{"floor":7,"key":"EssenceOfSteel"},{"floor":13,"key":"Energy Potion"},{"floor":16,"key":"PowerPotion"},{"floor":20,"key":"SteroidPotion"},{"floor":21,"key":"Strength Potion"},{"floor":41,"key":"Block Potion"},{"floor":47,"key":"SkillPotion"},{"floor":48,"key":"SteroidPotion"}],"is_trial":false,"path_per_floor":["M","?","M","M","?","R","M","R","T","M","R","E","M","$","R","B",null,"M","?","M","?","M","R","M","M","T","?","?","R","M","E","R","B",null,"M","M","?","$","?","R","M","$","T","R","$","?","M","M","R","B",null],"character_chosen":"THE_SILENT","items_purchased":["Anchor","Terror","Catalyst","Noxious Fumes"],"campfire_rested":7,"item_purchase_floors":[14,38,38,38],"current_hp_per_floor":[58,58,55,53,53,53,41,41,41,46,67,50,49,49,49,42,70,54,54,40,40,47,68,57,48,48,32,32,53,49,49,70,43,70,62,53,53,53,53,70,40,40,40,70,70,66,55,39,66,16],"gold":81,"neow_bonus":"REMOVE_CARD","is_prod":false,"is_daily":false,"chose_seed":false,"campfire_upgraded":3,"win_rate":0,"timestamp":1563420887,"path_taken":["M","?","M","M","?","R","M","R","T","M","R","E","M","$","R","BOSS","M","?","?","?","M","R","M","?","T","?","?","R","M","E","R","BOSS","M","M","?","$","?","R","?","?","T","R","$","?","M","M","R","BOSS"],"build_version":"2019-07-05","purchased_purges":3,"victory":true,"max_hp_per_floor":[70,70,70,70,70,70,70,70,70,70,70,70,70,70,70,70,70,70,70,70,70,70,70,70,70,70,70,70,70,70,70,70,70,70,70,70,70,70,70,70,70,70,70,70,70,66,66,66,66,66],"card_choices":[{"not_picked":["Flechettes","Poisoned Stab"],"picked":"Dagger Throw","floor":1},{"not_picked":["Deadly Poison","Bouncing Flask"],"picked":"Well Laid Plans","floor":3},{"not_picked":["Poisoned Stab","Distraction"],"picked":"Dagger Throw","floor":4},{"not_picked":["Deflect","Outmaneuver"],"picked":"Flying Knee","floor":7},{"not_picked":["Outmaneuver","Acrobatics"],"picked":"Backflip","floor":10},{"not_picked":["Cloak And Dagger","Flying Knee"],"picked":"Backflip","floor":12},{"not_picked":["Heel Hook","Acrobatics"],"picked":"Phantasmal Killer","floor":13},{"not_picked":["Envenom","Doppelganger"],"picked":"Adrenaline","floor":16},{"not_picked":["Outmaneuver","Dodge and Roll","Dagger Throw"],"picked":"SKIP","floor":18},{"not_picked":["PiercingWail","Finisher+1"],"picked":"Footwork+1","floor":20},{"not_picked":["Finisher","Poisoned Stab"],"picked":"Noxious Fumes","floor":22},{"not_picked":["Bane","Masterful Stab","Blade Dance+1"],"picked":"SKIP","floor":24},{"not_picked":["PiercingWail","Dagger Throw"],"picked":"Riddle With Holes+1","floor":25},{"not_picked":["Bane+1","Setup"],"picked":"Footwork","floor":29},{"not_picked":["Outmaneuver","Backflip"],"picked":"Dodge and Roll","floor":30},{"not_picked":["Caltrops","Bullet Time"],"picked":"Dodge and Roll","floor":31},{"not_picked":["Night Terror","Envenom"],"picked":"Glass Knife","floor":33},{"not_picked":["Accuracy+1","Backflip"],"picked":"Flying Knee","floor":35},{"not_picked":["Slice","Backflip+1","Cloak And Dagger"],"picked":"SKIP","floor":36},{"not_picked":["Choke+1","Acrobatics"],"picked":"Deadly Poison+1","floor":40},{"not_picked":["Terror","Envenom"],"picked":"Footwork+1","floor":41},{"not_picked":["Flying Knee","PiercingWail+1"],"picked":"Sucker Punch","floor":44},{"not_picked":["Bouncing Flask+1","Terror","Quick Slash"],"picked":"SKIP","floor":47},{"not_picked":["Underhanded Strike+1","Prepared","Heel Hook+1"],"picked":"SKIP","floor":48}],"player_experience":138957,"relics_obtained":[{"floor":9,"key":"Meat on the Bone"},{"floor":12,"key":"Dream Catcher"},{"floor":26,"key":"Matryoshka"},{"floor":27,"key":"Enchiridion"},{"floor":31,"key":"Regal Pillow"},{"floor":43,"key":"Pen Nib"},{"floor":43,"key":"Whetstone"}],"event_choices":[{"damage_healed":0,"gold_gain":0,"player_choice":"Left Gold","damage_taken":0,"max_hp_gain":0,"max_hp_loss":0,"event_name":"World of Goop","floor":2,"gold_loss":29},{"damage_healed":0,"gold_gain":0,"player_choice":"Ignored","damage_taken":0,"max_hp_gain":0,"max_hp_loss":0,"event_name":"Liars Game","floor":5,"gold_loss":0},{"damage_healed":0,"gold_gain":0,"player_choice":"1 cards matched","damage_taken":0,"max_hp_gain":0,"max_hp_loss":0,"event_name":"Match and Keep!","floor":19,"gold_loss":0,"cards_obtained":["Terror"]},{"damage_healed":0,"gold_gain":0,"player_choice":"Bought 1 Potion","damage_taken":0,"max_hp_gain":0,"max_hp_loss":0,"event_name":"The Woman in Blue","floor":21,"gold_loss":0},{"damage_healed":0,"gold_gain":0,"player_choice":"Obtained Book","damage_taken":16,"max_hp_gain":0,"max_hp_loss":0,"event_name":"Cursed Tome","floor":27,"gold_loss":0},{"damage_healed":0,"gold_gain":99,"player_choice":"Stole From Cult","damage_taken":0,"max_hp_gain":0,"max_hp_loss":0,"event_name":"Nest","floor":28,"gold_loss":0},{"cards_removed":["Noxious Fumes"],"damage_healed":0,"gold_gain":0,"player_choice":"Removed Power","damage_taken":0,"max_hp_gain":0,"max_hp_loss":0,"event_name":"Falling","floor":37,"gold_loss":0},{"damage_healed":0,"gold_gain":0,"player_choice":"Upgrade","damage_taken":0,"max_hp_gain":0,"max_hp_loss":0,"event_name":"Designer","floor":39,"gold_loss":40,"cards_upgraded":["Glass Knife"]},{"damage_healed":0,"gold_gain":0,"player_choice":"Max HP","damage_taken":0,"max_hp_gain":0,"max_hp_loss":4,"event_name":"Winding Halls","floor":46,"gold_loss":0}],"is_beta":false,"boss_relics":[{"not_picked":["Tiny House","Calling Bell"],"picked":"Velvet Choker"},{"not_picked":["Fusion Hammer","Philosopher\u0027s Stone","Runic Dome"]}],"items_purged_floors":[14,38,42],"is_endless":false,"potions_floor_spawned":[1,4,7,13,16,20,24,25,41,47,48],"ascension_level":2}