{"gold_per_floor":[122,152,182,207,141,169,169,199,199,199],"floor_reached":10,"playtime":571,"items_purged":[],"score":156,"play_id":"db4062f9-3407-4448-892a-7f4f5d8c4e56","local_time":"20190707084325","is_ascension_mode":true,"campfire_choices":[{"data":"Sunder","floor":7,"key":"SMITH"}],"neow_cost":"NONE","seed_source_timestamp":375624945976010,"circlet_count":0,"master_deck":["AscendersBane","Strike_B","Strike_B","Strike_B","Strike_B","Defend_B","Defend_B","Defend_B","Defend_B","Zap","Dualcast","Glacier","Coolheaded","Sunder+1","Darkness"],"relics":["Cracked Core","MawBank","The Courier","Meat on the Bone","Pear"],"potions_floor_usage":[6],"damage_taken":[{"damage":1,"enemies":"2 Louse","floor":1,"turns":3},{"damage":0,"enemies":"Cultist","floor":2,"turns":5},{"damage":2,"enemies":"Small Slimes","floor":3,"turns":4},{"damage":6,"enemies":"Red Slaver","floor":4,"turns":6},{"damage":11,"enemies":"3 Sentries","floor":6,"turns":12},{"damage":15,"enemies":"Lagavulin","floor":8,"turns":6},{"damage":40,"enemies":"Gremlin Nob","floor":10,"turns":4}],"seed_played":"2128495660568125180","potions_obtained":[{"floor":2,"key":"Block Potion"},{"floor":6,"key":"Explosive Potion"}],"is_trial":false,"path_per_floor":["M","M","M","M","$","E","R","E","T","E"],"character_chosen":"DEFECT","items_purchased":["Sunder"],"campfire_rested":0,"item_purchase_floors":[5],"current_hp_per_floor":[63,63,61,55,55,44,44,29,39,0],"gold":199,"neow_bonus":"RANDOM_COMMON_RELIC","is_prod":false,"is_daily":false,"chose_seed":false,"campfire_upgraded":1,"win_rate":0,"timestamp":1562456605,"path_taken":["M","M","M","M","$","E","R","E","T","E"],"build_version":"2019-07-05","purchased_purges":0,"victory":false,"max_hp_per_floor":[71,71,71,71,71,71,71,71,81,81],"card_choices":[{"not_picked":["Sweeping Beam","Conserve Battery"],"picked":"Glacier","floor":1},{"not_picked":["Skim","Aggregate","Conserve Battery"],"picked":"SKIP","floor":2},{"not_picked":["Steam","Static Discharge"],"picked":"Coolheaded","floor":3},{"not_picked":["Beam Cell","Fusion","Redo"],"picked":"SKIP","floor":4},{"not_picked":["Rebound","Scrape"],"picked":"Darkness","floor":6},{"not_picked":["Double Energy","Steam","Stack"],"picked":"SKIP","floor":8}],"player_experience":553075,"relics_obtained":[{"floor":6,"key":"The Courier"},{"floor":8,"key":"Meat on the Bone"},{"floor":9,"key":"Pear"}],"event_choices":[],"is_beta":false,"boss_relics":[],"items_purged_floors":[],"is_endless":false,"potions_floor_spawned":[2,6],"killed_by":"Gremlin Nob","ascension_level":20}