{"gold_per_floor":[366,378,456,304,304,304,320,354,377,403,403,436,436,455,455,555,555,567,567,551,650,750,750,784,803,878,262,262,279,279,150,150,245,245,260,360,414,414,227,227,247,247,270,27,27,37,37,62,62,62,62,62,12,43,43],"floor_reached":55,"playtime":6521,"items_purged":["Defend_B","Defend_B","Regret","Clumsy","Defend_B","Strike_B"],"score":775,"play_id":"dbbb4680-8d8a-4193-ba45-6ff62c410677","local_time":"20190623121133","is_ascension_mode":true,"campfire_choices":[{"floor":6,"key":"REST"},{"floor":13,"key":"RECALL"},{"data":"Zap","floor":15,"key":"SMITH"},{"data":"Fission","floor":23,"key":"SMITH"},{"floor":28,"key":"REST"},{"floor":30,"key":"DIG"},{"floor":32,"key":"DIG"},{"floor":40,"key":"DIG"},{"floor":42,"key":"DIG"},{"floor":45,"key":"DIG"},{"floor":47,"key":"DIG"},{"floor":49,"key":"DIG"},{"floor":52,"key":"DIG"}],"neow_cost":"PERCENT_DAMAGE","seed_source_timestamp":35450023174706,"circlet_count":0,"master_deck":["Strike_B","Strike_B","Strike_B","Zap+1","Dualcast","Turbo","Cold Snap","Self Repair","Conserve Battery","Echo Form","Sweeping Beam","Stack","Fission+1","Melter","Reprogram+1","Chill","Blizzard","Leap+1","Defragment","Creative AI","Static Discharge+1","Conserve Battery+1","Turbo+1","Conserve Battery+1","Bandage Up+1","Storm+1","Ball Lightning+1","White Noise+1"],"relics":["Cracked Core","Gambling Chip","Centennial Puzzle","Bag of Marbles","Bronze Scales","Calling Bell","Smiling Mask","Matryoshka","Thread and Needle","Bag of Preparation","Orichalcum","PreservedInsect","Letter Opener","Toxic Egg 2","Shovel","Strawberry","Blood Vial","Nuclear Battery","Girya","Bird Faced Urn","Regal Pillow","Omamori","Kunai","Oddly Smooth Stone","Medical Kit","Shuriken","Blue Candle","Meat on the Bone","Mercury Hourglass","Bottled Tornado","Gremlin Horn"],"potions_floor_usage":[16,16,29,37,50,55,55],"damage_taken":[{"damage":1,"enemies":"Cultist","floor":1,"turns":3},{"damage":1,"enemies":"Jaw Worm","floor":2,"turns":4},{"damage":8,"enemies":"2 Louse","floor":7,"turns":3},{"damage":45,"enemies":"Gremlin Nob","floor":8,"turns":5},{"damage":12,"enemies":"Lagavulin","floor":12,"turns":7},{"damage":3,"enemies":"Looter","floor":14,"turns":2},{"damage":13,"enemies":"The Guardian","floor":16,"turns":12},{"damage":5,"enemies":"Shell Parasite","floor":18,"turns":6},{"damage":19,"enemies":"2 Thieves","floor":20,"turns":4},{"damage":51,"enemies":"Gremlin Leader","floor":24,"turns":10},{"damage":18,"enemies":"Centurion and Healer","floor":25,"turns":7},{"damage":6,"enemies":"Snake Plant","floor":29,"turns":4},{"damage":7,"enemies":"Automaton","floor":33,"turns":12},{"damage":10,"enemies":"3 Darklings","floor":35,"turns":5},{"damage":19,"enemies":"Mind Bloom Boss Battle","floor":36,"turns":6},{"damage":48,"enemies":"2 Orb Walkers","floor":37,"turns":5},{"damage":0,"enemies":"Orb Walker","floor":41,"turns":5},{"damage":5,"enemies":"Writhing Mass","floor":46,"turns":3},{"damage":30,"enemies":"Reptomancer","floor":48,"turns":5},{"damage":37,"enemies":"Awakened One","floor":50,"turns":10},{"damage":28,"enemies":"Shield and Spear","floor":54,"turns":3},{"damage":96,"enemies":"The Heart","floor":55,"turns":5}],"seed_played":"-186105773555473142","potions_obtained":[{"floor":2,"key":"LiquidBronze"},{"floor":7,"key":"PowerPotion"},{"floor":14,"key":"Swift Potion"},{"floor":16,"key":"SteroidPotion"},{"floor":24,"key":"EssenceOfSteel"},{"floor":25,"key":"Regen Potion"},{"floor":33,"key":"FocusPotion"},{"floor":36,"key":"LiquidBronze"},{"floor":37,"key":"Energy Potion"},{"floor":48,"key":"EssenceOfSteel"}],"is_trial":false,"path_per_floor":["M","M","T","$","?","R","M","E","T","T","?","E","R","M","R","B",null,"M","?","M","?","?","R","E","M","T","$","R","M","R","$","R","B",null,"M","?","?","?","$","R","M","R","T","$","R","M","R","E","R","B",null,"R","$","E","B"],"character_chosen":"DEFECT","items_purchased":["Self Repair","Toxic Egg 2","Shovel","Defragment","Conserve Battery+1","Bandage Up+1","Medical Kit"],"campfire_rested":2,"item_purchase_floors":[4,27,27,31,39,39,44],"current_hp_per_floor":[53,52,52,52,45,67,66,28,28,28,53,55,55,59,59,53,75,75,75,70,70,70,70,33,29,29,29,51,45,52,52,52,54,82,82,77,31,31,31,31,58,58,58,58,58,82,82,78,78,55,82,82,82,66,0],"gold":43,"neow_bonus":"TWO_FIFTY_GOLD","is_prod":false,"is_daily":false,"chose_seed":false,"campfire_upgraded":2,"win_rate":0,"timestamp":1561317093,"path_taken":["M","?","?","$","?","R","M","E","T","?","?","E","R","M","R","BOSS","M","?","?","?","?","R","E","?","T","$","R","M","R","$","R","BOSS","M","?","?","?","$","R","M","R","T","$","R","?","R","E","R","BOSS","R","$","E","BOSS"],"build_version":"2019-01-23","purchased_purges":6,"victory":false,"max_hp_per_floor":[75,75,75,75,75,75,75,75,75,75,75,75,75,75,75,75,75,75,75,75,75,75,75,75,75,75,75,75,75,82,82,82,82,82,82,82,82,82,82,82,82,82,82,82,82,82,82,82,82,82,82,82,82,82,82],"card_choices":[{"not_picked":["Stack","Barrage"],"picked":"Turbo","floor":1},{"not_picked":["Skim","Sunder"],"picked":"Cold Snap","floor":2},{"not_picked":["Beam Cell","Double Energy"],"picked":"Conserve Battery","floor":7},{"not_picked":["Rip and Tear","Steam"],"picked":"Echo Form","floor":8},{"not_picked":["Reprogram","Cold Snap"],"picked":"Sweeping Beam","floor":12},{"not_picked":["Force Field","Steam"],"picked":"Stack","floor":14},{"not_picked":["Hyperbeam","Echo Form"],"picked":"Fission","floor":16},{"not_picked":["Leap","Steam+1"],"picked":"Melter","floor":18},{"not_picked":["Coolheaded","Turbo"],"picked":"Reprogram+1","floor":20},{"not_picked":["Multi-Cast","Barrage"],"picked":"Chill","floor":24},{"not_picked":["Coolheaded","Darkness"],"picked":"Blizzard","floor":25},{"not_picked":["Streamline","Hologram+1"],"picked":"Leap+1","floor":29},{"not_picked":["Meteor Strike","Biased Cognition"],"picked":"Creative AI","floor":33},{"not_picked":["Hologram+1","Coolheaded+1"],"picked":"Static Discharge+1","floor":35},{"not_picked":["Compile Driver+1","Coolheaded+1"],"picked":"Conserve Battery+1","floor":36},{"not_picked":["Gash","Hologram+1"],"picked":"Turbo+1","floor":37},{"not_picked":["Machine Learning","Conserve Battery+1"],"picked":"Storm+1","floor":41},{"not_picked":["Steam Power+1","Redo+1"],"picked":"Ball Lightning+1","floor":46},{"not_picked":["All For One","Coolheaded+1","Sweeping Beam+1"],"picked":"SKIP","floor":48},{"not_picked":["Hologram+1","Static Discharge"],"picked":"White Noise+1","floor":54}],"player_experience":111687,"relics_obtained":[{"floor":8,"key":"Gambling Chip"},{"floor":9,"key":"Centennial Puzzle"},{"floor":10,"key":"Bag of Marbles"},{"floor":12,"key":"Bronze Scales"},{"floor":17,"key":"Smiling Mask"},{"floor":17,"key":"Matryoshka"},{"floor":17,"key":"Thread and Needle"},{"floor":24,"key":"Orichalcum"},{"floor":26,"key":"PreservedInsect"},{"floor":26,"key":"Letter Opener"},{"floor":30,"key":"Strawberry"},{"floor":32,"key":"Blood Vial"},{"floor":36,"key":"Girya"},{"floor":37,"key":"Bird Faced Urn"},{"floor":40,"key":"Regal Pillow"},{"floor":42,"key":"Omamori"},{"floor":43,"key":"Kunai"},{"floor":43,"key":"Oddly Smooth Stone"},{"floor":45,"key":"Shuriken"},{"floor":47,"key":"Blue Candle"},{"floor":48,"key":"Meat on the Bone"},{"floor":49,"key":"Mercury Hourglass"},{"floor":52,"key":"Bottled Tornado"},{"floor":54,"key":"Gremlin Horn"}],"event_choices":[{"cards_removed":["Defend_B"],"damage_healed":0,"gold_gain":0,"player_choice":"Card Removal","damage_taken":7,"max_hp_gain":0,"max_hp_loss":0,"event_name":"Golden Wing","floor":5,"gold_loss":0},{"damage_healed":25,"gold_gain":0,"player_choice":"Banana","damage_taken":0,"max_hp_gain":0,"max_hp_loss":0,"event_name":"Big Fish","floor":11,"gold_loss":0},{"damage_healed":0,"gold_gain":0,"player_choice":"Gave Potion","damage_taken":0,"relics_obtained":["Bag of Preparation"],"max_hp_gain":0,"max_hp_loss":0,"event_name":"WeMeetAgain","floor":19,"gold_loss":0},{"damage_healed":0,"gold_gain":99,"player_choice":"Stole From Cult","damage_taken":0,"max_hp_gain":0,"max_hp_loss":0,"event_name":"Nest","floor":21,"gold_loss":0},{"damage_healed":0,"gold_gain":100,"player_choice":"Pray","damage_taken":0,"max_hp_gain":0,"max_hp_loss":0,"event_name":"Golden Shrine","floor":22,"gold_loss":0},{"damage_healed":0,"gold_gain":0,"player_choice":"Fight","damage_taken":0,"max_hp_gain":0,"max_hp_loss":0,"event_name":"MindBloom","floor":36,"gold_loss":0},{"damage_healed":0,"gold_gain":0,"player_choice":"Fight","damage_taken":0,"max_hp_gain":0,"max_hp_loss":0,"event_name":"Mysterious Sphere","floor":37,"gold_loss":0},{"cards_removed":["Clumsy"],"damage_healed":0,"gold_gain":0,"player_choice":"Purged","damage_taken":0,"max_hp_gain":0,"max_hp_loss":0,"event_name":"Purifier","floor":38,"gold_loss":0}],"is_beta":false,"boss_relics":[{"not_picked":["Ectoplasm","Coffee Dripper"],"picked":"Calling Bell"},{"not_picked":["Sozu","Busted Crown"],"picked":"Nuclear Battery"}],"items_purged_floors":[4,27,31,39,44,53],"is_endless":false,"potions_floor_spawned":[2,7,14,16,24,25,33,36,37,48],"killed_by":"The Heart","ascension_level":1}