{"gold_per_floor":[111,130,130,148,148,148,164,164,164,184,184,215,59,72,72,72],"floor_reached":16,"playtime":1392,"items_purged":["Strike_G"],"score":150,"play_id":"c4633ff1-4062-4c7e-b0a3-9dc76e799da7","local_time":"20190513150102","is_ascension_mode":true,"campfire_choices":[{"data":"Doppelganger","floor":6,"key":"SMITH"},{"data":"Neutralize","floor":8,"key":"SMITH"},{"floor":15,"key":"RECALL"}],"neow_cost":"NONE","seed_source_timestamp":18498607483800,"circlet_count":0,"master_deck":["AscendersBane","Defend_G","Defend_G","Defend_G","Defend_G","Defend_G","Strike_G","Strike_G","Survivor","Neutralize+1","Cloak And Dagger","Acrobatics","Doppelganger+1","All Out Attack","Backstab","Reflex","Escape Plan","Dramatic Entrance+1","Footwork"],"relics":["Ring of the Snake","Shuriken","Odd Mushroom","Molten Egg 2"],"potions_floor_usage":[12],"damage_taken":[{"damage":9,"enemies":"Jaw Worm","floor":1,"turns":7},{"damage":2,"enemies":"2 Louse","floor":2,"turns":3},{"damage":1,"enemies":"Small Slimes","floor":4,"turns":5},{"damage":0,"enemies":"2 Fungi Beasts","floor":7,"turns":4},{"damage":11,"enemies":"The Mushroom Lair","floor":10,"turns":4},{"damage":20,"enemies":"Gremlin Nob","floor":12,"turns":4},{"damage":3,"enemies":"Looter","floor":14,"turns":4},{"damage":42,"enemies":"Hexaghost","floor":16,"turns":12}],"seed_played":"1007609951983034167","potions_obtained":[{"floor":4,"key":"Poison Potion"},{"floor":10,"key":"Energy Potion"},{"floor":12,"key":"Energy Potion"},{"floor":14,"key":"Explosive Potion"}],"is_trial":false,"path_per_floor":["M","M","?","M","?","R","M","R","T","?","?","E","$","M","R","B"],"character_chosen":"THE_SILENT","items_purchased":["Dramatic Entrance+1"],"campfire_rested":0,"item_purchase_floors":[13],"current_hp_per_floor":[61,59,52,51,51,51,51,51,51,40,65,45,45,42,42,0],"gold":72,"neow_bonus":"TEN_PERCENT_HP_BONUS","is_prod":false,"is_daily":false,"chose_seed":false,"campfire_upgraded":2,"win_rate":0,"timestamp":1557774062,"path_taken":["M","M","?","M","?","R","M","R","T","?","?","E","$","M","R","BOSS"],"build_version":"2019-01-23","purchased_purges":1,"victory":false,"max_hp_per_floor":[77,77,77,77,77,77,77,77,77,77,77,77,77,77,77,77],"card_choices":[{"not_picked":["Underhanded Strike","Blade Dance"],"picked":"Cloak And Dagger","floor":1},{"not_picked":["Underhanded Strike","Poisoned Stab"],"picked":"Acrobatics","floor":2},{"not_picked":["Dodge and Roll","Underhanded Strike"],"picked":"Doppelganger","floor":4},{"not_picked":["Acrobatics","Bouncing Flask"],"picked":"Backstab","floor":7},{"not_picked":["Quick Slash","Setup"],"picked":"Reflex","floor":10},{"not_picked":["Flying Knee","Heel Hook"],"picked":"Escape Plan","floor":12},{"not_picked":["Escape Plan","Cloak And Dagger"],"picked":"Footwork","floor":14}],"player_experience":367645,"relics_obtained":[{"floor":9,"key":"Shuriken"},{"floor":10,"key":"Odd Mushroom"},{"floor":12,"key":"Molten Egg 2"}],"event_choices":[{"cards_removed":["Strike_G"],"damage_healed":0,"gold_gain":0,"player_choice":"Card Removal","damage_taken":7,"max_hp_gain":0,"max_hp_loss":0,"event_name":"Golden Wing","floor":3,"gold_loss":0},{"damage_healed":0,"gold_gain":0,"cards_transformed":["Strike_G"],"player_choice":"Change","damage_taken":0,"max_hp_gain":0,"max_hp_loss":0,"event_name":"Living Wall","floor":5,"gold_loss":0,"cards_obtained":["All Out Attack"]},{"damage_healed":0,"gold_gain":0,"player_choice":"Fought Mushrooms","damage_taken":0,"max_hp_gain":0,"max_hp_loss":0,"event_name":"Mushrooms","floor":10,"gold_loss":0},{"damage_healed":25,"gold_gain":0,"player_choice":"Banana","damage_taken":0,"max_hp_gain":0,"max_hp_loss":0,"event_name":"Big Fish","floor":11,"gold_loss":0}],"is_beta":false,"boss_relics":[],"items_purged_floors":[13],"is_endless":false,"potions_floor_spawned":[4,10,12,14],"killed_by":"Hexaghost","ascension_level":10}