{"gold_per_floor":[169,189,189,189,189,230,230,261,261,261,285,235,260,304,304,432,432,455,480,101,101,121,195,195,226,226,242,242,242,341,360,360,485,485,504,579,92,110,110,150,150,189,189,233,233,264,597,597,597,597,597,597,17,52,52],"floor_reached":55,"playtime":4271,"items_purged":["Defend_G","Defend_G","Strike_G"],"score":1031,"play_id":"c4f28323-f85f-4a71-a03e-01478627cfcb","local_time":"20190622142331","is_ascension_mode":true,"campfire_choices":[{"floor":7,"key":"REST"},{"floor":10,"key":"REST"},{"floor":15,"key":"RECALL"},{"floor":24,"key":"REST"},{"floor":29,"key":"REST"},{"data":"Writhe","floor":32,"key":"PURGE"},{"floor":41,"key":"REST"},{"data":"Writhe","floor":49,"key":"PURGE"},{"data":"Defend_G","floor":52,"key":"PURGE"}],"neow_cost":"NONE","seed_source_timestamp":934737056857634,"circlet_count":0,"master_deck":["Strike_G+1","Strike_G","Strike_G","Strike_G","Survivor","Neutralize","Blade Dance","Flying Knee","Deflect","Blade Dance+1","Escape Plan+1","Deflect+1","Bouncing Flask+1","Deflect+1","Doppelganger+1","PiercingWail+1","Catalyst+1","Accuracy","Bouncing Flask+1","J.A.X.+1","Leg Sweep+1","Distraction+1","Blur+1","Finisher","Quick Slash+1","Adrenaline+1","Outmaneuver+1","Terror+1","Accuracy","Adrenaline+1","Crippling Poison+1","Blade Dance+1","PiercingWail+1","PiercingWail+1","Infinite Blades","Transmutation+1","Deadly Poison+1","Setup+1"],"special_seed":0,"relics":["Tiny House","Toxic Egg 2","Peace Pipe","Snake Skull","Question Card","Black Star","Chemical X","Shuriken","Tiny Chest","Darkstone Periapt","Ancient Tea Set","Mango","PreservedInsect","Fusion Hammer","Meat on the Bone","Bottled Flame","Ice Cream","Prayer Wheel","Blue Candle","Pear","Smiling Mask","Bag of Marbles","Du-Vu Doll","Juzu Bracelet","Anchor","Vajra","Letter Opener"],"potions_floor_usage":[6,8,16,18,19,33,39,50,54,55,55],"damage_taken":[{"damage":1.0,"enemies":"Jaw Worm","floor":1.0,"turns":5.0},{"damage":0,"enemies":"2 Louse","floor":2,"turns":2},{"damage":42,"enemies":"Gremlin Nob","floor":6,"turns":6},{"damage":14,"enemies":"Lagavulin","floor":8,"turns":8},{"damage":1,"enemies":"Small Slimes","floor":11,"turns":3},{"damage":3,"enemies":"3 Louse","floor":13,"turns":3},{"damage":10,"enemies":"Gremlin Nob","floor":14,"turns":3},{"damage":14,"enemies":"Hexaghost","floor":16,"turns":8},{"damage":5,"enemies":"2 Thieves","floor":18,"turns":5},{"damage":10,"enemies":"Spheric Guardian","floor":19,"turns":4},{"damage":3,"enemies":"Centurion and Healer","floor":22,"turns":3},{"damage":22,"enemies":"Gremlin Leader","floor":23,"turns":6},{"damage":41,"enemies":"Slavers","floor":25,"turns":4},{"damage":11,"enemies":"Cultist and Chosen","floor":27,"turns":6},{"damage":10,"enemies":"Snake Plant","floor":31,"turns":4},{"damage":29,"enemies":"Collector","floor":33,"turns":7},{"damage":0,"enemies":"3 Shapes","floor":35,"turns":3},{"damage":10,"enemies":"Orb Walker","floor":38,"turns":3},{"damage":0,"enemies":"Jaw Worm Horde","floor":39,"turns":1},{"damage":3,"enemies":"Giant Head","floor":40,"turns":5},{"damage":41,"enemies":"Nemesis","floor":42,"turns":5},{"damage":60,"enemies":"Reptomancer","floor":44,"turns":3},{"damage":36,"enemies":"Nemesis","floor":46,"turns":3},{"damage":29,"enemies":"Donu and Deca","floor":50,"turns":7},{"damage":9,"enemies":"Shield and Spear","floor":54,"turns":3},{"damage":106,"enemies":"The Heart","floor":55,"turns":6}],"seed_played":"7614703582724264443","potions_obtained":[{"floor":0.0,"key":"Weak Potion"},{"floor":2,"key":"Weak Potion"},{"floor":6,"key":"Weak Potion"},{"floor":8,"key":"GhostInAJar"},{"floor":14,"key":"PowerPotion"},{"floor":25,"key":"SmokeBomb"},{"floor":31,"key":"AttackPotion"},{"floor":38,"key":"Energy Potion"},{"floor":42,"key":"SpeedPotion"},{"floor":46,"key":"AttackPotion"}],"is_trial":false,"path_per_floor":["M","M","?","?","?","E","R","E","T","R","M","?","M","E","R","B",null,"M","M","$","?","M","E","R","E","T","M","?","R","?","M","R","B",null,"M","?","$","M","M","E","R","E","T","E","?","E","?","?","R","B",null,"R","$","E","B"],"character_chosen":"THE_SILENT","items_purchased":["Chemical X","Accuracy","Bouncing Flask+1","Terror+1","Accuracy","Meat on the Bone","PowerPotion","Infinite Blades","Transmutation+1","Anchor","Deadly Poison+1"],"campfire_rested":5,"item_purchase_floors":[20,20,20,37,37,37,53,53,53,53,53],"current_hp_per_floor":[74,74,56,56,53,11,33,19,19,41,40,40,37,27,27,13,75,70,60,60,60,57,35,57,16,30,19,25,53,53,43,43,14,95,95,86,86,76,76,73,95,54,64,16,105,69,69,101,101,72,111,111,111,102,0],"gold":52,"neow_bonus":"BOSS_RELIC","is_prod":false,"is_daily":false,"chose_seed":false,"campfire_upgraded":0,"win_rate":0,"timestamp":1561238611,"path_taken":["M","M","?","?","?","E","R","E","T","R","?","?","M","E","R","BOSS","M","M","$","?","M","E","R","E","T","M","?","R","?","M","R","BOSS","M","?","$","M","?","E","R","E","T","E","?","E","?","?","R","BOSS","R","$","E","BOSS"],"build_version":"2019-01-23","purchased_purges":3,"victory":false,"max_hp_per_floor":[75,75,75,75,75,75,75,75,75,75,75,75,75,75,75,75,75,75,75,75,75,75,75,75,75,89,89,95,95,95,95,95,95,95,95,95,95,95,95,95,95,95,105,105,105,105,105,111,111,111,111,111,111,111,111],"card_choices":[{"not_picked":["Underhanded Strike","Dash"],"picked":"Blade Dance","floor":0.0},{"not_picked":["Quick Slash","Outmaneuver"],"picked":"Flying Knee","floor":1},{"not_picked":["Expertise","Quick Slash"],"picked":"Deflect","floor":2},{"not_picked":["Finisher","Prepared+1"],"picked":"Blade Dance+1","floor":6},{"not_picked":["Reflex+1","Backflip+1"],"picked":"Escape Plan+1","floor":8},{"not_picked":["Phantasmal Killer+1","Backstab"],"picked":"Deflect+1","floor":11},{"not_picked":["Quick Slash","Poisoned Stab"],"picked":"Bouncing Flask+1","floor":13},{"not_picked":["Noxious Fumes","Flying Knee"],"picked":"Deflect+1","floor":14},{"not_picked":["Malaise+1","Phantasmal Killer+1","A Thousand Cuts"],"picked":"Doppelganger+1","floor":16},{"not_picked":["Prepared+1","Acrobatics+1","Deadly Poison+1"],"picked":"PiercingWail+1","floor":18},{"not_picked":["Underhanded Strike","Dash","Eviscerate+1"],"picked":"Catalyst+1","floor":19},{"not_picked":["Dodge and Roll+1","Deadly Poison+1","Acrobatics+1"],"picked":"Leg Sweep+1","floor":22},{"not_picked":["Poisoned Stab","Dash","Quick Slash"],"picked":"Distraction+1","floor":23},{"not_picked":["Choke","Prepared+1","Underhanded Strike"],"picked":"Blur+1","floor":25},{"not_picked":["Acrobatics+1","Dagger Spray","Heel Hook"],"picked":"Finisher","floor":27},{"not_picked":["Eviscerate","Wraith Form v2","Calculated Gamble+1"],"picked":"Quick Slash+1","floor":31},{"not_picked":["Corpse Explosion+1","Glass Knife","Night Terror+1"],"picked":"Adrenaline+1","floor":33},{"not_picked":["Underhanded Strike+1","Slice+1","Sucker Punch"],"picked":"Outmaneuver+1","floor":35},{"not_picked":["Dagger Throw","Endless Agony","Flying Knee"],"picked":"Adrenaline+1","floor":38},{"not_picked":["Deadly Poison+1","Caltrops","Distraction+1"],"picked":"Crippling Poison+1","floor":40},{"not_picked":["Riddle With Holes","Outmaneuver+1","Sucker Punch"],"picked":"Blade Dance+1","floor":42},{"not_picked":["Masterful Stab","Sucker Punch","Deflect+1"],"picked":"PiercingWail+1","floor":44},{"not_picked":["Dodge and Roll+1","Eviscerate","Footwork+1"],"picked":"PiercingWail+1","floor":46},{"not_picked":["Finisher+1","Endless Agony","Deadly Poison+1"],"picked":"Setup+1","floor":54}],"player_experience":107416,"relics_obtained":[{"floor":6,"key":"Peace Pipe"},{"floor":8,"key":"Snake Skull"},{"floor":14,"key":"Question Card"},{"floor":23,"key":"Shuriken"},{"floor":23,"key":"Tiny Chest"},{"floor":25,"key":"Darkstone Periapt"},{"floor":25,"key":"Ancient Tea Set"},{"floor":26,"key":"Mango"},{"floor":40,"key":"Bottled Flame"},{"floor":40,"key":"Ice Cream"},{"floor":42,"key":"Prayer Wheel"},{"floor":42,"key":"Blue Candle"},{"floor":43,"key":"Pear"},{"floor":44,"key":"Smiling Mask"},{"floor":44,"key":"Bag of Marbles"},{"floor":46,"key":"Du-Vu Doll"},{"floor":46,"key":"Juzu Bracelet"},{"floor":54,"key":"Vajra"},{"floor":54,"key":"Letter Opener"}],"event_choices":[{"damage_healed":0,"gold_gain":0,"player_choice":"Take Damage","damage_taken":18,"relics_obtained":["Golden Idol"],"max_hp_gain":0,"max_hp_loss":0,"event_name":"Golden Idol","floor":3,"gold_loss":0},{"cards_removed":["Defend_G"],"damage_healed":0,"gold_gain":0,"player_choice":"Forget","damage_taken":0,"max_hp_gain":0,"max_hp_loss":0,"event_name":"Living Wall","floor":4,"gold_loss":0},{"damage_healed":0,"gold_gain":0,"player_choice":"Success","damage_taken":3,"relics_obtained":["Toxic Egg 2"],"max_hp_gain":0,"max_hp_loss":0,"event_name":"Scrap Ooze","floor":5,"gold_loss":0},{"cards_removed":["Defend_G"],"damage_healed":0,"gold_gain":0,"player_choice":"Card Removal","damage_taken":0,"max_hp_gain":0,"max_hp_loss":0,"event_name":"The Cleric","floor":12,"gold_loss":50},{"damage_healed":0,"gold_gain":0,"player_choice":"Obtain J.A.X.","damage_taken":0,"max_hp_gain":0,"max_hp_loss":0,"event_name":"Drug Dealer","floor":21,"gold_loss":0,"cards_obtained":["J.A.X."]},{"damage_healed":0,"gold_gain":0,"player_choice":"Opened","damage_taken":0,"relics_obtained":["PreservedInsect"],"max_hp_gain":0,"max_hp_loss":0,"event_name":"The Mausoleum","floor":28,"gold_loss":0,"cards_obtained":["Writhe"]},{"damage_healed":0,"gold_gain":99,"player_choice":"Stole From Cult","damage_taken":0,"max_hp_gain":0,"max_hp_loss":0,"event_name":"Nest","floor":30,"gold_loss":0},{"damage_healed":0,"gold_gain":75,"player_choice":"Touch","damage_taken":9,"max_hp_gain":0,"max_hp_loss":0,"event_name":"FaceTrader","floor":36,"gold_loss":0},{"damage_healed":89,"gold_gain":0,"player_choice":"Full Heal","damage_taken":0,"max_hp_gain":0,"max_hp_loss":0,"event_name":"Wheel of Change","floor":45,"gold_loss":0},{"damage_healed":0,"gold_gain":333,"player_choice":"Gave Idol","damage_taken":0,"max_hp_gain":0,"max_hp_loss":0,"event_name":"The Moai Head","floor":47,"relics_lost":["Golden Idol"],"gold_loss":0},{"damage_healed":26,"gold_gain":0,"player_choice":"Writhe","damage_taken":0,"max_hp_gain":0,"max_hp_loss":0,"event_name":"Winding Halls","floor":48,"gold_loss":0,"cards_obtained":["Writhe"]}],"is_beta":false,"boss_relics":[{"not_picked":["Coffee Dripper","Sozu"],"picked":"Black Star"},{"not_picked":["Calling Bell","Cursed Key"],"picked":"Fusion Hammer"}],"items_purged_floors":[20,37,53],"is_endless":false,"potions_floor_spawned":[2,6,8,14,25,31,38,39,42,46],"killed_by":"The Heart","ascension_level":1}