{"gold_per_floor":[118,118,43,61,61,97,97,97,97,97,111,147,172,191,191,319,319,339,363,363],"floor_reached":20,"playtime":1573,"items_purged":["Strike_R"],"score":184,"play_id":"4202c7a6-8d29-4896-87aa-42c88b6f9ac9","local_time":"20181219005730","is_ascension_mode":false,"campfire_choices":[{"data":"Bash","floor":8,"key":"SMITH"},{"floor":15,"key":"REST"}],"neow_cost":"NONE","seed_source_timestamp":50054374645520,"circlet_count":0,"master_deck":["Strike_R","Strike_R","Strike_R","Strike_R","Defend_R+1","Defend_R+1","Defend_R","Defend_R","Bash+1","Cleave","Rampage","Rampage","Armaments","Warcry","Shockwave"],"relics":["Burning Blood","PreservedInsect","Golden Idol","Smiling Mask","Bronze Scales","Pear","War Paint","Orrery"],"potions_floor_usage":[12,16,16,19,19],"damage_taken":[{"damage":7,"enemies":"Small Slimes","floor":1,"turns":6},{"damage":1,"enemies":"2 Louse","floor":4,"turns":2},{"damage":14,"enemies":"Gremlin Nob","floor":6,"turns":3},{"damage":1,"enemies":"Jaw Worm","floor":11,"turns":5},{"damage":26,"enemies":"Lagavulin","floor":12,"turns":5},{"damage":12,"enemies":"Gremlin Gang","floor":13,"turns":5},{"damage":10,"enemies":"Looter","floor":14,"turns":2},{"damage":33,"enemies":"The Guardian","floor":16,"turns":12},{"damage":21,"enemies":"Chosen","floor":18,"turns":5},{"damage":20,"enemies":"Shell Parasite","floor":19,"turns":6},{"damage":63,"enemies":"Sentry and Sphere","floor":20,"turns":7}],"seed_played":"1351138265293800755","potions_obtained":[{"floor":1,"key":"Energy Potion"},{"floor":13,"key":"Fire Potion"},{"floor":14,"key":"Poison Potion"},{"floor":16,"key":"Weak Potion"},{"floor":18,"key":"Poison Potion"}],"is_trial":false,"path_per_floor":["M","?","$","M","$","E","?","R","T","?","M","E","M","M","R","B",null,"M","M","M"],"character_chosen":"IRONCLAD","items_purchased":[],"campfire_rested":1,"item_purchase_floors":[],"current_hp_per_floor":[79,59,59,64,64,56,53,53,63,63,68,48,42,38,65,38,90,75,61,0],"gold":363,"neow_bonus":"RANDOM_COMMON_RELIC","is_prod":false,"is_daily":false,"chose_seed":false,"campfire_upgraded":1,"win_rate":0,"timestamp":1545177450,"path_taken":["M","?","$","M","$","E","?","R","T","?","M","E","M","M","R","BOSS","M","?","M"],"build_version":"2018-12-13","purchased_purges":1,"victory":false,"max_hp_per_floor":[80,80,80,80,80,80,80,80,90,90,90,90,90,90,90,90,90,90,90,90],"card_choices":[{"not_picked":["Spot Weakness","Clash","Thunderclap"],"picked":"SKIP","floor":1},{"not_picked":["Bloodletting","Pommel Strike","Warcry"],"picked":"SKIP","floor":4},{"not_picked":["Armaments","Pummel","Battle Trance"],"picked":"SKIP","floor":6},{"not_picked":["Spot Weakness","Thunderclap","Fire Breathing"],"picked":"SKIP","floor":11},{"not_picked":["Headbutt","Dual Wield","True Grit"],"picked":"SKIP","floor":12},{"not_picked":["Havoc","Thunderclap"],"picked":"Cleave","floor":13},{"not_picked":["Warcry","Flex","Havoc"],"picked":"SKIP","floor":14},{"not_picked":["Bloodletting","Metallicize"],"picked":"Rampage","floor":17},{"not_picked":["Searing Blow","Warcry"],"picked":"Rampage","floor":17},{"not_picked":["Feel No Pain","Heavy Blade"],"picked":"Armaments","floor":17},{"not_picked":["Heavy Blade","Havoc"],"picked":"Warcry","floor":17},{"not_picked":["Clothesline+1","Heavy Blade","Clash"],"picked":"SKIP","floor":18},{"not_picked":["Disarm","Searing Blow"],"picked":"Shockwave","floor":19}],"player_experience":336341,"relics_obtained":[{"floor":6,"key":"Smiling Mask"},{"floor":9,"key":"Pear"},{"floor":12,"key":"War Paint"}],"event_choices":[{"damage_healed":0,"gold_gain":0,"player_choice":"Take Damage","damage_taken":20,"relics_obtained":["Golden Idol"],"max_hp_gain":0,"max_hp_loss":0,"event_name":"Golden Idol","floor":2,"gold_loss":0},{"damage_healed":0,"gold_gain":0,"player_choice":"Success","damage_taken":3,"relics_obtained":["Bronze Scales"],"max_hp_gain":0,"max_hp_loss":0,"event_name":"Scrap Ooze","floor":7,"gold_loss":0},{"damage_healed":0,"gold_gain":0,"player_choice":"Bought 0 Potions","damage_taken":0,"max_hp_gain":0,"max_hp_loss":0,"event_name":"The Woman in Blue","floor":10,"gold_loss":0}],"is_beta":false,"boss_relics":[{"not_picked":["Black Star","Lizard Tail"],"picked":"Orrery"}],"items_purged_floors":[3],"is_endless":false,"potions_floor_spawned":[1,13,14,16,18],"killed_by":"Sentry and Sphere","ascension_level":0}