{"gold_per_floor":[118,118,131,306,306,340,340,368,368,394,407,407,435,435,435,539,539,553,468,568,585,598,598,625,625,705,361,691,691,702,735,735,840,840,851,867,387,387,433,433],"floor_reached":40,"playtime":2609,"items_purged":["Defend_R","Defend_R"],"score":592,"play_id":"75b18bb5-828b-436b-bd76-18075df5180a","local_time":"20190620233547","is_ascension_mode":true,"campfire_choices":[{"floor":7.0,"key":"REST"},{"floor":12.0,"key":"RECALL"},{"data":"Infernal Blade","floor":15.0,"key":"SMITH"},{"data":"Flex","floor":23.0,"key":"SMITH"},{"data":"Limit Break","floor":25.0,"key":"SMITH"},{"floor":29.0,"key":"REST"},{"floor":32.0,"key":"REST"}],"neow_cost":"NONE","seed_source_timestamp":0,"circlet_count":0,"master_deck":["Strike_R","Strike_R","Strike_R","Strike_R","Strike_R","Defend_R","Bash","Wild Strike","Pommel Strike","Armaments","Rampage","Flex+1","Burning Pact","Infernal Blade+1","Combust","Limit Break+1","Perfected Strike+1","Perfected Strike+1","Spot Weakness","Wild Strike","Twin Strike+1","Flex","Offering","Wild Strike+1","Thunderclap+1","Pommel Strike+1","Wild Strike+1","Warcry+1","Disarm+1","Twin Strike+1","Heavy Blade","Secret Weapon","Thunderclap+1"],"special_seed":0,"relics":["Burning Blood","Dream Catcher","Blood Vial","Magic Flower","Smiling Mask","Shuriken","Pen Nib","StoneCalendar","Philosopher\u0027s Stone","Centennial Puzzle","Blue Candle","Torii","Old Coin","Bird Faced Urn","Orrery","Whetstone","Matryoshka","WingedGreaves"],"potions_floor_usage":[],"damage_taken":[{"damage":5.0,"enemies":"Small Slimes","floor":1.0,"turns":4.0},{"damage":2.0,"enemies":"2 Louse","floor":3.0,"turns":3.0},{"damage":58.0,"enemies":"Lagavulin","floor":6.0,"turns":9.0},{"damage":15.0,"enemies":"Gremlin Nob","floor":8.0,"turns":4.0},{"damage":40.0,"enemies":"Lagavulin","floor":10.0,"turns":6.0},{"damage":0.0,"enemies":"Cultist","floor":11.0,"turns":2.0},{"damage":0.0,"enemies":"Gremlin Nob","floor":13.0,"turns":2.0},{"damage":31.0,"enemies":"The Guardian","floor":16.0,"turns":7.0},{"damage":9.0,"enemies":"Chosen","floor":18.0,"turns":2.0},{"damage":14.0,"enemies":"2 Thieves","floor":21.0,"turns":3.0},{"damage":0.0,"enemies":"Snecko","floor":22.0,"turns":2.0},{"damage":30.0,"enemies":"Book of Stabbing","floor":24.0,"turns":3.0},{"damage":41.0,"enemies":"Slavers","floor":28.0,"turns":3.0},{"damage":2.0,"enemies":"Cultist and Chosen","floor":30.0,"turns":3.0},{"damage":37.0,"enemies":"Gremlin Leader","floor":31.0,"turns":3.0},{"damage":63.0,"enemies":"Champ","floor":33.0,"turns":7.0},{"damage":34.0,"enemies":"3 Darklings","floor":35.0,"turns":3.0},{"damage":1.0,"enemies":"3 Shapes","floor":36.0,"turns":3.0},{"damage":51.0,"enemies":"2 Orb Walkers","floor":39.0,"turns":4.0},{"damage":1,"enemies":"Reptomancer","floor":40,"turns":1}],"seed_played":"-5050598924884653065","potions_obtained":[{"floor":6.0,"key":"Explosive Potion"},{"floor":10.0,"key":"FearPotion"},{"floor":11.0,"key":"AttackPotion"},{"floor":24.0,"key":"Energy Potion"},{"floor":28.0,"key":"Weak Potion"},{"floor":33.0,"key":"SpeedPotion"},{"floor":35.0,"key":"EssenceOfSteel"},{"floor":36.0,"key":"SteroidPotion"},{"floor":39.0,"key":"EntropicBrew"}],"is_trial":false,"path_per_floor":["M","?","M","?","?","E","R","E","T","E","M","R","E","?","R","B",null,"M","?","?","M","M","R","E","R","T","$","E","R","M","E","R","B",null,"M","M","$","?","?","E"],"character_chosen":"IRONCLAD","items_purchased":["Torii","Whetstone","Heavy Blade","Matryoshka"],"campfire_rested":3,"item_purchase_floors":[27,37,37,37],"current_hp_per_floor":[80,80,80,80,80,28,52,49,49,21,33,33,45,45,45,26,80,80,80,80,75,80,80,59,59,59,59,30,54,64,39,63,12,80,58,69,69,69,30,32],"gold":433,"neow_bonus":"RANDOM_COMMON_RELIC","is_prod":false,"is_daily":false,"chose_seed":false,"campfire_upgraded":3,"win_rate":0,"timestamp":1561098947,"path_taken":["M","?","M","?","?","E","R","E","T","E","?","R","E","?","R","BOSS","M","?","?","M","M","R","E","R","T","$","E","R","?","E","R","BOSS","M","M","$","?","?","E"],"build_version":"2019-01-23","purchased_purges":2,"victory":false,"max_hp_per_floor":[80,80,80,80,80,80,80,80,80,80,80,80,80,80,80,80,80,80,80,80,80,80,80,80,80,80,80,80,80,80,80,80,80,80,80,80,80,80,80,80],"card_choices":[{"not_picked":["True Grit","Anger"],"picked":"Wild Strike","floor":1.0},{"not_picked":["Body Slam","True Grit","Havoc"],"picked":"SKIP","floor":3.0},{"not_picked":["Warcry","Havoc"],"picked":"Pommel Strike","floor":6.0},{"not_picked":["Anger","Searing Blow"],"picked":"Armaments","floor":7.0},{"not_picked":["Blood for Blood","Warcry"],"picked":"Rampage","floor":8.0},{"not_picked":["Perfected Strike","Anger"],"picked":"Flex","floor":10.0},{"not_picked":["Hemokinesis","Headbutt"],"picked":"Burning Pact","floor":11.0},{"not_picked":["Dropkick","Impervious"],"picked":"Infernal Blade","floor":13.0},{"not_picked":["Reaper","Demon Form"],"picked":"Limit Break","floor":16.0},{"not_picked":["Pommel Strike","Battle Trance"],"picked":"Perfected Strike+1","floor":18.0},{"not_picked":["Headbutt","Blood for Blood","Searing Blow+1"],"picked":"SKIP","floor":21.0},{"not_picked":["Clothesline","True Grit"],"picked":"Perfected Strike","floor":22.0},{"not_picked":["Fiend Fire","Flex"],"picked":"Spot Weakness","floor":24.0},{"not_picked":["True Grit","Body Slam"],"picked":"Wild Strike","floor":28.0},{"not_picked":["Bloodletting","Perfected Strike"],"picked":"Twin Strike+1","floor":29.0},{"not_picked":["Body Slam+1","Warcry+1"],"picked":"Flex","floor":30.0},{"not_picked":["Sword Boomerang+1","True Grit+1","Clothesline"],"picked":"SKIP","floor":31.0},{"not_picked":["Bludgeon","Demon Form"],"picked":"Offering","floor":33.0},{"not_picked":["Iron Wave","Burning Pact"],"picked":"Wild Strike+1","floor":34.0},{"not_picked":["Armaments+1","Anger"],"picked":"Thunderclap+1","floor":34.0},{"not_picked":["Havoc+1","Rampage"],"picked":"Pommel Strike","floor":34.0},{"not_picked":["Bloodletting","Clash"],"picked":"Wild Strike+1","floor":34.0},{"not_picked":["Clothesline","Body Slam"],"picked":"Warcry+1","floor":34.0},{"not_picked":["Feel No Pain+1","Sword Boomerang+1"],"picked":"Disarm+1","floor":35.0},{"not_picked":["Armaments","Limit Break"],"picked":"Twin Strike+1","floor":36.0},{"not_picked":["Forethought","Dramatic Entrance"],"picked":"Secret Weapon","floor":38.0},{"not_picked":["Combust","True Grit+1"],"picked":"Thunderclap+1","floor":39.0}],"player_experience":100272,"relics_obtained":[{"floor":6.0,"key":"Magic Flower"},{"floor":8.0,"key":"Smiling Mask"},{"floor":9.0,"key":"Shuriken"},{"floor":10.0,"key":"Pen Nib"},{"floor":13.0,"key":"StoneCalendar"},{"floor":24.0,"key":"Blue Candle"},{"floor":28.0,"key":"Old Coin"},{"floor":31.0,"key":"Bird Faced Urn"},{"floor":39.0,"key":"WingedGreaves"}],"event_choices":[{"damage_healed":0.0,"max_hp_gain":0.0,"max_hp_loss":0.0,"gold_gain":0.0,"event_name":"Big Fish","player_choice":"Box","floor":2.0,"gold_loss":0.0,"damage_taken":0.0,"relics_obtained":["Blood Vial"],"cards_obtained":["Regret"]},{"damage_healed":0.0,"max_hp_gain":0.0,"max_hp_loss":0.0,"gold_gain":175.0,"event_name":"Liars Game","player_choice":"AGREE","floor":4.0,"gold_loss":0.0,"damage_taken":0.0,"cards_obtained":["Doubt"]},{"cards_removed":["Doubt","Regret"],"damage_healed":0.0,"max_hp_gain":0.0,"max_hp_loss":0.0,"gold_gain":0.0,"event_name":"Fountain of Cleansing","player_choice":"Removed Curses","floor":5.0,"gold_loss":0.0,"damage_taken":0.0},{"damage_healed":0.0,"max_hp_gain":0.0,"max_hp_loss":0.0,"gold_gain":0.0,"cards_transformed":["Defend_R"],"event_name":"Transmorgrifier","player_choice":"Transformed","floor":14.0,"gold_loss":0.0,"damage_taken":0.0,"cards_obtained":["Combust"]},{"damage_healed":0.0,"max_hp_gain":0.0,"max_hp_loss":0.0,"gold_gain":0.0,"event_name":"Addict","player_choice":"Obtained Relic","floor":19.0,"gold_loss":85.0,"damage_taken":0.0,"relics_obtained":["Centennial Puzzle"]},{"damage_healed":0.0,"max_hp_gain":0.0,"max_hp_loss":0.0,"gold_gain":100.0,"event_name":"Golden Shrine","player_choice":"Pray","floor":20.0,"gold_loss":0.0,"damage_taken":0.0},{"damage_healed":0.0,"max_hp_gain":0.0,"max_hp_loss":0.0,"gold_gain":0.0,"event_name":"SensoryStone","player_choice":"Memory 1","floor":38.0,"gold_loss":0.0,"damage_taken":0.0},{"damage_healed":0.0,"max_hp_gain":0.0,"max_hp_loss":0.0,"gold_gain":0.0,"event_name":"Mysterious Sphere","player_choice":"Fight","floor":39.0,"gold_loss":0.0,"damage_taken":0.0}],"is_beta":false,"boss_relics":[{"not_picked":["Tiny House","Coffee Dripper"],"picked":"Philosopher\u0027s Stone"},{"not_picked":["Busted Crown","Pandora\u0027s Box"],"picked":"Orrery"}],"items_purged_floors":[27,37],"is_endless":false,"potions_floor_spawned":[6,10,11,24,28,33,35,36,39],"killed_by":"Reptomancer","ascension_level":2}