{"gold_per_floor":[118,133,133,133,148,148,180,198,198,198,198],"floor_reached":11,"playtime":282,"items_purged":[],"score":146,"play_id":"18712659-44d1-4bf8-9c97-a020951bd9c4","local_time":"20181127062852","is_ascension_mode":true,"campfire_choices":[{"data":"Streamline","floor":6,"key":"SMITH"},{"data":"Zap","floor":10,"key":"SMITH"}],"neow_cost":"NONE","seed_source_timestamp":652469904549214,"circlet_count":0,"master_deck":["AscendersBane","Strike_B","Strike_B","Strike_B","Defend_B","Defend_B","Defend_B","Defend_B","Zap+1","Dualcast","Conserve Battery","Streamline+1","Rip and Tear","Reinforced Body"],"relics":["Cracked Core","NeowsBlessing","Sundial","Frozen Egg 2"],"potions_floor_usage":[],"damage_taken":[{"damage":0,"enemies":"Jaw Worm","floor":1,"turns":1},{"damage":0,"enemies":"Cultist","floor":2,"turns":1},{"damage":0,"enemies":"2 Louse","floor":5,"turns":1},{"damage":36,"enemies":"Gremlin Nob","floor":7,"turns":4},{"damage":4,"enemies":"Red Slaver","floor":8,"turns":3},{"damage":32,"enemies":"Large Slime","floor":11,"turns":7}],"seed_played":"-5735436173106415999","potions_obtained":[{"floor":7,"key":"Poison Potion"}],"is_trial":false,"path_per_floor":["M","M","?","$","M","R","E","M","T","R","M"],"character_chosen":"DEFECT","items_purchased":[],"campfire_rested":0,"item_purchase_floors":[],"current_hp_per_floor":[64,64,64,64,64,64,28,24,24,24,0],"gold":198,"neow_bonus":"THREE_ENEMY_KILL","is_prod":false,"is_daily":false,"chose_seed":false,"campfire_upgraded":2,"win_rate":0,"timestamp":1543267732,"path_taken":["M","M","?","$","?","R","E","M","T","R","M"],"build_version":"2018-11-15","purchased_purges":0,"victory":false,"max_hp_per_floor":[71,71,71,71,71,71,71,71,71,71,71],"card_choices":[{"not_picked":["Redo","Gash"],"picked":"Conserve Battery","floor":1},{"not_picked":["Chaos","Gash"],"picked":"Streamline","floor":2},{"not_picked":["Auto Shields","Steam Power"],"picked":"Rip and Tear","floor":5},{"not_picked":["Sweeping Beam","Stack"],"picked":"Reinforced Body","floor":7},{"not_picked":["Barrage","Gash","Reprogram"],"picked":"SKIP","floor":8}],"player_experience":455500,"relics_obtained":[{"floor":7,"key":"Sundial"},{"floor":9,"key":"Frozen Egg 2"}],"event_choices":[{"cards_removed":["Strike_B"],"damage_healed":0,"gold_gain":0,"player_choice":"Purged","damage_taken":0,"max_hp_gain":0,"max_hp_loss":0,"event_name":"Purifier","floor":3,"gold_loss":0}],"is_beta":false,"boss_relics":[],"items_purged_floors":[],"is_endless":false,"potions_floor_spawned":[7],"killed_by":"Large Slime","ascension_level":20}