{"gold_per_floor":[110,110,110,125,143,174,174,207,231,265,265,297,317,317,317,420,420,438,458,5,5,23,58,74,109,136,136,136,136,154,154,154,249,249,261,261,276,376,33,68,80,108,120,159,183,211,252,280,292,304,316,328,10,44,44],"floor_reached":56,"playtime":6771,"items_purged":["Decay","Tempest"],"score":1588,"play_id":"12f98b85-5569-4ac6-8d27-ac8de9b35f11","local_time":"20190716215457","is_ascension_mode":true,"campfire_choices":[{"data":"Self Repair","floor":7,"key":"SMITH"},{"floor":11,"key":"REST"},{"data":"Streamline","floor":15,"key":"SMITH"},{"floor":29,"key":"REST"},{"floor":32,"key":"REST"},{"floor":41,"key":"RECALL"},{"data":"Amplify","floor":49,"key":"SMITH"},{"data":"Loop","floor":52,"key":"SMITH"}],"neow_cost":"NONE","seed_source_timestamp":271234352711900,"circlet_count":0,"master_deck":["Streamline+1","Self Repair+1","FTL","Streamline","Core Surge","Gash+1","Amplify+1","Glacier","Stack","Creative AI","Glacier","Meteor Strike","Hologram","Darkness","Melter+1","Hologram","Loop","Violence","Capacitor","Consume","Sunder+1","Storm+1","BootSequence+1","FTL+1","Echo Form","Recycle+1","Creative AI","Loop","Thinking Ahead","Beam Cell+1","Self Repair+1","All For One+1","Loop+1","Steam+1","Scrape+1","Steam+1","Secret Technique+1","Static Discharge","Recycle+1"],"relics":["Cracked Core","Pen Nib","Bag of Preparation","Vajra","War Paint","Ornamental Fan","Oddly Smooth Stone","FaceOfCleric","Pandora\u0027s Box","Mummified Hand","Dream Catcher","Whetstone","PreservedInsect","Nilry\u0027s Codex","Pantograph","Molten Egg 2","Black Star","StoneCalendar","MawBank","Sundial","Potion Belt","Toxic Egg 2","Bronze Scales","Strawberry","FossilizedHelix","Happy Flower"],"potions_floor_usage":[12,12,16,24,30,46,50,50,50,54],"damage_taken":[{"damage":0,"enemies":"Small Slimes","floor":1,"turns":3},{"damage":3,"enemies":"Jaw Worm","floor":4,"turns":4},{"damage":11,"enemies":"2 Louse","floor":5,"turns":3},{"damage":15,"enemies":"Gremlin Nob","floor":6,"turns":4},{"damage":30,"enemies":"3 Sentries","floor":8,"turns":6},{"damage":23,"enemies":"Lagavulin","floor":10,"turns":6},{"damage":0,"enemies":"Gremlin Nob","floor":12,"turns":3},{"damage":1,"enemies":"Gremlin Gang","floor":13,"turns":5},{"damage":30,"enemies":"Hexaghost","floor":16,"turns":7},{"damage":4,"enemies":"3 Byrds","floor":18,"turns":7},{"damage":2,"enemies":"Shell Parasite","floor":19,"turns":5},{"damage":14,"enemies":"Snake Plant","floor":22,"turns":5},{"damage":9,"enemies":"Book of Stabbing","floor":23,"turns":7},{"damage":44,"enemies":"Cultist and Chosen","floor":24,"turns":6},{"damage":26,"enemies":"Slavers","floor":25,"turns":5},{"damage":27,"enemies":"Shelled Parasite and Fungi","floor":30,"turns":3},{"damage":20,"enemies":"Automaton","floor":33,"turns":7},{"damage":0,"enemies":"3 Darklings","floor":35,"turns":2},{"damage":51,"enemies":"3 Shapes","floor":37,"turns":3},{"damage":30,"enemies":"Mind Bloom Boss Battle","floor":38,"turns":5},{"damage":0,"enemies":"Reptomancer","floor":40,"turns":4},{"damage":27,"enemies":"3 Darklings","floor":42,"turns":3},{"damage":0,"enemies":"Nemesis","floor":44,"turns":5},{"damage":67,"enemies":"Writhing Mass","floor":45,"turns":4},{"damage":0,"enemies":"Spire Growth","floor":46,"turns":2},{"damage":4,"enemies":"Reptomancer","floor":47,"turns":3},{"damage":0,"enemies":"Maw","floor":48,"turns":4},{"damage":39,"enemies":"Time Eater","floor":50,"turns":4},{"damage":62,"enemies":"Shield and Spear","floor":54,"turns":5},{"damage":89,"enemies":"The Heart","floor":55,"turns":6}],"seed_played":"-6377749163416740584","potions_obtained":[{"floor":4,"key":"LiquidBronze"},{"floor":6,"key":"SteroidPotion"},{"floor":10,"key":"FearPotion"},{"floor":13,"key":"FearPotion"},{"floor":18,"key":"Swift Potion"},{"floor":25,"key":"AttackPotion"},{"floor":33,"key":"LiquidBronze"},{"floor":35,"key":"Ancient Potion"},{"floor":45,"key":"Swift Potion"},{"floor":46,"key":"Ancient Potion"}],"is_trial":false,"path_per_floor":["M","?","?","M","M","E","R","E","T","E","R","E","M","?","R","B",null,"M","M","$","?","M","E","M","E","T","?","T","R","M","?","R","B",null,"M","?","M","?","$","E","R","M","T","E","M","M","E","M","R","B",null,"R","$","E","B",null],"character_chosen":"DEFECT","items_purchased":["Mummified Hand","Violence","Capacitor","Loop","Thinking Ahead","Secret Technique+1","Static Discharge"],"campfire_rested":3,"item_purchase_floors":[20,20,20,39,39,53,53],"current_hp_per_floor":[82,75,72,69,65,57,57,37,37,24,48,58,67,67,67,48,83,84,85,85,85,82,84,51,36,36,20,20,46,30,30,57,73,91,92,92,52,68,68,89,89,73,73,97,41,52,66,97,97,100,109,109,109,68,25],"gold":44,"neow_bonus":"TEN_PERCENT_HP_BONUS","is_prod":false,"is_daily":false,"chose_seed":false,"campfire_upgraded":4,"win_rate":0,"timestamp":1563306897,"path_taken":["M","?","?","M","M","E","R","E","T","E","R","E","?","?","R","BOSS","M","?","$","?","M","E","?","E","T","?","?","R","M","?","R","BOSS","M","?","M","?","?","E","R","?","T","E","M","M","E","M","R","BOSS","R","$","E","BOSS"],"build_version":"2019-07-05","purchased_purges":2,"victory":true,"max_hp_per_floor":[82,82,82,82,82,82,82,82,82,82,82,82,82,82,82,83,83,84,85,85,85,86,87,88,89,89,89,89,89,90,90,90,91,91,92,92,93,94,94,95,95,96,96,97,98,99,107,108,108,109,109,109,109,110,111],"card_choices":[{"not_picked":["Leap","Gash"],"picked":"Streamline","floor":1},{"not_picked":["Recycle","Loop"],"picked":"Self Repair","floor":4},{"not_picked":["Consume","Cold Snap"],"picked":"FTL","floor":5},{"not_picked":["Coolheaded","Stack","Leap"],"picked":"SKIP","floor":6},{"not_picked":["Aggregate","Barrage"],"picked":"Streamline","floor":8},{"not_picked":["Coolheaded","Steam","Leap"],"picked":"SKIP","floor":10},{"not_picked":["Chaos","Storm"],"picked":"Core Surge","floor":12},{"not_picked":["Reinforced Body","Leap"],"picked":"Gash","floor":13},{"not_picked":["Biased Cognition","Fission"],"picked":"Amplify","floor":16},{"not_picked":["Stack","Sweeping Beam"],"picked":"Hologram","floor":18},{"not_picked":["Leap","Self Repair"],"picked":"Loop","floor":19},{"not_picked":["Conserve Battery","Sweeping Beam+1"],"picked":"Consume","floor":22},{"not_picked":["Auto Shields","Undo","Rebound+1"],"picked":"SKIP","floor":23},{"not_picked":["Steam","Sweeping Beam"],"picked":"Sunder+1","floor":24},{"not_picked":["Steam Power","Sweeping Beam"],"picked":"Tempest","floor":25},{"not_picked":["Stack+1","Conserve Battery"],"picked":"Storm+1","floor":29},{"not_picked":["Chaos+1","Rip and Tear"],"picked":"BootSequence+1","floor":30},{"not_picked":["Lockon+1","Conserve Battery"],"picked":"FTL+1","floor":32},{"not_picked":["Amplify","Creative AI"],"picked":"Echo Form","floor":33},{"not_picked":["Melter+1","Conserve Battery+1","Cold Snap+1"],"picked":"SKIP","floor":35},{"not_picked":["Cold Snap+1","Redo"],"picked":"Recycle+1","floor":37},{"not_picked":["Beam Cell+1","Glacier+1"],"picked":"Creative AI","floor":38},{"not_picked":["Aggregate","Conserve Battery"],"picked":"Beam Cell+1","floor":40},{"not_picked":["Conserve Battery+1","Redo"],"picked":"Self Repair+1","floor":42},{"not_picked":["Turbo","Glacier"],"picked":"All For One+1","floor":44},{"not_picked":["Gash+1","Steam Power+1"],"picked":"Loop","floor":45},{"not_picked":["Redo+1","Compile Driver+1"],"picked":"Steam+1","floor":46},{"not_picked":["Blizzard+1","Rip and Tear+1"],"picked":"Scrape+1","floor":47},{"not_picked":["Beam Cell+1","Rebound+1"],"picked":"Steam+1","floor":48},{"not_picked":["Ball Lightning+1","Go for the Eyes+1"],"picked":"Recycle+1","floor":54}],"player_experience":149471,"relics_obtained":[{"floor":6,"key":"Bag of Preparation"},{"floor":8,"key":"Vajra"},{"floor":9,"key":"War Paint"},{"floor":10,"key":"Ornamental Fan"},{"floor":12,"key":"Oddly Smooth Stone"},{"floor":23,"key":"Dream Catcher"},{"floor":25,"key":"Whetstone"},{"floor":26,"key":"PreservedInsect"},{"floor":27,"key":"Nilry\u0027s Codex"},{"floor":28,"key":"Pantograph"},{"floor":38,"key":"StoneCalendar"},{"floor":40,"key":"MawBank"},{"floor":40,"key":"Sundial"},{"floor":44,"key":"Potion Belt"},{"floor":44,"key":"Toxic Egg 2"},{"floor":47,"key":"Bronze Scales"},{"floor":47,"key":"Strawberry"},{"floor":54,"key":"FossilizedHelix"},{"floor":54,"key":"Happy Flower"}],"event_choices":[{"cards_removed":["Dualcast"],"damage_healed":0,"gold_gain":0,"player_choice":"Card Removal","damage_taken":7,"max_hp_gain":0,"max_hp_loss":0,"event_name":"Golden Wing","floor":2,"gold_loss":0},{"damage_healed":0,"gold_gain":0,"player_choice":"Success","damage_taken":3,"relics_obtained":["Pen Nib"],"max_hp_gain":0,"max_hp_loss":0,"event_name":"Scrap Ooze","floor":3,"gold_loss":0},{"damage_healed":0,"gold_gain":0,"player_choice":"Trade","damage_taken":0,"relics_obtained":["FaceOfCleric"],"max_hp_gain":0,"max_hp_loss":0,"event_name":"FaceTrader","floor":14,"gold_loss":0},{"damage_healed":0,"gold_gain":0,"player_choice":"Cursed","damage_taken":0,"max_hp_gain":0,"max_hp_loss":0,"event_name":"Wheel of Change","floor":21,"gold_loss":0,"cards_obtained":["Decay"]},{"damage_healed":0,"gold_gain":0,"player_choice":"Obtained Book","damage_taken":16,"max_hp_gain":0,"max_hp_loss":0,"event_name":"Cursed Tome","floor":27,"gold_loss":0},{"damage_healed":0,"gold_gain":0,"player_choice":"Opened","damage_taken":0,"relics_obtained":["Molten Egg 2"],"max_hp_gain":0,"max_hp_loss":0,"event_name":"The Mausoleum","floor":31,"gold_loss":0},{"cards_removed":["Zap"],"damage_healed":0,"gold_gain":0,"player_choice":"Removed Skill","damage_taken":0,"max_hp_gain":0,"max_hp_loss":0,"event_name":"Falling","floor":36,"gold_loss":0},{"damage_healed":0,"gold_gain":0,"player_choice":"Fight","damage_taken":0,"max_hp_gain":0,"max_hp_loss":0,"event_name":"MindBloom","floor":38,"gold_loss":0}],"is_beta":false,"boss_relics":[{"not_picked":["Ectoplasm","Nuclear Battery"],"picked":"Pandora\u0027s Box"},{"not_picked":["Lizard Tail","Coffee Dripper"],"picked":"Black Star"}],"items_purged_floors":[39,53],"is_endless":false,"potions_floor_spawned":[4,6,10,13,18,25,33,35,42,45,46],"ascension_level":2}