{"gold_per_floor":[110,128,147,48,48,48,74,74,150,162,189,189,189,206,206,206],"floor_reached":16,"playtime":630,"items_purged":["Normality"],"score":220,"play_id":"f15faa36-e299-4d2f-9e52-a847ebbe20f5","local_time":"20181127011025","is_ascension_mode":true,"campfire_choices":[{"data":"Neutralize","floor":6,"key":"SMITH"},{"data":"Dagger Spray","floor":8,"key":"SMITH"},{"floor":12,"key":"REST"},{"data":"Deadly Poison","floor":15,"key":"SMITH"}],"neow_cost":"CURSE","seed_source_timestamp":633013402198837,"circlet_count":0,"master_deck":["AscendersBane","Defend_G","Defend_G","Defend_G","Defend_G","Defend_G","Strike_G+1","Strike_G","Strike_G+1","Strike_G","Survivor","Neutralize+1","After Image","Dagger Spray+1","Sucker Punch","Deadly Poison+1","Leg Sweep","Blur"],"relics":["Ring of the Snake","Regal Pillow","Whetstone"],"potions_floor_usage":[7,7,11],"damage_taken":[{"damage":0,"enemies":"2 Louse","floor":1,"turns":5},{"damage":8,"enemies":"Cultist","floor":2,"turns":5},{"damage":3,"enemies":"Jaw Worm","floor":3,"turns":5},{"damage":21,"enemies":"Gremlin Nob","floor":7,"turns":5},{"damage":10,"enemies":"Gremlin Gang","floor":10,"turns":5},{"damage":16,"enemies":"3 Sentries","floor":11,"turns":5},{"damage":0,"enemies":"3 Louse","floor":14,"turns":2},{"damage":35,"enemies":"Hexaghost","floor":16,"turns":11}],"seed_played":"-2024222947330658710","potions_obtained":[{"floor":3,"key":"Block Potion"},{"floor":5,"key":"Strength Potion"},{"floor":7,"key":"AttackPotion"},{"floor":14,"key":"Energy Potion"}],"is_trial":false,"path_per_floor":["M","M","M","$","?","R","E","R","T","M","E","R","?","M","R","B"],"character_chosen":"THE_SILENT","items_purchased":["Deadly Poison"],"campfire_rested":1,"item_purchase_floors":[4],"current_hp_per_floor":[59,51,48,48,48,48,27,27,27,17,1,35,35,35,35,0],"gold":206,"neow_bonus":"THREE_RARE_CARDS","is_prod":false,"is_daily":false,"chose_seed":false,"campfire_upgraded":3,"win_rate":0,"timestamp":1543248625,"path_taken":["M","M","M","$","?","R","E","R","T","?","E","R","?","M","R","BOSS"],"build_version":"2018-11-15","purchased_purges":1,"victory":false,"max_hp_per_floor":[66,66,66,66,66,66,66,66,66,66,66,66,66,66,66,66],"card_choices":[{"not_picked":["A Thousand Cuts","Burst"],"picked":"After Image","floor":0},{"not_picked":["Slice","Underhanded Strike"],"picked":"Dagger Spray","floor":1},{"not_picked":["Dodge and Roll","Concentrate","Heel Hook"],"picked":"SKIP","floor":2},{"not_picked":["Bouncing Flask","Backflip"],"picked":"Sucker Punch","floor":3},{"not_picked":["Infinite Blades","Heel Hook","Dagger Spray"],"picked":"SKIP","floor":7},{"not_picked":["Cloak And Dagger","Deadly Poison"],"picked":"Leg Sweep","floor":10},{"not_picked":["Dagger Spray","Distraction"],"picked":"Blur","floor":11},{"not_picked":["Blade Dance","Dagger Spray","Flying Knee"],"picked":"SKIP","floor":14}],"player_experience":446615,"relics_obtained":[{"floor":7,"key":"Regal Pillow"},{"floor":11,"key":"Whetstone"}],"event_choices":[{"damage_healed":0,"gold_gain":0,"player_choice":"Got Potions","damage_taken":0,"max_hp_gain":0,"max_hp_loss":0,"event_name":"Lab","floor":5,"gold_loss":0},{"cards_removed":["Strike_G"],"damage_healed":0,"gold_gain":0,"player_choice":"Purged","damage_taken":0,"max_hp_gain":0,"max_hp_loss":0,"event_name":"Purifier","floor":13,"gold_loss":0}],"is_beta":false,"boss_relics":[],"items_purged_floors":[4],"is_endless":false,"potions_floor_spawned":[3,7,14],"killed_by":"Hexaghost","ascension_level":20}