{"path_per_floor":["M","M","?","M","$","R","?","E","T","E","?","R","M","M","R","B",null,"M","?","?","M","?","R","E","M","T","R","$","M","?","E","R","B",null,"M","M","?","M","?","E","M","R","T","R","M","E","M","M","R"],"character_chosen":"IRONCLAD","items_purchased":["Paper Frog","Double Tap"],"gold_per_floor":[114,126,126,142,67,67,142,173,173,205,205,205,220,241,241,366,366,382,382,307,327,327,327,361,382,408,408,4,27,27,68,68,193,193,209,227,293,314,647,678,697,697,720,720,730,757,775,787,787],"floor_reached":50,"campfire_rested":2,"playtime":7243,"current_hp_per_floor":[80,80,64,70,70,70,59,59,59,44,24,63,69,65,65,29,80,80,80,80,76,76,76,64,69,69,69,69,60,60,60,60,36,80,80,80,77,77,77,64,63,63,63,63,66,68,67,69,80],"items_purged":["Strike_R"],"gold":787,"score":552,"play_id":"a1fae7c6-2f5f-4699-8473-0b37ed1c5c9f","is_prod":false,"is_daily":false,"is_ascension_mode":false,"campfire_upgraded":7,"path_taken":["M","?","?","?","$","R","?","E","T","E","?","R","M","?","R","BOSS","M","?","?","?","?","R","E","M","T","R","$","M","?","E","R","BOSS","M","M","?","M","?","E","M","R","T","R","M","E","M","M","R","BOSS"],"build_version":"2018-02-15-PROD1","purchased_purges":1,"victory":false,"master_deck":["Strike_R+1","Strike_R+1","Strike_R+1","Defend_R+1","Defend_R+1","Defend_R+1","Bash+1","Rampage+1","Warcry+1","Seeing Red+1","Headbutt+1","Bludgeon+1","Shrug It Off+1","Dropkick","Flex+1","Double Tap+1","Spot Weakness+1","Offering+1","Bloodletting+1","Warcry+1","Demon Form+1","Shockwave+1","Infernal Blade+1","Flex+1"],"max_hp_per_floor":[80,80,80,80,80,80,80,80,80,80,80,80,80,80,80,80,80,80,80,80,80,80,80,80,80,80,80,80,80,80,80,80,80,80,80,80,80,80,80,80,80,80,80,80,80,80,80,80,80],"relics":["Burning Blood","Pen Nib","Regal Pillow","Kunai","Bag of Preparation","Black Star","Whetstone","Orichalcum","Lantern","Paper Frog","Darkstone Periapt","Toxic Egg 2","Sozu","Calipers","Dream Catcher","Anchor","Prayer Wheel","Juzu Bracelet","Oddly Smooth Stone"],"card_choices":[{"not_picked":["True Grit","Sever Soul"],"picked":"Rampage"},{"not_picked":["Evolve","Corruption"],"picked":"Warcry"},{"not_picked":["Warcry","Cleave"],"picked":"Seeing Red"},{"not_picked":["Pommel Strike","Iron Wave"],"picked":"Headbutt"},{"not_picked":["Feed","Dark Embrace"],"picked":"Bludgeon"},{"not_picked":["Corruption","Pummel"],"picked":"Shrug It Off"},{"not_picked":["Pummel","Clash"],"picked":"Dropkick"},{"not_picked":["Body Slam","Rupture"],"picked":"Flex"},{"not_picked":["Heavy Blade","Iron Wave"],"picked":"Spot Weakness"},{"not_picked":["Berserk","Juggernaut"],"picked":"Offering"},{"not_picked":["Wild Strike","True Grit"],"picked":"Bloodletting"},{"not_picked":["Body Slam","Pommel Strike"],"picked":"Warcry"},{"not_picked":["Rampage","Power Through"],"picked":"Demon Form"},{"not_picked":["Rampage","Wild Strike"],"picked":"Shockwave"},{"not_picked":["Evolve","Heavy Blade"],"picked":"Infernal Blade"},{"not_picked":["True Grit","Flame Barrier"],"picked":"Flex"}],"player_experience":53363,"potions_floor_usage":[13,18,21,24,24,25,29],"damage_taken":[{"damage":5,"enemies":"Cultist","floor":1,"turns":4},{"damage":3,"enemies":"Small Slimes","floor":2,"turns":2},{"damage":0,"enemies":"2 Louse","floor":4,"turns":2},{"damage":6,"enemies":"Gremlin Nob","floor":8,"turns":3},{"damage":21,"enemies":"Lagavulin","floor":10,"turns":6},{"damage":0,"enemies":"Exordium Wildlife","floor":13,"turns":2},{"damage":10,"enemies":"Lots of Slimes","floor":14,"turns":4},{"damage":42,"enemies":"Hexaghost","floor":16,"turns":7},{"damage":5,"enemies":"Chosen","floor":18,"turns":3},{"damage":10,"enemies":"Shell Parasite","floor":21,"turns":3},{"damage":18,"enemies":"Slavers","floor":24,"turns":5},{"damage":1,"enemies":"Snake Plant","floor":25,"turns":4},{"damage":15,"enemies":"Cultist and Chosen","floor":29,"turns":5},{"damage":6,"enemies":"Book of Stabbing","floor":31,"turns":3},{"damage":30,"enemies":"Champ","floor":33,"turns":6},{"damage":5,"enemies":"3 Darklings","floor":35,"turns":2},{"damage":4,"enemies":"3 Shapes","floor":36,"turns":2},{"damage":9,"enemies":"Mysterious Sphere","floor":37,"turns":2},{"damage":6,"enemies":"3 Darklings","floor":38,"turns":4},{"damage":19,"enemies":"2 Orb Walkers","floor":40,"turns":3},{"damage":7,"enemies":"Sphere and 2 Shapes","floor":41,"turns":3},{"damage":3,"enemies":"Maw","floor":45,"turns":2},{"damage":4,"enemies":"Giant Head","floor":46,"turns":2},{"damage":7,"enemies":"4 Shapes","floor":47,"turns":2},{"damage":4,"enemies":"3 Darklings","floor":48,"turns":2},{"damage":89,"enemies":"Time Eater","floor":50,"turns":7}],"event_choices":[{"event_name":"Shining Light","player_choice":"Entered Light","floor":3,"damage_taken":0},{"event_name":"World of Goop","player_choice":"Gather Gold","floor":7,"damage_taken":0},{"event_name":"Golden Idol","player_choice":"Take Damage","floor":11,"damage_taken":0},{"event_name":"Back to Basics","player_choice":"Simplicity","floor":19,"damage_taken":0},{"event_name":"Beggar","player_choice":"Gave Gold","floor":20,"damage_taken":0},{"event_name":"Bonfire Elementals","player_choice":"BASIC","floor":22,"damage_taken":0},{"event_name":"Accursed Blacksmith","player_choice":"Ignore","floor":30,"damage_taken":0},{"event_name":"Mysterious Sphere","player_choice":"Fight","floor":37,"damage_taken":0},{"event_name":"The Moai Head","player_choice":"Gave Idol","floor":39,"damage_taken":0}],"boss_relics":[{"not_picked":["Snecko Eye","Runic Cube"],"picked":"Black Star"},{"not_picked":["Eternal Feather","Runic Dome"],"picked":"Sozu"}],"potions_floor_spawned":[2,4,10,14,18,21,25,36,40,41,47],"seed_played":"-3683302805317152560","killed_by":"Time Eater","ascension_level":0,"is_trial":false}