{"gold_per_floor":[118,138,138,138,138,166,166,166,166,199,213,213,288,163,163,263,263,263,203,6,6,6,6,6,6,6,6,6,6,6,6,6,6,6,6,6,6,6,6,6,6,6,6,6,6,6,6,6,6,6,6,6,6,6,6],"floor_reached":55,"playtime":5886,"items_purged":["Strike_R"],"score":752,"play_id":"19b32082-5348-4d27-a73d-18388943bedb","local_time":"20190714232823","is_ascension_mode":false,"campfire_choices":[{"data":"Clothesline","floor":7,"key":"SMITH"},{"data":"Pommel Strike","floor":12,"key":"SMITH"},{"floor":15,"key":"REST"},{"data":"Body Slam","floor":24,"key":"SMITH"},{"data":"Flex","floor":30,"key":"SMITH"},{"data":"Flame Barrier","floor":32,"key":"SMITH"},{"floor":40,"key":"RECALL"},{"floor":42,"key":"REST"},{"floor":49,"key":"REST"},{"floor":52,"key":"REST"}],"neow_cost":"NONE","seed_source_timestamp":39798049680745,"circlet_count":0,"master_deck":["Strike_R+1","Strike_R+1","Strike_R+1","Strike_R+1","Defend_R+1","Defend_R+1","Defend_R+1","Defend_R+1","Bash+1","Anger","Clothesline+1","Shockwave","Pommel Strike+1","Shrug It Off","Reaper","Flame Barrier+1","Shrug It Off","Battle Trance","Body Slam+1","Flex+1","Inflame+1","Fiend Fire+1","True Grit+1","Shrug It Off","Armaments+1","Parasite","Heavy Blade","Warcry+1","Madness","Madness"],"relics":["Burning Blood","Centennial Puzzle","Self Forming Clay","Pear","Gremlin Horn","Ectoplasm","PreservedInsect","Orichalcum","Thread and Needle","Fusion Hammer","Ornamental Fan","Bottled Tornado","Bag of Preparation","Boot"],"potions_floor_usage":[10,10,19,55,55,55],"damage_taken":[{"damage":7,"enemies":"Small Slimes","floor":1,"turns":6},{"damage":5,"enemies":"2 Louse","floor":2,"turns":2},{"damage":16,"enemies":"Lagavulin","floor":6,"turns":6},{"damage":25,"enemies":"3 Sentries","floor":10,"turns":9},{"damage":0,"enemies":"Cultist","floor":11,"turns":3},{"damage":21,"enemies":"Slime Boss","floor":16,"turns":10},{"damage":2,"enemies":"Chosen","floor":18,"turns":4},{"damage":5,"enemies":"2 Thieves","floor":19,"turns":3},{"damage":2,"enemies":"Gremlin Leader","floor":23,"turns":5},{"damage":0,"enemies":"3 Cultists","floor":25,"turns":5},{"damage":9,"enemies":"Snake Plant","floor":27,"turns":4},{"damage":3,"enemies":"Snecko","floor":28,"turns":4},{"damage":13,"enemies":"Slavers","floor":29,"turns":4},{"damage":4,"enemies":"Sentry and Sphere","floor":31,"turns":6},{"damage":41,"enemies":"Champ","floor":33,"turns":9},{"damage":2,"enemies":"3 Shapes","floor":35,"turns":2},{"damage":0,"enemies":"Orb Walker","floor":36,"turns":3},{"damage":8,"enemies":"Maw","floor":37,"turns":7},{"damage":1,"enemies":"4 Shapes","floor":39,"turns":3},{"damage":3,"enemies":"Reptomancer","floor":41,"turns":3},{"damage":5,"enemies":"Transient","floor":44,"turns":5},{"damage":2,"enemies":"Giant Head","floor":45,"turns":6},{"damage":6,"enemies":"Writhing Mass","floor":46,"turns":4},{"damage":0,"enemies":"Jaw Worm Horde","floor":47,"turns":3},{"damage":100,"enemies":"Time Eater","floor":50,"turns":14},{"damage":50,"enemies":"Shield and Spear","floor":54,"turns":7},{"damage":57,"enemies":"The Heart","floor":55,"turns":5}],"seed_played":"6636244285430798961","potions_obtained":[{"floor":1,"key":"GamblersBrew"},{"floor":6,"key":"SteroidPotion"},{"floor":18,"key":"Poison Potion"},{"floor":23,"key":"Regen Potion"},{"floor":27,"key":"LiquidBronze"},{"floor":29,"key":"Dexterity Potion"},{"floor":31,"key":"PowerPotion"},{"floor":36,"key":"Strength Potion"}],"is_trial":false,"path_per_floor":["M","M","$","?","$","E","R","?","T","E","M","R","?","$","R","B",null,"M","M","$","?","?","E","R","M","T","M","M","E","R","M","R","B",null,"M","M","M","?","M","R","E","R","T","M","E","M","M","?","R","B",null,"R","$","E","B"],"character_chosen":"IRONCLAD","items_purchased":["Shrug It Off","PreservedInsect","Shrug It Off"],"campfire_rested":4,"item_purchase_floors":[14,20,20],"current_hp_per_floor":[79,80,80,73,73,63,63,63,73,54,60,60,49,49,76,61,90,90,90,90,90,90,90,90,90,90,90,90,83,83,85,85,55,90,90,90,88,88,90,90,90,90,90,90,90,90,90,79,90,9,90,90,90,46,0],"gold":6,"neow_bonus":"UPGRADE_CARD","is_prod":false,"is_daily":false,"chose_seed":false,"campfire_upgraded":5,"win_rate":0,"timestamp":1563139703,"path_taken":["M","M","$","?","$","E","R","?","T","E","M","R","?","$","R","BOSS","M","M","$","?","?","E","R","M","T","M","M","E","R","M","R","BOSS","M","M","M","?","?","R","E","R","T","M","E","M","M","?","R","BOSS","R","$","E","BOSS"],"build_version":"2019-07-05","purchased_purges":1,"victory":false,"max_hp_per_floor":[80,80,80,80,80,80,80,80,90,90,90,90,90,90,90,90,90,90,90,90,90,90,90,90,90,90,90,90,90,90,90,90,90,90,90,90,90,90,90,90,90,90,90,90,90,90,90,90,90,90,90,90,90,90,90],"card_choices":[{"not_picked":["Evolve","Flex"],"picked":"Anger","floor":1},{"not_picked":["Thunderclap","Havoc"],"picked":"Clothesline","floor":2},{"not_picked":["Corruption","Armaments"],"picked":"Shockwave","floor":6},{"not_picked":["Anger","Shockwave","Dark Embrace"],"picked":"SKIP","floor":10},{"not_picked":["Rampage","Clash"],"picked":"Pommel Strike","floor":11},{"not_picked":["Limit Break","Exhume"],"picked":"Reaper","floor":16},{"not_picked":["Clash+1","Wild Strike"],"picked":"Flame Barrier","floor":18},{"not_picked":["Twin Strike","Bloodletting","Heavy Blade+1"],"picked":"SKIP","floor":19},{"not_picked":["Combust","Havoc"],"picked":"Body Slam","floor":23},{"not_picked":["Clash","Seeing Red","Feel No Pain"],"picked":"SKIP","floor":25},{"not_picked":["Clash","Thunderclap+1","Combust"],"picked":"SKIP","floor":27},{"not_picked":["Havoc","Anger"],"picked":"Flex","floor":28},{"not_picked":["Feel No Pain","Clothesline","Uppercut+1"],"picked":"SKIP","floor":29},{"not_picked":["Cleave","Armaments"],"picked":"Inflame+1","floor":31},{"not_picked":["Reaper","Exhume"],"picked":"Fiend Fire","floor":33},{"not_picked":["Perfected Strike+1","Body Slam+1"],"picked":"True Grit+1","floor":35},{"not_picked":["Clash","Havoc","Wild Strike"],"picked":"SKIP","floor":36},{"not_picked":["Feel No Pain","Wild Strike","Flex+1"],"picked":"SKIP","floor":37},{"not_picked":["Thunderclap","Perfected Strike","Combust"],"picked":"SKIP","floor":39},{"not_picked":["Clash","Flex+1"],"picked":"Shrug It Off","floor":41},{"not_picked":["Searing Blow","Clothesline+1","Rampage+1"],"picked":"SKIP","floor":44},{"not_picked":["Shrug It Off","Berserk"],"picked":"Armaments+1","floor":45},{"not_picked":["Clothesline","Armaments+1"],"picked":"Heavy Blade","floor":46},{"not_picked":["Perfected Strike+1","Thunderclap"],"picked":"Warcry+1","floor":47},{"not_picked":["Seeing Red+1","Perfected Strike","Wild Strike+1"],"picked":"SKIP","floor":54}],"player_experience":471313,"relics_obtained":[{"floor":6,"key":"Self Forming Clay"},{"floor":9,"key":"Pear"},{"floor":10,"key":"Gremlin Horn"},{"floor":23,"key":"Orichalcum"},{"floor":29,"key":"Thread and Needle"},{"floor":41,"key":"Ornamental Fan"},{"floor":43,"key":"Bottled Tornado"},{"floor":45,"key":"Bag of Preparation"},{"floor":54,"key":"Boot"}],"event_choices":[{"damage_healed":0,"gold_gain":0,"player_choice":"Success","damage_taken":7,"relics_obtained":["Centennial Puzzle"],"max_hp_gain":0,"max_hp_loss":0,"event_name":"Scrap Ooze","floor":4,"gold_loss":0},{"damage_healed":0,"gold_gain":0,"player_choice":"Ignored","damage_taken":0,"max_hp_gain":0,"max_hp_loss":0,"event_name":"Golden Idol","floor":8,"gold_loss":0},{"damage_healed":0,"gold_gain":75,"player_choice":"Gather Gold","damage_taken":11,"max_hp_gain":0,"max_hp_loss":0,"event_name":"World of Goop","floor":13,"gold_loss":0},{"damage_healed":0,"gold_gain":0,"player_choice":"Read","damage_taken":0,"max_hp_gain":0,"max_hp_loss":0,"event_name":"The Library","floor":21,"gold_loss":0,"cards_obtained":["Battle Trance"]},{"damage_healed":0,"gold_gain":0,"player_choice":"Simplicity","damage_taken":0,"max_hp_gain":0,"max_hp_loss":0,"event_name":"Back to Basics","floor":22,"gold_loss":0,"cards_upgraded":["Strike_R","Strike_R","Strike_R","Strike_R","Defend_R","Defend_R","Defend_R","Defend_R"]},{"damage_healed":0,"gold_gain":0,"player_choice":"Forge","damage_taken":0,"max_hp_gain":0,"max_hp_loss":0,"event_name":"Accursed Blacksmith","floor":38,"gold_loss":0,"cards_upgraded":["Fiend Fire"]},{"damage_healed":0,"gold_gain":0,"player_choice":"Embrace Madness","damage_taken":11,"max_hp_gain":0,"max_hp_loss":0,"event_name":"Winding Halls","floor":48,"gold_loss":0,"cards_obtained":["Madness","Madness"]}],"is_beta":false,"boss_relics":[{"not_picked":["Eternal Feather","Tiny House"],"picked":"Ectoplasm"},{"not_picked":["Snecko Eye","Pandora\u0027s Box"],"picked":"Fusion Hammer"}],"items_purged_floors":[14],"is_endless":false,"potions_floor_spawned":[1,6,18,23,27,29,31,36,37,39],"killed_by":"The Heart","ascension_level":0}