{"gold_per_floor":[166,166,91,106,122,148,148,209,255,255],"floor_reached":10,"playtime":801,"items_purged":["Pain"],"score":109,"play_id":"4c379ee8-5ce9-4453-bdd7-1cab391af5e1","local_time":"20190716200130","is_ascension_mode":true,"campfire_choices":[{"floor":7,"key":"RECALL"}],"neow_cost":"NONE","seed_source_timestamp":270380189718600,"circlet_count":0,"master_deck":["Strike_B","Strike_B","Strike_B","Strike_B","Defend_B","Defend_B","Defend_B","Defend_B","Zap+1","Dualcast","Scrape","Turbo","Loop","Heatsinks","FTL","Chill"],"special_seed":0,"relics":["Tiny House","WarpedTongs","Pear","Tiny Chest"],"potions_floor_usage":[8,8,8],"damage_taken":[{"damage":9.0,"enemies":"2 Louse","floor":1.0,"turns":3.0},{"damage":1,"enemies":"Cultist","floor":4,"turns":3},{"damage":0,"enemies":"Small Slimes","floor":5,"turns":3},{"damage":25,"enemies":"3 Sentries","floor":6,"turns":9},{"damage":25,"enemies":"Lagavulin","floor":8,"turns":6},{"damage":30,"enemies":"Gremlin Nob","floor":10,"turns":3}],"seed_played":"555045372460571453","potions_obtained":[{"floor":0.0,"key":"FocusPotion"},{"floor":1.0,"key":"Swift Potion"},{"floor":5,"key":"Weak Potion"}],"is_trial":false,"path_per_floor":["M","?","$","M","M","E","R","E","T","E"],"character_chosen":"DEFECT","items_purchased":[],"campfire_rested":0,"item_purchase_floors":[],"current_hp_per_floor":[71,71,71,70,70,55,55,30,30,0],"gold":255,"neow_bonus":"BOSS_RELIC","is_prod":false,"is_daily":false,"chose_seed":false,"campfire_upgraded":0,"win_rate":0,"timestamp":1563300090,"path_taken":["M","?","?","?","M","E","R","E","T","E"],"build_version":"2019-07-05","purchased_purges":1,"victory":false,"max_hp_per_floor":[80,80,80,80,80,90,90,90,90,90],"card_choices":[{"not_picked":["Melter","Lockon"],"picked":"Scrape","floor":0.0},{"not_picked":["Steam Power","Stack"],"picked":"Turbo","floor":1.0},{"not_picked":["Coolheaded","Redo"],"picked":"Loop","floor":4},{"not_picked":["Redo","Coolheaded"],"picked":"Heatsinks","floor":5},{"not_picked":["Undo","Compile Driver"],"picked":"FTL","floor":6},{"not_picked":["Darkness","Stack"],"picked":"Chill","floor":8}],"player_experience":148670,"relics_obtained":[{"floor":6,"key":"Pear"},{"floor":8,"key":"Tiny Chest"}],"event_choices":[{"damage_healed":0.0,"max_hp_gain":0.0,"max_hp_loss":0.0,"gold_gain":0.0,"event_name":"Accursed Blacksmith","player_choice":"Rummage","floor":2.0,"gold_loss":0.0,"damage_taken":0.0,"relics_obtained":["WarpedTongs"],"cards_obtained":["Pain"]}],"is_beta":false,"boss_relics":[],"items_purged_floors":[3],"is_endless":false,"potions_floor_spawned":[1,5],"killed_by":"Gremlin Nob","ascension_level":2}