{"gold_per_floor":[114,114,289,304,304,304,25,25,100,100,115,145,160,160,160,260,260,275,290,205,5,5,5,5,5,5,5,35,35,50,80,80,180,180,195,2,2,2,17,17,17],"floor_reached":41,"playtime":4500,"items_purged":[],"score":573,"play_id":"86c3f1a1-ec4c-4d9c-84dc-d36435355801","local_time":"20190702235209","daily_mods":["Draft","Red Cards","Binary"],"is_ascension_mode":false,"campfire_choices":[{"data":"Poisoned Stab","floor":6,"key":"SMITH"},{"data":"Well Laid Plans","floor":8,"key":"SMITH"},{"data":"Quick Slash","floor":10,"key":"SMITH"},{"data":"True Grit","floor":15,"key":"SMITH"},{"data":"Armaments","floor":23,"key":"SMITH"},{"data":"Feel No Pain","floor":25,"key":"SMITH"},{"data":"Bite","floor":27,"key":"SMITH"},{"data":"J.A.X.","floor":32,"key":"SMITH"},{"data":"Demon Form","floor":40,"key":"SMITH"}],"neow_cost":"","seed_source_timestamp":0,"circlet_count":0,"master_deck":["Dodge and Roll","Dodge and Roll","Quick Slash+1","Ghostly Armor","Infernal Blade","Backflip","Poisoned Stab+1","Bouncing Flask","Prepared","Acrobatics","Prepared","Shrug It Off+1","Corruption","Havoc","Terror","Feel No Pain+1","Prepared","Well Laid Plans+1","Bandage Up","Prepared","Ghostly Armor+1","True Grit+1","Bullet Time","Armaments+1","PiercingWail","Bite+1","Bite","Bite","Bite","Bite","J.A.X.+1","Fire Breathing+1","Acrobatics","Juggernaut","Prepared+1","Mayhem","Madness","Madness","Demon Form+1","Swift Strike"],"special_seed":18079,"relics":["Ring of the Snake","Calipers","Oddly Smooth Stone","Mercury Hourglass","Ancient Tea Set","Black Star","Paper Crane","Sling","Incense Burner","Omamori","Matryoshka","Strawberry","Bird Faced Urn","Cursed Key"],"potions_floor_usage":[31,33,33],"damage_taken":[{"damage":0,"enemies":"Small Slimes","floor":1,"turns":2},{"damage":0,"enemies":"Jaw Worm","floor":4,"turns":4},{"damage":0,"enemies":"2 Louse","floor":11,"turns":2},{"damage":0,"enemies":"3 Sentries","floor":12,"turns":5},{"damage":0,"enemies":"Large Slime","floor":13,"turns":4},{"damage":0,"enemies":"Slime Boss","floor":16,"turns":6},{"damage":0,"enemies":"Shell Parasite","floor":18,"turns":4},{"damage":0,"enemies":"Chosen","floor":19,"turns":3},{"damage":18,"enemies":"Gremlin Leader","floor":28,"turns":8},{"damage":1,"enemies":"Centurion and Healer","floor":30,"turns":5},{"damage":25,"enemies":"Slavers","floor":31,"turns":8},{"damage":59,"enemies":"Automaton","floor":33,"turns":9},{"damage":3,"enemies":"Orb Walker","floor":35,"turns":4},{"damage":3,"enemies":"3 Shapes","floor":39,"turns":5},{"damage":60,"enemies":"Reptomancer","floor":41,"turns":2}],"seed_played":"-3418930284357478111","potions_obtained":[{"floor":4,"key":"GhostInAJar"},{"floor":12,"key":"Poison Potion"},{"floor":30,"key":"AttackPotion"}],"is_trial":false,"path_per_floor":["M","?","?","M","?","R","$","R","T","R","M","E","M","?","R","B",null,"M","M","?","$","?","R","$","R","T","R","E","?","M","E","R","B",null,"M","$","?","?","M","R","E"],"character_chosen":"THE_SILENT","items_purchased":["Well Laid Plans","Oddly Smooth Stone","Bandage Up","Sling","Mayhem"],"campfire_rested":0,"item_purchase_floors":[7,7,7,21,36],"current_hp_per_floor":[70,63,63,63,56,56,56,56,56,56,60,64,68,54,54,58,70,70,70,70,70,49,49,49,49,49,49,49,49,49,46,46,25,56,56,56,49,49,56,56,0],"gold":17,"neow_bonus":"","is_prod":false,"is_daily":true,"chose_seed":false,"campfire_upgraded":9,"win_rate":0,"timestamp":1562104329,"path_taken":["M","?","?","M","?","R","$","R","T","R","M","E","M","?","R","BOSS","M","M","?","$","?","R","?","R","T","R","E","?","M","E","R","BOSS","M","$","?","?","?","R","E"],"build_version":"2019-07-01","purchased_purges":0,"victory":false,"max_hp_per_floor":[70,70,70,70,70,70,70,70,70,70,70,70,70,70,70,70,70,70,70,70,70,49,49,49,49,49,49,49,49,49,56,56,56,56,56,56,56,56,56,56,56],"card_choices":[{"not_picked":["Tactician","Clothesline"],"picked":"Dodge and Roll","floor":0},{"not_picked":["Outmaneuver","Slice"],"picked":"Dodge and Roll","floor":0},{"not_picked":["Backstab","Noxious Fumes"],"picked":"Quick Slash","floor":0},{"not_picked":["Pommel Strike","True Grit"],"picked":"Ghostly Armor","floor":0},{"not_picked":["Heavy Blade","Rage"],"picked":"Infernal Blade","floor":0},{"not_picked":["Slice","Acrobatics"],"picked":"Backflip","floor":0},{"not_picked":["Thunderclap","Headbutt"],"picked":"Poisoned Stab","floor":0},{"not_picked":["Body Slam","Underhanded Strike"],"picked":"Bouncing Flask","floor":0},{"not_picked":["Poisoned Stab","Twin Strike"],"picked":"Prepared","floor":0},{"not_picked":["Perfected Strike","Warcry"],"picked":"Acrobatics","floor":0},{"not_picked":["Warcry","Setup"],"picked":"Prepared","floor":0},{"not_picked":["Perfected Strike","Blade Dance"],"picked":"Shrug It Off","floor":0},{"not_picked":["Backflip","Cloak And Dagger"],"picked":"Corruption","floor":0},{"not_picked":["Warcry","Noxious Fumes"],"picked":"Havoc","floor":0},{"not_picked":["Iron Wave","Thunderclap"],"picked":"Terror","floor":0},{"not_picked":["Poisoned Stab"],"picked":"Feel No Pain","floor":1},{"not_picked":["Anger"],"picked":"Prepared","floor":4},{"not_picked":["Clash"],"picked":"Prepared","floor":11},{"not_picked":["Combust"],"picked":"Ghostly Armor","floor":12},{"not_picked":["Slice"],"picked":"True Grit","floor":13},{"not_picked":["Reaper"],"picked":"Bullet Time","floor":16},{"not_picked":["Clash"],"picked":"Armaments","floor":18},{"not_picked":["Body Slam"],"picked":"PiercingWail","floor":19},{"not_picked":["Heavy Blade","Sword Boomerang"],"picked":"SKIP","floor":28},{"not_picked":["Combust+1"],"picked":"Fire Breathing+1","floor":30},{"not_picked":["Dagger Throw"],"picked":"Acrobatics","floor":31},{"not_picked":["Corpse Explosion"],"picked":"Juggernaut","floor":33},{"not_picked":["Wild Strike+1"],"picked":"Prepared+1","floor":35},{"not_picked":["Anger","Warcry"],"picked":"SKIP","floor":39}],"player_experience":78679,"relics_obtained":[{"floor":9,"key":"Mercury Hourglass"},{"floor":12,"key":"Ancient Tea Set"},{"floor":26,"key":"Incense Burner"},{"floor":28,"key":"Omamori"},{"floor":28,"key":"Matryoshka"},{"floor":31,"key":"Strawberry"},{"floor":31,"key":"Bird Faced Urn"}],"event_choices":[{"damage_healed":0,"gold_gain":0,"player_choice":"Success","damage_taken":7,"relics_obtained":["Calipers"],"max_hp_gain":0,"max_hp_loss":0,"event_name":"Scrap Ooze","floor":2,"gold_loss":0},{"damage_healed":0,"gold_gain":175,"player_choice":"AGREE","damage_taken":0,"max_hp_gain":0,"max_hp_loss":0,"event_name":"Liars Game","floor":3,"gold_loss":0,"cards_obtained":["Doubt"]},{"cards_removed":["Doubt"],"damage_healed":0,"gold_gain":0,"player_choice":"Card Removal","damage_taken":7,"max_hp_gain":0,"max_hp_loss":0,"event_name":"Golden Wing","floor":5,"gold_loss":0},{"damage_healed":0,"gold_gain":0,"player_choice":"Entered Light","damage_taken":14,"max_hp_gain":0,"max_hp_loss":0,"event_name":"Shining Light","floor":14,"gold_loss":0,"cards_upgraded":["Ghostly Armor","Shrug It Off"]},{"damage_healed":0,"gold_gain":0,"player_choice":"Obtained Relic","damage_taken":0,"relics_obtained":["Paper Crane"],"max_hp_gain":0,"max_hp_loss":0,"event_name":"Addict","floor":20,"gold_loss":85},{"damage_healed":0,"gold_gain":0,"player_choice":"Became a vampire","damage_taken":0,"max_hp_gain":0,"max_hp_loss":21,"event_name":"Vampires","floor":22,"gold_loss":0,"cards_obtained":["Bite","Bite","Bite","Bite","Bite"]},{"damage_healed":0,"gold_gain":0,"player_choice":"Obtain J.A.X.","damage_taken":0,"max_hp_gain":0,"max_hp_loss":0,"event_name":"Drug Dealer","floor":29,"gold_loss":0,"cards_obtained":["J.A.X."]},{"damage_healed":0,"gold_gain":0,"player_choice":"Embrace Madness","damage_taken":7,"max_hp_gain":0,"max_hp_loss":0,"event_name":"Winding Halls","floor":37,"gold_loss":0,"cards_obtained":["Madness","Madness"]},{"damage_healed":0,"gold_gain":0,"player_choice":"2 cards matched","damage_taken":0,"max_hp_gain":0,"max_hp_loss":0,"event_name":"Match and Keep!","floor":38,"gold_loss":0,"cards_obtained":["Demon Form","Swift Strike"]}],"is_beta":false,"boss_relics":[{"not_picked":["Empty Cage","Coffee Dripper"],"picked":"Black Star"},{"not_picked":["Philosopher\u0027s Stone","Fusion Hammer"],"picked":"Cursed Key"}],"items_purged_floors":[],"is_endless":false,"potions_floor_spawned":[4,12,30],"killed_by":"Reptomancer","ascension_level":0}