{"gold_per_floor":[115,115,39,53,65,94,94,124,124,156,231,231,231,294,294,392,392,410,410,21,82,132,160,221,221,221,233,233,297,347,411,411,515,515,533,683,695,745,758,788,850,862,899,911,671,686,686,699,699,699,699,699,80,115,115],"floor_reached":56,"playtime":7476,"items_purged":["Strike_B","Writhe","Defend_B"],"score":1554,"play_id":"7591e7d9-00d7-4fd6-a05b-f36991b9167f","local_time":"20190719184829","is_ascension_mode":true,"campfire_choices":[{"data":"White Noise","floor":7.0,"key":"SMITH"},{"floor":13.0,"key":"REST"},{"floor":15.0,"key":"RECALL"},{"data":"Loop","floor":25.0,"key":"SMITH"},{"data":"Hologram","floor":28.0,"key":"SMITH"},{"data":"Reinforced Body","floor":32.0,"key":"SMITH"},{"data":"1","floor":42,"key":"LIFT"},{"data":"2","floor":44,"key":"LIFT"},{"data":"3","floor":47,"key":"LIFT"},{"data":"Chill","floor":49,"key":"SMITH"},{"data":"FTL","floor":52,"key":"SMITH"}],"neow_cost":"NONE","seed_source_timestamp":0,"circlet_count":0,"master_deck":["Strike_B","Defend_B","Defend_B","Defend_B","Zap+1","Dualcast","FTL","Cold Snap","White Noise+1","Loop+1","Barrage","Ball Lightning","Echo Form","Cold Snap","All For One","Hologram+1","Undo+1","Self Repair+1","Reinforced Body+1","Go for the Eyes","Go for the Eyes","Machine Learning","Gash","Chill+1","Gash","Parasite","FTL+1","Turbo","Self Repair","Dark Shackles","Capacitor+1"],"special_seed":0,"relics":["Cracked Core","Meat on the Bone","Ginger","Calipers","Happy Flower","SsserpentHead","Nuclear Battery","Ice Cream","Bag of Preparation","Letter Opener","Runic Dome","StoneCalendar","MawBank","Girya","Juzu Bracelet","Centennial Puzzle","Ornamental Fan","Oddly Smooth Stone","Art of War"],"potions_floor_usage":[55,55,55],"damage_taken":[{"damage":0.0,"enemies":"Small Slimes","floor":1.0,"turns":3.0},{"damage":0.0,"enemies":"Cultist","floor":4.0,"turns":3.0},{"damage":0.0,"enemies":"2 Louse","floor":5.0,"turns":2.0},{"damage":14.0,"enemies":"Gremlin Nob","floor":6.0,"turns":5.0},{"damage":22.0,"enemies":"Lagavulin","floor":8.0,"turns":5.0},{"damage":16.0,"enemies":"3 Sentries","floor":10.0,"turns":5.0},{"damage":0.0,"enemies":"Large Slime","floor":14.0,"turns":2.0},{"damage":9.0,"enemies":"The Guardian","floor":16.0,"turns":7.0},{"damage":34.0,"enemies":"2 Thieves","floor":18.0,"turns":3.0},{"damage":3.0,"enemies":"Chosen","floor":21.0,"turns":4.0},{"damage":21.0,"enemies":"Slavers","floor":23.0,"turns":5.0},{"damage":2.0,"enemies":"Snake Plant","floor":24.0,"turns":3.0},{"damage":17.0,"enemies":"Shelled Parasite and Fungi","floor":27.0,"turns":5.0},{"damage":0.0,"enemies":"Snecko","floor":29.0,"turns":5.0},{"damage":0.0,"enemies":"Sentry and Sphere","floor":31.0,"turns":7.0},{"damage":19,"enemies":"Champ","floor":33,"turns":11},{"damage":14,"enemies":"3 Shapes","floor":35,"turns":4},{"damage":6,"enemies":"Mind Bloom Boss Battle","floor":36,"turns":7},{"damage":17,"enemies":"3 Darklings","floor":37,"turns":4},{"damage":27,"enemies":"Writhing Mass","floor":39,"turns":7},{"damage":3,"enemies":"Giant Head","floor":40,"turns":7},{"damage":15,"enemies":"Jaw Worm Horde","floor":46,"turns":5},{"damage":5,"enemies":"Sphere and 2 Shapes","floor":48,"turns":6},{"damage":29,"enemies":"Donu and Deca","floor":50,"turns":8},{"damage":34,"enemies":"Shield and Spear","floor":54,"turns":7},{"damage":38,"enemies":"The Heart","floor":55,"turns":10}],"seed_played":"8616082673715763628","potions_obtained":[{"floor":5.0,"key":"Explosive Potion"},{"floor":8.0,"key":"Poison Potion"},{"floor":14.0,"key":"FocusPotion"},{"floor":16.0,"key":"Weak Potion"},{"floor":18.0,"key":"FocusPotion"},{"floor":21.0,"key":"FearPotion"},{"floor":23.0,"key":"SpeedPotion"},{"floor":37,"key":"PowerPotion"}],"is_trial":false,"path_per_floor":["M","?","$","M","M","E","R","E","T","E","?","?","R","M","R","B",null,"M","?","$","M","T","E","M","R","T","M","R","M","?","M","R","B",null,"M","?","M","?","M","E","T","R","T","R","$","M","R","M","R","B",null,"R","$","E","B",null],"character_chosen":"DEFECT","items_purchased":["White Noise","Ice Cream","Turbo","Centennial Puzzle","Ornamental Fan","Oddly Smooth Stone","Dark Shackles"],"campfire_rested":1,"item_purchase_floors":[3,20,45,45,53,53,53],"current_hp_per_floor":[75,75,75,75,75,61,61,39,39,35,24,24,46,46,46,49,75,41,41,41,38,38,29,39,39,39,44,44,54,54,74,74,65,75,71,75,58,75,58,75,75,75,75,75,75,70,70,75,75,63,75,75,75,58,49],"gold":115,"neow_bonus":"TRANSFORM_CARD","is_prod":false,"is_daily":false,"chose_seed":false,"campfire_upgraded":6,"win_rate":0,"timestamp":1563587309,"path_taken":["M","?","$","?","M","E","R","E","T","E","?","?","R","?","R","BOSS","M","?","$","?","?","E","?","R","T","M","R","?","?","?","R","BOSS","M","?","M","?","M","E","?","R","T","R","?","M","R","M","R","BOSS","R","$","E","BOSS"],"build_version":"2019-07-17","purchased_purges":3,"victory":true,"max_hp_per_floor":[75,75,75,75,75,75,75,75,75,75,75,75,75,75,75,75,75,75,75,75,75,75,75,75,75,75,75,75,75,75,75,75,75,75,75,75,75,75,75,75,75,75,75,75,75,75,75,75,75,75,75,75,75,75,75],"card_choices":[{"not_picked":["Recycle","FTL"],"picked":"Cold Snap","floor":1.0},{"not_picked":["Consume","Beam Cell"],"picked":"Loop","floor":4.0},{"not_picked":["Compile Driver","Doom and Gloom","BootSequence"],"picked":"SKIP","floor":5.0},{"not_picked":["Streamline","Creative AI"],"picked":"Barrage","floor":6.0},{"not_picked":["Beam Cell","Sweeping Beam"],"picked":"Ball Lightning","floor":8.0},{"not_picked":["Redo","Turbo"],"picked":"Echo Form","floor":10.0},{"not_picked":["Hello World","Force Field"],"picked":"Cold Snap","floor":14.0},{"not_picked":["Meteor Strike","Buffer"],"picked":"All For One","floor":16.0},{"not_picked":["Barrage","Stack"],"picked":"Hologram","floor":18.0},{"not_picked":["Auto Shields+1","Barrage"],"picked":"Undo+1","floor":21.0},{"not_picked":["Streamline","Steam"],"picked":"Self Repair+1","floor":23.0},{"not_picked":["Ball Lightning","Doom and Gloom","Sunder"],"picked":"SKIP","floor":24.0},{"not_picked":["Go for the Eyes","Tempest"],"picked":"Reinforced Body","floor":27.0},{"not_picked":["Stack","Conserve Battery"],"picked":"Go for the Eyes","floor":29.0},{"not_picked":["Conserve Battery","Redo"],"picked":"Go for the Eyes","floor":31.0},{"not_picked":["Echo Form","Hyperbeam"],"picked":"Machine Learning","floor":33},{"not_picked":["Force Field+1","Conserve Battery"],"picked":"Gash","floor":35},{"not_picked":["Stack+1","Streamline"],"picked":"Chill","floor":36},{"not_picked":["Reprogram","Ball Lightning"],"picked":"Gash","floor":37},{"not_picked":["Streamline","Doom and Gloom"],"picked":"FTL","floor":39},{"not_picked":["Beam Cell+1","Chaos","BootSequence"],"picked":"SKIP","floor":40},{"not_picked":["Amplify","Stack"],"picked":"Self Repair","floor":46},{"not_picked":["Streamline","Sweeping Beam+1","Beam Cell+1"],"picked":"SKIP","floor":48},{"not_picked":["Stack","Static Discharge"],"picked":"Capacitor+1","floor":54}],"player_experience":180307,"relics_obtained":[{"floor":6.0,"key":"Meat on the Bone"},{"floor":8.0,"key":"Ginger"},{"floor":9.0,"key":"Calipers"},{"floor":10.0,"key":"Happy Flower"},{"floor":22.0,"key":"Bag of Preparation"},{"floor":23.0,"key":"Letter Opener"},{"floor":36,"key":"StoneCalendar"},{"floor":40,"key":"MawBank"},{"floor":41,"key":"Girya"},{"floor":43,"key":"Juzu Bracelet"},{"floor":54,"key":"Art of War"}],"event_choices":[{"damage_healed":0.0,"max_hp_gain":0.0,"max_hp_loss":0.0,"gold_gain":0.0,"event_name":"Upgrade Shrine","player_choice":"Upgraded","floor":2.0,"gold_loss":0.0,"damage_taken":0.0,"cards_upgraded":["Zap"]},{"damage_healed":0.0,"max_hp_gain":0.0,"max_hp_loss":0.0,"gold_gain":75.0,"event_name":"World of Goop","player_choice":"Gather Gold","floor":11.0,"gold_loss":0.0,"damage_taken":11.0},{"damage_healed":0.0,"max_hp_gain":0.0,"max_hp_loss":0.0,"gold_gain":0.0,"event_name":"FaceTrader","player_choice":"Trade","floor":12.0,"gold_loss":0.0,"damage_taken":0.0,"relics_obtained":["SsserpentHead"]},{"damage_healed":0.0,"max_hp_gain":0.0,"max_hp_loss":0.0,"gold_gain":0.0,"event_name":"The Joust","player_choice":"Bet on Murderer","floor":19.0,"gold_loss":50.0,"damage_taken":0.0},{"cards_removed":["Strike_B"],"damage_healed":0.0,"max_hp_gain":0.0,"max_hp_loss":0.0,"gold_gain":0.0,"event_name":"Bonfire Elementals","player_choice":"Offered Basic","floor":30.0,"gold_loss":0.0,"damage_taken":0.0},{"damage_healed":0,"gold_gain":0,"player_choice":"Fight","damage_taken":0,"max_hp_gain":0,"max_hp_loss":0,"event_name":"MindBloom","floor":36,"gold_loss":0},{"damage_healed":19,"gold_gain":0,"player_choice":"Writhe","damage_taken":0,"max_hp_gain":0,"max_hp_loss":0,"event_name":"Winding Halls","floor":38,"gold_loss":0,"cards_obtained":["Writhe"]}],"is_beta":false,"boss_relics":[{"not_picked":["Tiny House","Eternal Feather"],"picked":"Nuclear Battery"},{"not_picked":["Inserter","Philosopher\u0027s Stone"],"picked":"Runic Dome"}],"items_purged_floors":[20,45,53],"is_endless":false,"potions_floor_spawned":[5,8,14,16,18,21,23,37,39,48],"ascension_level":2}