{"gold_per_floor":[117,133,32,47,66,66,92,92,92,106,125,125,138,158,158,158],"floor_reached":16,"playtime":1359,"items_purged":[],"score":106,"play_id":"33d0cc6f-586b-4ca1-bca6-7e4d3be99358","local_time":"20190706035939","is_ascension_mode":false,"campfire_choices":[{"data":"Loop","floor":6,"key":"SMITH"},{"floor":8,"key":"REST"},{"floor":12,"key":"REST"},{"floor":15,"key":"REST"}],"neow_cost":"NONE","seed_source_timestamp":568575305853765,"circlet_count":0,"master_deck":["Strike_B","Strike_B","Strike_B","Strike_B","Defend_B","Defend_B","Defend_B","Defend_B","Zap","Dualcast","Tempest","Loop+1","Cold Snap","Redo","Aggregate","Ball Lightning","Capacitor","Ball Lightning","Chill"],"relics":["Cracked Core","Shuriken","Bottled Lightning"],"potions_floor_usage":[],"damage_taken":[{"damage":6,"enemies":"2 Louse","floor":1,"turns":2},{"damage":17,"enemies":"Small Slimes","floor":2,"turns":3},{"damage":3,"enemies":"Jaw Worm","floor":4,"turns":5},{"damage":11,"enemies":"Red Slaver","floor":5,"turns":3},{"damage":26,"enemies":"Lagavulin","floor":7,"turns":7},{"damage":10,"enemies":"Looter","floor":10,"turns":3},{"damage":15,"enemies":"Large Slime","floor":11,"turns":5},{"damage":9,"enemies":"2 Fungi Beasts","floor":13,"turns":3},{"damage":14,"enemies":"3 Louse","floor":14,"turns":4},{"damage":44,"enemies":"Hexaghost","floor":16,"turns":10}],"seed_played":"9184763713672285041","potions_obtained":[{"floor":1,"key":"Strength Potion"},{"floor":5,"key":"EssenceOfSteel"},{"floor":13,"key":"Weak Potion"}],"is_trial":false,"path_per_floor":["M","M","$","M","M","R","E","R","T","M","M","R","M","M","R","B"],"character_chosen":"DEFECT","items_purchased":["Loop","Cold Snap"],"campfire_rested":3,"item_purchase_floors":[3,3],"current_hp_per_floor":[76,59,59,56,45,45,19,43,43,33,18,42,33,19,43,0],"gold":158,"neow_bonus":"TEN_PERCENT_HP_BONUS","is_prod":false,"is_daily":false,"chose_seed":false,"campfire_upgraded":1,"win_rate":0.0,"timestamp":1562403579,"path_taken":["M","M","$","M","M","R","E","R","T","M","M","R","M","M","R","BOSS"],"build_version":"2019-07-05","purchased_purges":0,"victory":false,"max_hp_per_floor":[82,82,82,82,82,82,82,82,82,82,82,82,82,82,82,82],"card_choices":[{"not_picked":["Chaos","Barrage"],"picked":"Tempest","floor":1},{"not_picked":["Beam Cell","Hologram","Leap"],"picked":"SKIP","floor":2},{"not_picked":["BootSequence","Steam","Consume"],"picked":"SKIP","floor":4},{"not_picked":["Sweeping Beam","Hologram"],"picked":"Redo","floor":5},{"not_picked":["Stack","Barrage"],"picked":"Aggregate","floor":7},{"not_picked":["Sweeping Beam","Darkness"],"picked":"Ball Lightning","floor":10},{"not_picked":["Lockon","Gash"],"picked":"Capacitor","floor":11},{"not_picked":["Reinforced Body","Barrage"],"picked":"Ball Lightning","floor":13},{"not_picked":["Hologram","Barrage"],"picked":"Chill","floor":14}],"player_experience":12264,"relics_obtained":[{"floor":7,"key":"Shuriken"},{"floor":9,"key":"Bottled Lightning"}],"event_choices":[],"is_beta":false,"boss_relics":[],"items_purged_floors":[],"is_endless":false,"potions_floor_spawned":[1,5,13,14],"killed_by":"Hexaghost","ascension_level":0}