{"gold_per_floor":[112,112,137,137,8,43,43,66,92,92,131,156,30,43,43,169,169,183,108,148,148,167,202,117,191,242,273,273,316,316,95,95,219,219,242,242,667,685,701,701],"floor_reached":40,"playtime":3836,"items_purged":["Strike_G","Strike_G"],"score":621,"play_id":"29640219-2c8a-4732-8ebf-e94e95d39cd3","local_time":"20190615233029","is_ascension_mode":true,"campfire_choices":[{"floor":7,"key":"RECALL"},{"floor":10,"key":"REST"},{"data":"Cloak And Dagger","floor":15,"key":"SMITH"},{"floor":32,"key":"REST"}],"neow_cost":"NONE","seed_source_timestamp":363206261474953,"circlet_count":0,"master_deck":["Defend_G+1","Defend_G+1","Defend_G+1","Defend_G+1","Defend_G+1","Strike_G+1","Strike_G+1","Survivor","Neutralize+1","Dagger Throw+1","Acrobatics","Cloak And Dagger+1","Accuracy","Dagger Spray","Sucker Punch","PiercingWail","Terror","Backflip","Adrenaline","Poisoned Stab+1","Tactician+1","Poisoned Stab","Poisoned Stab+1","Crippling Poison+1","J.A.X.","Cloak And Dagger","Accuracy","Adrenaline","Calculated Gamble+1","Blade Dance","Deflect+1"],"relics":["Ring of the Snake","NeowsBlessing","Golden Idol","Smiling Mask","Mummified Hand","Odd Mushroom","Sozu","Red Mask","Sundial","Darkstone Periapt","Tiny Chest","Vajra","Happy Flower","Pantograph","Whetstone","Black Star","Old Coin"],"potions_floor_usage":[11,16],"damage_taken":[{"damage":0,"enemies":"2 Louse","floor":1,"turns":1},{"damage":0,"enemies":"Jaw Worm","floor":3,"turns":1},{"damage":0,"enemies":"Lagavulin","floor":6,"turns":1},{"damage":0,"enemies":"Small Slimes","floor":8,"turns":3},{"damage":35,"enemies":"Gremlin Nob","floor":11,"turns":5},{"damage":18,"enemies":"The Mushroom Lair","floor":12,"turns":4},{"damage":0,"enemies":"Blue Slaver","floor":14,"turns":4},{"damage":0,"enemies":"Slime Boss","floor":16,"turns":10},{"damage":3,"enemies":"Shell Parasite","floor":18,"turns":5},{"damage":10,"enemies":"Masked Bandits","floor":20,"turns":4},{"damage":0,"enemies":"Chosen","floor":22,"turns":3},{"damage":13,"enemies":"Slavers","floor":23,"turns":7},{"damage":6,"enemies":"Book of Stabbing","floor":25,"turns":6},{"damage":0,"enemies":"Gremlin Leader","floor":27,"turns":4},{"damage":19,"enemies":"Slavers","floor":29,"turns":6},{"damage":28,"enemies":"Automaton","floor":33,"turns":7},{"damage":15,"enemies":"3 Darklings","floor":35,"turns":5},{"damage":11,"enemies":"Mind Bloom Boss Battle","floor":37,"turns":6},{"damage":0,"enemies":"Orb Walker","floor":38,"turns":3},{"damage":3,"enemies":"Maw","floor":39,"turns":6},{"damage":57,"enemies":"Nemesis","floor":40,"turns":5}],"seed_played":"-8973980308821691478","potions_obtained":[{"floor":8,"key":"AttackPotion"},{"floor":12,"key":"Strength Potion"},{"floor":16,"key":"Weak Potion"}],"is_trial":false,"path_per_floor":["M","?","M","?","$","E","R","M","T","R","E","?","$","M","R","B",null,"M","?","?","?","M","E","?","E","T","E","?","E","$","$","R","B",null,"M","?","?","M","M","E"],"character_chosen":"THE_SILENT","items_purchased":["Cloak And Dagger","Terror","Accuracy","Whetstone"],"campfire_rested":2,"item_purchase_floors":[5,13,31,31],"current_hp_per_floor":[70,53,53,39,39,39,39,39,39,60,25,7,7,7,7,7,70,67,67,57,57,57,44,44,38,38,38,38,19,19,19,40,37,70,55,55,59,59,56,0],"gold":701,"neow_bonus":"THREE_ENEMY_KILL","is_prod":false,"is_daily":false,"chose_seed":false,"campfire_upgraded":1,"win_rate":0,"timestamp":1560666629,"path_taken":["M","?","M","?","$","E","R","M","T","R","E","?","?","?","R","BOSS","M","?","?","?","?","E","?","E","T","E","?","E","?","$","R","BOSS","M","?","?","M","M","E"],"build_version":"2019-01-23","purchased_purges":2,"victory":false,"max_hp_per_floor":[70,70,70,70,70,70,70,70,70,70,70,70,70,70,70,70,70,70,70,70,70,70,70,70,70,70,70,70,70,70,70,70,70,70,70,70,70,70,70,70],"card_choices":[{"not_picked":["Distraction","Eviscerate"],"picked":"Dagger Throw","floor":1},{"not_picked":["Underhanded Strike","Prepared"],"picked":"Acrobatics","floor":3},{"not_picked":["Well Laid Plans","Choke"],"picked":"Accuracy","floor":6},{"not_picked":["Sucker Punch","Heel Hook"],"picked":"Dagger Spray","floor":8},{"not_picked":["Dodge and Roll","Skewer"],"picked":"Sucker Punch","floor":11},{"not_picked":["Prepared","Flying Knee"],"picked":"PiercingWail","floor":12},{"not_picked":["Eviscerate","Finisher"],"picked":"Backflip","floor":14},{"not_picked":["Wraith Form v2","Storm of Steel"],"picked":"Adrenaline","floor":16},{"not_picked":["Masterful Stab","Dagger Spray"],"picked":"Poisoned Stab","floor":18},{"not_picked":["Predator+1","Deflect"],"picked":"Quick Slash","floor":20},{"not_picked":["Underhanded Strike","Dagger Throw"],"picked":"Tactician+1","floor":22},{"not_picked":["Blur","Outmaneuver"],"picked":"Poisoned Stab","floor":23},{"not_picked":["Phantasmal Killer","Prepared"],"picked":"Poisoned Stab","floor":25},{"not_picked":["Predator+1","All Out Attack+1"],"picked":"Crippling Poison+1","floor":27},{"not_picked":["Poisoned Stab","Blade Dance"],"picked":"Cloak And Dagger","floor":29},{"not_picked":["Phantasmal Killer","Wraith Form v2"],"picked":"Adrenaline","floor":33},{"not_picked":["Distraction+1","Dagger Spray"],"picked":"Calculated Gamble+1","floor":35},{"not_picked":["Deadly Poison","Bane+1"],"picked":"Blade Dance","floor":37},{"not_picked":["Sucker Punch","Underhanded Strike"],"picked":"Deflect+1","floor":38},{"not_picked":["Dagger Spray+1","Malaise","Flying Knee+1"],"picked":"SKIP","floor":39}],"player_experience":84173,"relics_obtained":[{"floor":6,"key":"Smiling Mask"},{"floor":11,"key":"Mummified Hand"},{"floor":12,"key":"Odd Mushroom"},{"floor":20,"key":"Red Mask"},{"floor":23,"key":"Sundial"},{"floor":25,"key":"Tiny Chest"},{"floor":26,"key":"Vajra"},{"floor":27,"key":"Happy Flower"},{"floor":29,"key":"Pantograph"},{"floor":37,"key":"Old Coin"}],"event_choices":[{"damage_healed":0,"gold_gain":0,"player_choice":"Take Damage","damage_taken":17,"relics_obtained":["Golden Idol"],"max_hp_gain":0,"max_hp_loss":0,"event_name":"Golden Idol","floor":2,"gold_loss":0},{"damage_healed":0,"gold_gain":0,"player_choice":"Entered Light","damage_taken":14,"max_hp_gain":0,"max_hp_loss":0,"event_name":"Shining Light","floor":4,"gold_loss":0,"cards_upgraded":["Dagger Throw","Neutralize"]},{"damage_healed":0,"gold_gain":0,"player_choice":"Fought Mushrooms","damage_taken":0,"max_hp_gain":0,"max_hp_loss":0,"event_name":"Mushrooms","floor":12,"gold_loss":0},{"cards_removed":["Strike_G"],"damage_healed":0,"gold_gain":0,"player_choice":"Gave Gold","damage_taken":0,"max_hp_gain":0,"max_hp_loss":0,"event_name":"Beggar","floor":19,"gold_loss":75},{"damage_healed":0,"gold_gain":0,"player_choice":"Fought Bandits","damage_taken":0,"max_hp_gain":0,"max_hp_loss":0,"event_name":"Masked Bandits","floor":20,"gold_loss":0},{"damage_healed":0,"gold_gain":0,"player_choice":"Simplicity","damage_taken":0,"max_hp_gain":0,"max_hp_loss":0,"event_name":"Back to Basics","floor":21,"gold_loss":0,"cards_upgraded":["Defend_G","Defend_G","Defend_G","Defend_G","Defend_G","Strike_G","Strike_G"]},{"damage_healed":0,"gold_gain":0,"player_choice":"Obtained Relic","damage_taken":0,"relics_obtained":["Darkstone Periapt"],"max_hp_gain":0,"max_hp_loss":0,"event_name":"Addict","floor":24,"gold_loss":85},{"damage_healed":0,"gold_gain":0,"player_choice":"Obtain J.A.X.","damage_taken":0,"max_hp_gain":0,"max_hp_loss":0,"event_name":"Drug Dealer","floor":28,"gold_loss":0,"cards_obtained":["J.A.X."]},{"cards_removed":["Quick Slash"],"damage_healed":0,"gold_gain":0,"player_choice":"Removed Attack","damage_taken":0,"max_hp_gain":0,"max_hp_loss":0,"event_name":"Falling","floor":36,"gold_loss":0},{"damage_healed":0,"gold_gain":0,"player_choice":"Fight","damage_taken":0,"max_hp_gain":0,"max_hp_loss":0,"event_name":"MindBloom","floor":37,"gold_loss":0}],"is_beta":false,"boss_relics":[{"not_picked":["Lizard Tail","Ectoplasm"],"picked":"Sozu"},{"not_picked":["Velvet Choker","Orrery"],"picked":"Black Star"}],"items_purged_floors":[5,13],"is_endless":false,"potions_floor_spawned":[8,12,16,18,25,33,35,37,39],"killed_by":"Nemesis","ascension_level":1}