{"gold_per_floor":[112,40,59,59,113,147,147,175,175,175,195,212,230,248,248,344,344,358,373,373,389,239,239],"floor_reached":23,"playtime":1422,"items_purged":[],"score":203,"play_id":"ad37ad42-ae1b-4e4f-9e99-247a99fa0b32","local_time":"20190706054436","is_ascension_mode":false,"campfire_choices":[{"floor":7,"key":"REST"},{"floor":15,"key":"REST"}],"neow_cost":"TEN_PERCENT_HP_LOSS","seed_source_timestamp":574805674530872,"circlet_count":0,"master_deck":["Strike_B","Strike_B","Strike_B","Strike_B","Defend_B","Defend_B","Defend_B","Defend_B","Zap","Dualcast","Cold Snap","Doom and Gloom","Sweeping Beam","Cold Snap","Ball Lightning","Doom and Gloom","Gash","Defragment","Rainbow","Double Energy+1","Necronomicurse","Consume","Doom and Gloom"],"relics":["Cracked Core","StoneCalendar","Dodecahedron","Ornamental Fan","Pantograph","Dream Catcher","Eternal Feather","Necronomicon"],"potions_floor_usage":[23,23],"damage_taken":[{"damage":0,"enemies":"Cultist","floor":1,"turns":4},{"damage":4,"enemies":"Jaw Worm","floor":3,"turns":3},{"damage":18,"enemies":"3 Sentries","floor":6,"turns":6},{"damage":21,"enemies":"Gremlin Nob","floor":8,"turns":4},{"damage":3,"enemies":"Small Slimes","floor":11,"turns":2},{"damage":2,"enemies":"2 Fungi Beasts","floor":12,"turns":3},{"damage":8,"enemies":"Exordium Thugs","floor":13,"turns":3},{"damage":6,"enemies":"Lots of Slimes","floor":14,"turns":3},{"damage":26,"enemies":"Slime Boss","floor":16,"turns":7},{"damage":0,"enemies":"Spheric Guardian","floor":18,"turns":3},{"damage":18,"enemies":"Shell Parasite","floor":19,"turns":4},{"damage":17,"enemies":"Centurion and Healer","floor":21,"turns":6},{"damage":27,"enemies":"Slavers","floor":23,"turns":2}],"seed_played":"2409960043976896481","potions_obtained":[{"floor":6,"key":"Energy Potion"},{"floor":11,"key":"Weak Potion"},{"floor":16,"key":"SpeedPotion"},{"floor":18,"key":"Energy Potion"}],"is_trial":false,"path_per_floor":["M","$","M","?","?","E","R","E","T","?","M","M","M","M","R","B",null,"M","M","?","M","$","E"],"character_chosen":"DEFECT","items_purchased":["Doom and Gloom","Regen Potion","Doom and Gloom"],"campfire_rested":2,"item_purchase_floors":[2,22,22],"current_hp_per_floor":[68,68,64,64,64,46,66,45,45,45,42,40,32,26,46,42,68,68,50,34,17,17,0],"gold":239,"neow_bonus":"ONE_RARE_RELIC","is_prod":false,"is_daily":false,"chose_seed":false,"campfire_upgraded":0,"win_rate":0.0,"timestamp":1562409876,"path_taken":["M","$","?","?","?","E","R","E","T","?","M","M","?","?","R","BOSS","M","M","?","M","$","E"],"build_version":"2019-07-05","purchased_purges":0,"victory":false,"max_hp_per_floor":[68,68,68,68,68,68,68,68,68,68,68,68,68,68,68,68,68,68,68,68,68,68,68],"card_choices":[{"not_picked":["Hologram","Compile Driver"],"picked":"Cold Snap","floor":1},{"not_picked":["Steam","Beam Cell","Coolheaded"],"picked":"SKIP","floor":3},{"not_picked":["Beam Cell","Compile Driver"],"picked":"Sweeping Beam","floor":6},{"not_picked":["Coolheaded","Streamline"],"picked":"Cold Snap","floor":8},{"not_picked":["Auto Shields","Rebound"],"picked":"Ball Lightning","floor":11},{"not_picked":["Coolheaded","BootSequence","Steam"],"picked":"SKIP","floor":12},{"not_picked":["Rebound","Machine Learning"],"picked":"Doom and Gloom","floor":13},{"not_picked":["Streamline","Barrage"],"picked":"Gash","floor":14},{"not_picked":["Barrage","Cold Snap"],"picked":"Defragment","floor":15},{"not_picked":["Machine Learning","Reboot"],"picked":"Rainbow","floor":16},{"not_picked":["Hologram","Force Field+1","Leap"],"picked":"SKIP","floor":18},{"not_picked":["Skim","Rebound+1"],"picked":"Double Energy+1","floor":19},{"not_picked":["Compile Driver","Redo"],"picked":"Consume","floor":21}],"player_experience":18424,"relics_obtained":[{"floor":6,"key":"Dodecahedron"},{"floor":8,"key":"Ornamental Fan"},{"floor":9,"key":"Pantograph"},{"floor":20,"key":"Necronomicon"}],"event_choices":[{"damage_healed":0,"gold_gain":0,"player_choice":"Leave","damage_taken":0,"max_hp_gain":0,"max_hp_loss":0,"event_name":"The Cleric","floor":4,"gold_loss":0},{"damage_healed":0,"gold_gain":54,"player_choice":"Gained Gold","damage_taken":0,"max_hp_gain":0,"max_hp_loss":0,"event_name":"Golden Wing","floor":5,"gold_loss":0},{"damage_healed":0,"gold_gain":0,"player_choice":"Gave Potion","damage_taken":0,"relics_obtained":["Dream Catcher"],"max_hp_gain":0,"max_hp_loss":0,"event_name":"WeMeetAgain","floor":10,"gold_loss":0},{"damage_healed":0,"gold_gain":0,"player_choice":"Obtained Book","damage_taken":16,"max_hp_gain":0,"max_hp_loss":0,"event_name":"Cursed Tome","floor":20,"gold_loss":0}],"is_beta":false,"boss_relics":[{"not_picked":["Runic Pyramid","Tiny House"],"picked":"Eternal Feather"}],"items_purged_floors":[],"is_endless":false,"potions_floor_spawned":[6,11,16,18],"killed_by":"Slavers","ascension_level":0}