{"gold_per_floor":[115,115,130,305,255,255,289,314,340,369,369,388,237,251,251,382,382,400,42,42,42,66,102,102,102,125,160,178,88,111,111],"floor_reached":31,"playtime":1739,"items_purged":["Defend_R"],"score":298,"play_id":"95f355b0-7bdc-48c6-bab5-fd120bd2ced6","local_time":"20190529020423","is_ascension_mode":false,"campfire_choices":[{"data":"Thunderclap","floor":6,"key":"SMITH"},{"data":"Flex","floor":15,"key":"SMITH"},{"data":"Shrug It Off","floor":24,"key":"SMITH"}],"neow_cost":"NONE","seed_source_timestamp":952074033550999,"circlet_count":0,"master_deck":["Strike_R+1","Strike_R","Strike_R+1","Strike_R","Strike_R","Defend_R+1","Defend_R","Defend_R+1","Thunderclap+1","Sword Boomerang+1","Flex+1","Flex","Perfected Strike","Dropkick","Whirlwind","Shrug It Off+1","Barricade","Power Through+1","Inflame","Thunderclap+1","Pommel Strike+1","J.A.X.","Perfected Strike+1","Feed+1","Pommel Strike+1","Twin Strike+1","Flex"],"relics":["Burning Blood","NeowsBlessing","Golden Idol","Strawberry","Lantern","Odd Mushroom","Runic Dome","Molten Egg 2","Champion Belt","Red Skull","Omamori","Whetstone"],"potions_floor_usage":[],"damage_taken":[{"damage":0,"enemies":"2 Louse","floor":1,"turns":1},{"damage":0,"enemies":"Small Slimes","floor":3,"turns":1},{"damage":0,"enemies":"Lagavulin","floor":7,"turns":1},{"damage":0,"enemies":"Cultist","floor":8,"turns":2},{"damage":17,"enemies":"The Mushroom Lair","floor":10,"turns":3},{"damage":13,"enemies":"3 Louse","floor":12,"turns":2},{"damage":4,"enemies":"Blue Slaver","floor":14,"turns":2},{"damage":48,"enemies":"Hexaghost","floor":16,"turns":9},{"damage":12,"enemies":"Chosen","floor":18,"turns":4},{"damage":3,"enemies":"3 Byrds","floor":22,"turns":2},{"damage":37,"enemies":"Book of Stabbing","floor":23,"turns":5},{"damage":22,"enemies":"Gremlin Leader","floor":27,"turns":4},{"damage":10,"enemies":"Cultist and Chosen","floor":28,"turns":2},{"damage":15,"enemies":"Snecko","floor":30,"turns":3},{"damage":25,"enemies":"Book of Stabbing","floor":31,"turns":3}],"seed_played":"6960267360640817678","potions_obtained":[{"floor":8,"key":"SpeedPotion"},{"floor":12,"key":"PowerPotion"},{"floor":23,"key":"Weak Potion"},{"floor":30,"key":"BloodPotion"}],"is_trial":false,"path_per_floor":["M","?","M","?","?","R","E","M","T","?","?","M","$","M","R","B",null,"M","$","?","?","M","E","R","?","T","E","M","?","M","E"],"character_chosen":"IRONCLAD","items_purchased":["Whirlwind","Molten Egg 2","Inflame","Thunderclap+1"],"campfire_rested":0,"item_purchase_floors":[13,19,19,19],"current_hp_per_floor":[80,60,66,66,66,66,79,85,85,74,57,50,50,52,52,10,87,81,81,81,81,84,53,53,53,53,37,33,33,24,0],"gold":111,"neow_bonus":"THREE_ENEMY_KILL","is_prod":false,"is_daily":false,"chose_seed":false,"campfire_upgraded":3,"win_rate":0.0,"timestamp":1559120663,"path_taken":["M","?","M","?","?","R","E","M","T","?","?","M","?","M","R","BOSS","M","$","?","?","M","E","R","?","T","E","M","?","?","E"],"build_version":"2019-01-23","purchased_purges":1,"victory":false,"max_hp_per_floor":[80,80,80,80,80,80,87,87,87,87,87,87,87,87,87,87,87,87,87,87,87,87,87,87,87,87,87,87,87,87,87],"card_choices":[{"not_picked":["Warcry","Intimidate"],"picked":"Thunderclap","floor":1},{"not_picked":["Blood for Blood","Disarm"],"picked":"Sword Boomerang","floor":3},{"not_picked":["Pommel Strike","Headbutt"],"picked":"Flex","floor":7},{"not_picked":["Heavy Blade","Anger"],"picked":"Flex","floor":8},{"not_picked":["Thunderclap","True Grit"],"picked":"Perfected Strike","floor":10},{"not_picked":["Carnage","Cleave"],"picked":"Dropkick","floor":12},{"not_picked":["Thunderclap","Hemokinesis"],"picked":"Shrug It Off","floor":14},{"not_picked":["Berserk","Demon Form"],"picked":"Barricade","floor":16},{"not_picked":["Battle Trance","Flame Barrier"],"picked":"Power Through+1","floor":18},{"not_picked":["Shrug It Off+1","Pummel+1"],"picked":"Perfected Strike+1","floor":22},{"not_picked":["Headbutt+1","Clash+1"],"picked":"Feed+1","floor":23},{"not_picked":["Headbutt+1","Iron Wave+1","Pommel Strike+1"],"picked":"SKIP","floor":27},{"not_picked":["Headbutt+1","Iron Wave+1"],"picked":"Pommel Strike+1","floor":27},{"not_picked":["Clash+1","Armaments"],"picked":"Twin Strike+1","floor":28},{"not_picked":["Infernal Blade+1","Sword Boomerang+1"],"picked":"Flex","floor":30}],"player_experience":14954,"relics_obtained":[{"floor":7,"key":"Strawberry"},{"floor":9,"key":"Lantern"},{"floor":10,"key":"Odd Mushroom"},{"floor":23,"key":"Champion Belt"},{"floor":26,"key":"Omamori"},{"floor":27,"key":"Whetstone"}],"event_choices":[{"damage_healed":0,"gold_gain":0,"player_choice":"Take Damage","damage_taken":20,"relics_obtained":["Golden Idol"],"max_hp_gain":0,"max_hp_loss":0,"event_name":"Golden Idol","floor":2,"gold_loss":0},{"damage_healed":0,"gold_gain":175,"player_choice":"AGREE","damage_taken":0,"max_hp_gain":0,"max_hp_loss":0,"event_name":"Liars Game","floor":4,"gold_loss":0,"cards_obtained":["Doubt"]},{"cards_removed":["Doubt"],"damage_healed":0,"gold_gain":0,"player_choice":"Card Removal","damage_taken":0,"max_hp_gain":0,"max_hp_loss":0,"event_name":"The Cleric","floor":5,"gold_loss":50},{"damage_healed":0,"gold_gain":0,"player_choice":"Fought Mushrooms","damage_taken":0,"max_hp_gain":0,"max_hp_loss":0,"event_name":"Mushrooms","floor":10,"gold_loss":0},{"damage_healed":0,"gold_gain":0,"player_choice":"Entered Light","damage_taken":17,"max_hp_gain":0,"max_hp_loss":0,"event_name":"Shining Light","floor":11,"gold_loss":0,"cards_upgraded":["Defend_R","Defend_R"]},{"damage_healed":0,"gold_gain":0,"player_choice":"Read","damage_taken":0,"max_hp_gain":0,"max_hp_loss":0,"event_name":"The Library","floor":20,"gold_loss":0,"cards_obtained":["Pommel Strike"]},{"damage_healed":0,"gold_gain":0,"player_choice":"Obtain J.A.X.","damage_taken":0,"max_hp_gain":0,"max_hp_loss":0,"event_name":"Drug Dealer","floor":21,"gold_loss":0,"cards_obtained":["J.A.X."]},{"damage_healed":0,"gold_gain":0,"player_choice":"Opened","damage_taken":0,"relics_obtained":["Red Skull"],"max_hp_gain":0,"max_hp_loss":0,"event_name":"The Mausoleum","floor":25,"gold_loss":0},{"cards_removed":["Bash"],"damage_healed":0,"gold_gain":0,"player_choice":"Upgrade and Remove","damage_taken":0,"max_hp_gain":0,"max_hp_loss":0,"event_name":"Designer","floor":29,"gold_loss":90,"cards_upgraded":["Sword Boomerang"]}],"is_beta":false,"boss_relics":[{"not_picked":["Busted Crown","Eternal Feather"],"picked":"Runic Dome"}],"items_purged_floors":[13],"is_endless":false,"potions_floor_spawned":[8,12,23,30],"killed_by":"Book of Stabbing","ascension_level":0}