{"gold_per_floor":[116,134,134,59,78,78,113,124,149,114,114,114,144,144,144,246,246,259,26,26,26,37,66,66,66,89,89,104,104,204,223,223,223],"floor_reached":33,"playtime":2467,"items_purged":["Strike_G"],"score":298,"play_id":"1db642d3-3baa-4907-a0b4-c1e67e2ab976","local_time":"20190708004542","is_ascension_mode":false,"campfire_choices":[{"floor":6,"key":"REST"},{"data":"Envenom","floor":11,"key":"SMITH"},{"floor":15,"key":"REST"},{"floor":24,"key":"REST"},{"floor":29,"key":"REST"},{"floor":32,"key":"DIG"}],"neow_cost":"PERCENT_DAMAGE","seed_source_timestamp":728655182704368,"circlet_count":0,"master_deck":["Defend_G","Defend_G","Defend_G","Defend_G","Defend_G","Survivor","Neutralize","Flying Knee","Poisoned Stab","Iron Wave","Poisoned Stab","Envenom+1","Quick Slash","Bullet Time","Infinite Blades","PiercingWail+1","Venomology","Bite","Bite","Bite","Bite","Bite","Poisoned Stab","Distraction+1","Well Laid Plans+1"],"relics":["Ring of the Snake","Pocketwatch","Bag of Preparation","Vajra","Regal Pillow","WristBlade","MealTicket","Dream Catcher","PreservedInsect","Oddly Smooth Stone","Pantograph","Shovel","Mercury Hourglass"],"potions_floor_usage":[8,23,28,30,30,33],"damage_taken":[{"damage":6,"enemies":"Jaw Worm","floor":1,"turns":5},{"damage":0,"enemies":"Cultist","floor":2,"turns":4},{"damage":0,"enemies":"Small Slimes","floor":5,"turns":3},{"damage":14,"enemies":"3 Sentries","floor":7,"turns":7},{"damage":3,"enemies":"Blue Slaver","floor":8,"turns":3},{"damage":19,"enemies":"Gremlin Nob","floor":13,"turns":4},{"damage":12,"enemies":"2 Fungi Beasts","floor":14,"turns":3},{"damage":36,"enemies":"Slime Boss","floor":16,"turns":12},{"damage":10,"enemies":"Chosen","floor":18,"turns":4},{"damage":4,"enemies":"Shell Parasite","floor":22,"turns":5},{"damage":38,"enemies":"Slavers","floor":23,"turns":5},{"damage":21,"enemies":"Snake Plant","floor":28,"turns":4},{"damage":21,"enemies":"Colosseum Slavers","floor":30,"turns":4},{"damage":16,"enemies":"Colosseum Nobs","floor":30,"turns":4},{"damage":21,"enemies":"3 Cultists","floor":31,"turns":6},{"damage":98,"enemies":"Champ","floor":33,"turns":8}],"seed_played":"-1202763953491447680","potions_obtained":[{"floor":2,"key":"FairyPotion"},{"floor":5,"key":"EssenceOfSteel"},{"floor":8,"key":"Regen Potion"},{"floor":22,"key":"AttackPotion"},{"floor":23,"key":"SpeedPotion"},{"floor":28,"key":"Swift Potion"},{"floor":30,"key":"SmokeBomb"}],"is_trial":false,"path_per_floor":["M","M","?","$","M","R","E","M","T","?","R","?","E","M","R","B",null,"M","$","?","?","M","E","R","$","T","?","M","R","?","M","R","B"],"character_chosen":"THE_SILENT","items_purchased":["MealTicket","Infinite Blades"],"campfire_rested":4,"item_purchase_floors":[19,19],"current_hp_per_floor":[43,43,43,43,43,64,50,47,47,64,64,64,45,33,69,33,70,60,60,60,60,56,18,54,69,69,49,36,49,28,21,21,0],"gold":223,"neow_bonus":"ONE_RARE_RELIC","is_prod":false,"is_daily":false,"chose_seed":false,"campfire_upgraded":1,"win_rate":0.0,"timestamp":1562564742,"path_taken":["M","M","?","$","?","R","E","M","T","?","R","?","E","M","R","BOSS","M","$","?","?","M","E","R","?","T","?","M","R","?","M","R","BOSS"],"build_version":"2019-07-05","purchased_purges":1,"victory":false,"max_hp_per_floor":[70,70,70,70,70,70,70,70,70,70,70,70,70,70,70,70,70,70,70,70,70,70,70,70,70,70,49,49,49,49,49,49,49],"card_choices":[{"not_picked":["Dagger Spray","Slice"],"picked":"Flying Knee","floor":1},{"not_picked":["Distraction","Choke"],"picked":"Poisoned Stab","floor":2},{"not_picked":["Backflip","Prepared"],"picked":"Poisoned Stab","floor":5},{"not_picked":["Prepared","Caltrops"],"picked":"Envenom","floor":7},{"not_picked":["Dagger Throw","Flechettes"],"picked":"Quick Slash","floor":8},{"not_picked":["Quick Slash","Distraction","Wraith Form v2"],"picked":"SKIP","floor":13},{"not_picked":["Dagger Spray","Quick Slash","Underhanded Strike"],"picked":"SKIP","floor":14},{"not_picked":["Unload","Adrenaline"],"picked":"Bullet Time","floor":16},{"not_picked":["Underhanded Strike+1","Dagger Throw","Backflip"],"picked":"SKIP","floor":18},{"not_picked":["Dagger Spray","Backflip+1"],"picked":"PiercingWail+1","floor":22},{"not_picked":["Terror","Reflex"],"picked":"Venomology","floor":23},{"not_picked":["Dash","Backflip+1"],"picked":"Poisoned Stab","floor":28},{"not_picked":["Quick Slash","Riddle With Holes"],"picked":"Distraction+1","floor":29},{"not_picked":["Crippling Poison","Flying Knee"],"picked":"Well Laid Plans+1","floor":30},{"not_picked":["Sucker Punch","Dodge and Roll+1","All Out Attack"],"picked":"SKIP","floor":31}],"player_experience":43929,"relics_obtained":[{"floor":7,"key":"Bag of Preparation"},{"floor":9,"key":"Vajra"},{"floor":13,"key":"Regal Pillow"},{"floor":23,"key":"PreservedInsect"},{"floor":26,"key":"Oddly Smooth Stone"},{"floor":30,"key":"Pantograph"},{"floor":30,"key":"Shovel"},{"floor":32,"key":"Mercury Hourglass"}],"event_choices":[{"cards_removed":["Strike_G"],"damage_healed":0,"gold_gain":0,"player_choice":"Took Card","damage_taken":0,"max_hp_gain":0,"max_hp_loss":0,"event_name":"NoteForYourself","floor":3,"gold_loss":0,"cards_obtained":["Iron Wave"]},{"damage_healed":17,"gold_gain":0,"player_choice":"Healed","damage_taken":0,"max_hp_gain":0,"max_hp_loss":0,"event_name":"The Cleric","floor":10,"gold_loss":35},{"damage_healed":0,"gold_gain":0,"player_choice":"Ignored","damage_taken":0,"max_hp_gain":0,"max_hp_loss":0,"event_name":"Liars Game","floor":12,"gold_loss":0},{"damage_healed":0,"gold_gain":0,"player_choice":"Ignored","damage_taken":0,"max_hp_gain":0,"max_hp_loss":0,"event_name":"Ghosts","floor":20,"gold_loss":0},{"damage_healed":0,"gold_gain":0,"player_choice":"Opened","damage_taken":0,"relics_obtained":["Dream Catcher"],"max_hp_gain":0,"max_hp_loss":0,"event_name":"The Mausoleum","floor":21,"gold_loss":0},{"damage_healed":0,"gold_gain":0,"player_choice":"Became a vampire","damage_taken":0,"max_hp_gain":0,"max_hp_loss":21,"event_name":"Vampires","floor":27,"gold_loss":0,"cards_obtained":["Bite","Bite","Bite","Bite","Bite"]},{"damage_healed":0,"gold_gain":0,"player_choice":"Fight","damage_taken":0,"max_hp_gain":0,"max_hp_loss":0,"event_name":"Colosseum","floor":30,"gold_loss":0},{"damage_healed":0,"gold_gain":0,"player_choice":"Fought Nobs","damage_taken":0,"max_hp_gain":0,"max_hp_loss":0,"event_name":"Colosseum","floor":30,"gold_loss":0}],"is_beta":false,"boss_relics":[{"not_picked":["Philosopher\u0027s Stone","Empty Cage"],"picked":"WristBlade"}],"items_purged_floors":[4],"is_endless":false,"potions_floor_spawned":[2,5,8,22,23,28,30,31],"killed_by":"Champ","ascension_level":0}