{"gold_per_floor":[117,133,133,150,115,150,150,178,178,204,204,204],"floor_reached":12,"playtime":477,"items_purged":[],"score":192,"play_id":"5e150aa3-9c43-40b8-bba2-8b839494fd53","local_time":"20190709230356","is_ascension_mode":true,"campfire_choices":[{"data":"Defragment","floor":7,"key":"SMITH"},{"data":"Biased Cognition","floor":11,"key":"SMITH"}],"neow_cost":"CURSE","seed_source_timestamp":600149718200007,"circlet_count":0,"master_deck":["AscendersBane","Strike_B","Strike_B","Strike_B","Strike_B","Defend_B","Defend_B","Defend_B","Defend_B","Zap+1","Dualcast+1","Decay","Biased Cognition+1","Defragment+1","Coolheaded","Conserve Battery"],"relics":["Cracked Core","War Paint","Dodecahedron","Bronze Scales","Dream Catcher"],"potions_floor_usage":[6,10,10],"damage_taken":[{"damage":9,"enemies":"2 Louse","floor":1,"turns":3},{"damage":12,"enemies":"Jaw Worm","floor":2,"turns":3},{"damage":0,"enemies":"Cultist","floor":4,"turns":4},{"damage":36,"enemies":"Gremlin Nob","floor":6,"turns":4},{"damage":3,"enemies":"Lagavulin","floor":8,"turns":8},{"damage":6,"enemies":"Gremlin Nob","floor":10,"turns":3},{"damage":13,"enemies":"3 Sentries","floor":12,"turns":4}],"seed_played":"71743043048888562","potions_obtained":[{"floor":2,"key":"Explosive Potion"},{"floor":4,"key":"Ancient Potion"},{"floor":8,"key":"Poison Potion"},{"floor":10,"key":"Strength Potion"}],"is_trial":false,"path_per_floor":["M","M","?","M","?","E","R","E","T","E","R","E"],"character_chosen":"DEFECT","items_purchased":[],"campfire_rested":0,"item_purchase_floors":[],"current_hp_per_floor":[55,43,38,38,55,19,19,16,16,10,10,0],"gold":204,"neow_bonus":"THREE_RARE_CARDS","is_prod":false,"is_daily":false,"chose_seed":false,"campfire_upgraded":2,"win_rate":0,"timestamp":1562681036,"path_taken":["M","M","?","M","?","E","R","E","T","E","R","E"],"build_version":"2019-07-05","purchased_purges":0,"victory":false,"max_hp_per_floor":[71,71,71,71,71,71,71,71,71,71,71,71],"card_choices":[{"not_picked":["Amplify","Seek"],"picked":"Biased Cognition","floor":0},{"not_picked":["Beam Cell","Storm"],"picked":"Defragment","floor":1},{"not_picked":["Gash","Blizzard"],"picked":"Coolheaded","floor":2},{"not_picked":["Go for the Eyes","Redo"],"picked":"Conserve Battery","floor":4},{"not_picked":["Beam Cell","Barrage","Streamline"],"picked":"SKIP","floor":6},{"not_picked":["Conserve Battery","Creative AI","Sweeping Beam"],"picked":"SKIP","floor":8},{"not_picked":["Leap","Turbo","Stack"],"picked":"SKIP","floor":10}],"player_experience":557156,"relics_obtained":[{"floor":6,"key":"Dodecahedron"},{"floor":8,"key":"Bronze Scales"},{"floor":10,"key":"Dream Catcher"}],"event_choices":[{"damage_healed":0,"gold_gain":0,"player_choice":"Success","damage_taken":5,"relics_obtained":["War Paint"],"max_hp_gain":0,"max_hp_loss":0,"event_name":"Scrap Ooze","floor":3,"gold_loss":0},{"damage_healed":17,"gold_gain":0,"player_choice":"Healed","damage_taken":0,"max_hp_gain":0,"max_hp_loss":0,"event_name":"The Cleric","floor":5,"gold_loss":35}],"is_beta":false,"boss_relics":[],"items_purged_floors":[],"is_endless":false,"potions_floor_spawned":[2,4,8,10],"killed_by":"3 Sentries","ascension_level":20}