{"gold_per_floor":[118,137,157,2,2,2,30,30,55,90,102,134,178,204,216,328,340,371,383,320,332,24,24,50,50,127,162,162,462,462,462,462,559,559,576,592,603,622,622,622,651,296,296,296,307,319,319,49,49,49],"floor_reached":51,"playtime":3569,"items_purged":[],"score":990,"play_id":"dea3d7fe-b3ea-408e-98fd-1a5cedab14a8","local_time":"20190718184304","is_ascension_mode":true,"campfire_choices":[{"data":"Footwork","floor":6.0,"key":"SMITH"},{"data":"Footwork","floor":8.0,"key":"SMITH"},{"data":"Dagger Spray","floor":11.0,"key":"SMITH"},{"floor":15.0,"key":"REST"},{"data":"Wraith Form v2","floor":23.0,"key":"SMITH"},{"floor":25.0,"key":"REST"},{"data":"Caltrops","floor":30.0,"key":"SMITH"},{"data":"Dagger Spray","floor":32.0,"key":"SMITH"},{"data":"Wraith Form v2","floor":40,"key":"SMITH"},{"floor":49,"key":"REST"}],"neow_cost":"NONE","seed_source_timestamp":61758445807893,"circlet_count":0,"master_deck":["Strike_G+1","Strike_G+1","Strike_G+1","Strike_G+1","Defend_G+1","Defend_G+1","Defend_G+1","Defend_G+1","Defend_G+1","Survivor","Neutralize","Dagger Throw","Dagger Spray+1","Dagger Spray+1","Footwork+1","Backflip","Footwork+1","Cloak And Dagger","Backstab","Poisoned Stab","Wraith Form v2+1","Well Laid Plans","Caltrops+1","Infinite Blades+1","Writhe","After Image","Deadly Poison+1","Cloak And Dagger","Bouncing Flask+1","Wraith Form v2+1","Poisoned Stab","Poisoned Stab","Bouncing Flask","Dodge and Roll+1","Master of Strategy","Wraith Form v2"],"special_seed":0,"relics":["Juzu Bracelet","Darkstone Periapt","Bag of Marbles","MawBank","Snake Skull","Sozu","Kunai","Meat on the Bone","Sundial","Bag of Preparation","Old Coin","Nloth\u0027s Gift","Girya","Thread and Needle","The Courier","Frozen Eye"],"potions_floor_usage":[],"damage_taken":[{"damage":1.0,"enemies":"Cultist","floor":1.0,"turns":3.0},{"damage":7.0,"enemies":"2 Louse","floor":2.0,"turns":3.0},{"damage":1.0,"enemies":"Small Slimes","floor":3.0,"turns":3.0},{"damage":0.0,"enemies":"Gremlin Nob","floor":7.0,"turns":2.0},{"damage":15.0,"enemies":"Lagavulin","floor":10.0,"turns":13.0},{"damage":0.0,"enemies":"Exordium Thugs","floor":12.0,"turns":4.0},{"damage":10.0,"enemies":"3 Sentries","floor":13.0,"turns":7.0},{"damage":0.0,"enemies":"Blue Slaver","floor":14.0,"turns":1.0},{"damage":31.0,"enemies":"Slime Boss","floor":16.0,"turns":12.0},{"damage":0.0,"enemies":"3 Byrds","floor":18.0,"turns":4.0},{"damage":11.0,"enemies":"Book of Stabbing","floor":24.0,"turns":5.0},{"damage":12.0,"enemies":"Slavers","floor":27.0,"turns":8.0},{"damage":28.0,"enemies":"Champ","floor":33.0,"turns":19.0},{"damage":27,"enemies":"3 Darklings","floor":35,"turns":5},{"damage":24,"enemies":"3 Shapes","floor":36,"turns":5},{"damage":0,"enemies":"Maw","floor":37,"turns":9},{"damage":0,"enemies":"Spire Growth","floor":38,"turns":6},{"damage":2,"enemies":"Giant Head","floor":41,"turns":10},{"damage":1,"enemies":"Sphere and 2 Shapes","floor":45,"turns":5},{"damage":17,"enemies":"Transient","floor":46,"turns":5},{"damage":39,"enemies":"Donu and Deca","floor":50,"turns":14}],"seed_played":"7818274042010961119","potions_obtained":[{"floor":2.0,"key":"FearPotion"},{"floor":3.0,"key":"AttackPotion"},{"floor":12.0,"key":"FearPotion"},{"floor":14.0,"key":"Ancient Potion"},{"floor":16.0,"key":"LiquidBronze"}],"is_trial":false,"path_per_floor":["M","M","M","$","?","R","E","R","T","E","R","M","E","M","R","B",null,"M","$","?","?","$","R","E","R","T","E","?","?","R","?","R","B",null,"M","M","M","M","?","R","E","$","T","$","M","M","?","$","R","B",null],"character_chosen":"THE_SILENT","items_purchased":["Footwork","Backflip","Strength Potion","Kunai","Caltrops","Poisoned Stab","Thread and Needle","Frozen Eye","Wraith Form v2"],"campfire_rested":3,"item_purchase_floors":[4,4,4,22,22,42,42,48,48],"current_hp_per_floor":[69,62,61,61,61,61,61,61,61,46,46,46,36,36,59,28,65,65,65,65,65,65,65,54,77,77,65,65,71,71,71,71,43,73,46,34,46,46,46,46,44,44,44,44,43,38,38,38,62,35],"gold":49,"neow_bonus":"TEN_PERCENT_HP_BONUS","is_prod":false,"is_daily":false,"chose_seed":false,"campfire_upgraded":7,"win_rate":0,"timestamp":1563493384,"path_taken":["M","?","?","$","?","R","E","R","T","E","R","M","E","M","R","BOSS","M","$","?","?","$","R","E","R","T","E","?","?","R","?","R","BOSS","M","M","M","M","?","R","E","$","T","?","M","M","?","$","R","BOSS"],"build_version":"2019-07-17","purchased_purges":0,"victory":true,"max_hp_per_floor":[77,77,77,77,77,77,77,77,77,77,77,77,77,77,77,77,77,77,77,77,77,77,77,77,77,77,77,77,83,83,83,83,83,83,83,83,83,83,83,83,83,83,83,83,83,83,83,83,83,83],"card_choices":[{"not_picked":["Bane","Finisher"],"picked":"Dagger Throw","floor":1.0},{"not_picked":["Sucker Punch","PiercingWail"],"picked":"Dagger Spray","floor":2.0},{"not_picked":["Prepared","Poisoned Stab"],"picked":"Dagger Spray","floor":3.0},{"not_picked":["Deflect","Leg Sweep"],"picked":"Footwork","floor":7.0},{"not_picked":["Skewer","Deflect","Flechettes"],"picked":"SKIP","floor":10.0},{"not_picked":["Flechettes","All Out Attack"],"picked":"Cloak And Dagger","floor":12.0},{"not_picked":["Escape Plan","Leg Sweep"],"picked":"Backstab","floor":13.0},{"not_picked":["Bane","Sucker Punch"],"picked":"Poisoned Stab","floor":14.0},{"not_picked":["A Thousand Cuts","After Image"],"picked":"Wraith Form v2","floor":16.0},{"not_picked":["Outmaneuver","Catalyst"],"picked":"Well Laid Plans","floor":18.0},{"not_picked":["Tactician","Poisoned Stab","Distraction"],"picked":"SKIP","floor":24.0},{"not_picked":["Bane+1","A Thousand Cuts"],"picked":"Infinite Blades+1","floor":27.0},{"not_picked":["Night Terror","Grand Finale"],"picked":"After Image","floor":33.0},{"not_picked":["Choke","Predator+1"],"picked":"Deadly Poison+1","floor":35},{"not_picked":["Flying Knee","Underhanded Strike+1"],"picked":"Cloak And Dagger","floor":36},{"not_picked":["Bane","Riddle With Holes"],"picked":"Bouncing Flask+1","floor":37},{"not_picked":["Blur","Escape Plan"],"picked":"Wraith Form v2","floor":38},{"not_picked":["Malaise","Dash"],"picked":"Poisoned Stab","floor":41},{"not_picked":["Dodge and Roll","Concentrate"],"picked":"Bouncing Flask","floor":45},{"not_picked":["Cloak And Dagger","PiercingWail+1"],"picked":"Dodge and Roll+1","floor":46},{"not_picked":["Blind","Purity"],"picked":"Master of Strategy","floor":47}],"player_experience":165015,"relics_obtained":[{"floor":7.0,"key":"Darkstone Periapt"},{"floor":9.0,"key":"Bag of Marbles"},{"floor":10.0,"key":"MawBank"},{"floor":13.0,"key":"Snake Skull"},{"floor":24.0,"key":"Meat on the Bone"},{"floor":26.0,"key":"Sundial"},{"floor":27.0,"key":"Bag of Preparation"},{"floor":41,"key":"Girya"},{"floor":43,"key":"The Courier"}],"event_choices":[{"damage_healed":0.0,"max_hp_gain":0.0,"max_hp_loss":0.0,"gold_gain":0.0,"event_name":"WeMeetAgain","player_choice":"Gave Potion","floor":5.0,"gold_loss":0.0,"damage_taken":0.0,"relics_obtained":["Juzu Bracelet"]},{"cards_removed":["Strike_G"],"damage_healed":0.0,"max_hp_gain":0.0,"max_hp_loss":0.0,"gold_gain":0.0,"event_name":"Beggar","player_choice":"Gave Gold","floor":20.0,"gold_loss":75.0,"damage_taken":0.0},{"damage_healed":0.0,"max_hp_gain":0.0,"max_hp_loss":0.0,"gold_gain":0.0,"event_name":"Back to Basics","player_choice":"Simplicity","floor":21.0,"gold_loss":0.0,"damage_taken":0.0,"cards_upgraded":["Strike_G","Strike_G","Strike_G","Strike_G","Defend_G","Defend_G","Defend_G","Defend_G","Defend_G"]},{"damage_healed":0.0,"max_hp_gain":0.0,"max_hp_loss":0.0,"gold_gain":0.0,"event_name":"Vampires","player_choice":"Ignored","floor":28.0,"gold_loss":0.0,"damage_taken":0.0},{"damage_healed":0.0,"max_hp_gain":0.0,"max_hp_loss":0.0,"gold_gain":0.0,"event_name":"The Mausoleum","player_choice":"Opened","floor":29.0,"gold_loss":0.0,"damage_taken":0.0,"relics_obtained":["Old Coin"],"cards_obtained":["Writhe"]},{"damage_healed":0.0,"max_hp_gain":0.0,"max_hp_loss":0.0,"gold_gain":0.0,"event_name":"N\u0027loth","player_choice":"Traded Relic","floor":31.0,"relics_lost":["Ring of the Snake"],"gold_loss":0.0,"damage_taken":0.0,"relics_obtained":["Nloth\u0027s Gift"]},{"damage_healed":0,"gold_gain":0,"player_choice":"Bought 0 Potions","damage_taken":0,"max_hp_gain":0,"max_hp_loss":0,"event_name":"The Woman in Blue","floor":39,"gold_loss":0},{"damage_healed":0,"gold_gain":0,"player_choice":"Memory 1","damage_taken":0,"max_hp_gain":0,"max_hp_loss":0,"event_name":"SensoryStone","floor":47,"gold_loss":0}],"is_beta":false,"boss_relics":[{"not_picked":["Eternal Feather","Lizard Tail"],"picked":"Sozu"},{"not_picked":["Pandora\u0027s Box","Calling Bell","Velvet Choker"]}],"items_purged_floors":[],"is_endless":false,"potions_floor_spawned":[2,3,12,14,16,18,36,37,38],"ascension_level":6}