{"gold_per_floor":[111,111,125,140,140,170,170,182,182,182],"floor_reached":10,"playtime":325,"items_purged":[],"score":136,"play_id":"6d0c766c-5b72-4cb2-ac46-4106996b16ab","local_time":"20190710002126","is_ascension_mode":true,"campfire_choices":[{"data":"Zap","floor":7,"key":"SMITH"}],"neow_cost":"NONE","seed_source_timestamp":604951562243068,"circlet_count":0,"master_deck":["AscendersBane","Strike_B","Strike_B","Strike_B","Defend_B","Defend_B","Defend_B","Defend_B","Zap+1","Dualcast","Lockon","Sunder","Darkness","All For One","Redo+1"],"relics":["Cracked Core","Toxic Egg 2","Meat on the Bone"],"potions_floor_usage":[6],"damage_taken":[{"damage":9,"enemies":"Small Slimes","floor":1,"turns":5},{"damage":0,"enemies":"2 Louse","floor":3,"turns":3},{"damage":9,"enemies":"Jaw Worm","floor":4,"turns":3},{"damage":20,"enemies":"Gremlin Nob","floor":6,"turns":4},{"damage":14,"enemies":"Exordium Thugs","floor":8,"turns":4},{"damage":13,"enemies":"Blue Slaver","floor":10,"turns":1}],"seed_played":"-8431906655418198363","potions_obtained":[{"floor":1,"key":"Block Potion"}],"is_trial":false,"path_per_floor":["M","?","M","M","?","E","R","M","T","M"],"character_chosen":"DEFECT","items_purchased":[],"campfire_rested":0,"item_purchase_floors":[],"current_hp_per_floor":[62,55,55,46,46,26,26,12,12,0],"gold":182,"neow_bonus":"TEN_PERCENT_HP_BONUS","is_prod":false,"is_daily":false,"chose_seed":false,"campfire_upgraded":1,"win_rate":0,"timestamp":1562685686,"path_taken":["M","?","M","M","?","E","R","M","T","M"],"build_version":"2019-07-05","purchased_purges":0,"victory":false,"max_hp_per_floor":[78,78,78,78,78,78,78,78,78,78],"card_choices":[{"not_picked":["Stack","Coolheaded"],"picked":"Lockon","floor":1},{"not_picked":["Hello World","Cold Snap"],"picked":"Sunder","floor":3},{"not_picked":["Coolheaded","Barrage"],"picked":"Darkness","floor":4},{"not_picked":["Genetic Algorithm","Cold Snap"],"picked":"All For One","floor":6},{"not_picked":["Ball Lightning","Streamline"],"picked":"Redo+1","floor":8}],"player_experience":557633,"relics_obtained":[{"floor":6,"key":"Toxic Egg 2"},{"floor":9,"key":"Meat on the Bone"}],"event_choices":[{"cards_removed":["Strike_B"],"damage_healed":0,"gold_gain":0,"player_choice":"Card Removal","damage_taken":7,"max_hp_gain":0,"max_hp_loss":0,"event_name":"Golden Wing","floor":2,"gold_loss":0},{"damage_healed":0,"gold_gain":0,"player_choice":"Ignored","damage_taken":0,"max_hp_gain":0,"max_hp_loss":0,"event_name":"Golden Idol","floor":5,"gold_loss":0}],"is_beta":false,"boss_relics":[],"items_purged_floors":[],"is_endless":false,"potions_floor_spawned":[1],"killed_by":"Blue Slaver","ascension_level":20}