{"gold_per_floor":[117,117,132,132,144,177,177,177,224,299,299,299,316,316,316,419,419,430,430,445,457,52,52,52,72,72,172,172,207,220,235,235,235],"floor_reached":33,"playtime":1693,"items_purged":[],"score":396,"play_id":"9e16cff3-22c0-4a63-b565-63124b65f20b","local_time":"20190714141316","is_ascension_mode":true,"campfire_choices":[{"floor":7.0,"key":"REST"},{"floor":11.0,"key":"REST"},{"data":"Genetic Algorithm","floor":15.0,"key":"SMITH"},{"floor":23.0,"key":"REST"},{"floor":32.0,"key":"REST"}],"neow_cost":"NONE","seed_source_timestamp":0,"circlet_count":0,"master_deck":["Strike_B","Strike_B","Strike_B","Defend_B","Defend_B","Defend_B","Defend_B","Zap","Dualcast","Rainbow","Genetic Algorithm+1","Finesse","Buffer","Auto Shields+1","Go for the Eyes+1","Ghostly","Ghostly","Ghostly","Ghostly","Ghostly","Seek","Go for the Eyes+1","BootSequence"],"special_seed":0,"relics":["Cracked Core","Juzu Bracelet","FaceOfCleric","Strawberry","Letter Opener","Bag of Marbles","Fusion Hammer","ClockworkSouvenir","Anchor","Gambling Chip","Turnip","Darkstone Periapt","PreservedInsect"],"potions_floor_usage":[33],"damage_taken":[{"damage":7.0,"enemies":"2 Louse","floor":1.0,"turns":2.0},{"damage":4.0,"enemies":"Cultist","floor":3.0,"turns":4.0},{"damage":6.0,"enemies":"Jaw Worm","floor":5.0,"turns":5.0},{"damage":26.0,"enemies":"3 Sentries","floor":6.0,"turns":8.0},{"damage":0.0,"enemies":"3 Louse","floor":13.0,"turns":3.0},{"damage":77.0,"enemies":"The Guardian","floor":16.0,"turns":11.0},{"damage":26.0,"enemies":"Spheric Guardian","floor":18.0,"turns":6.0},{"damage":2.0,"enemies":"Chosen","floor":20.0,"turns":7.0},{"damage":25.0,"enemies":"Snake Plant","floor":21.0,"turns":6.0},{"damage":0.0,"enemies":"Centurion and Healer","floor":25.0,"turns":7.0},{"damage":0.0,"enemies":"Colosseum Slavers","floor":27.0,"turns":6.0},{"damage":0.0,"enemies":"Colosseum Nobs","floor":27.0,"turns":5.0},{"damage":2.0,"enemies":"Book of Stabbing","floor":29.0,"turns":8.0},{"damage":0.0,"enemies":"Snecko","floor":30.0,"turns":8.0},{"damage":0.0,"enemies":"Shelled Parasite and Fungi","floor":31.0,"turns":7.0},{"damage":57,"enemies":"Collector","floor":33,"turns":15}],"seed_played":"-1372603302855614614","potions_obtained":[{"floor":3.0,"key":"FocusPotion"},{"floor":5.0,"key":"GamblersBrew"},{"floor":13.0,"key":"Explosive Potion"},{"floor":18.0,"key":"SkillPotion"},{"floor":27.0,"key":"Swift Potion"}],"is_trial":false,"path_per_floor":["M","?","M","?","M","E","R","?","T","?","R","?","M","?","R","B",null,"M","?","M","M","$","R","?","M","T","?","?","E","M","M","R","B"],"character_chosen":"DEFECT","items_purchased":["ClockworkSouvenir","SkillPotion","Anchor"],"campfire_rested":4,"item_purchase_floors":[22,22,22],"current_hp_per_floor":[61,61,57,57,52,34,59,47,47,36,61,84,85,85,85,9,67,42,42,41,17,17,43,43,44,44,46,46,45,46,47,50,0],"gold":235,"neow_bonus":"ONE_RANDOM_RARE_CARD","is_prod":false,"is_daily":false,"chose_seed":false,"campfire_upgraded":1,"win_rate":0,"timestamp":1563106396,"path_taken":["M","?","M","?","M","E","R","?","T","?","R","?","M","?","R","BOSS","M","?","M","M","$","R","?","M","T","?","?","E","M","M","R","BOSS"],"build_version":"2019-07-05","purchased_purges":0,"victory":false,"max_hp_per_floor":[75,75,75,75,76,84,84,84,84,84,84,84,85,85,85,86,86,87,87,88,89,89,89,44,45,45,47,47,48,49,50,50,50],"card_choices":[{"not_picked":["Turbo","Steam"],"picked":"Go for the Eyes","floor":1.0},{"not_picked":["White Noise","Static Discharge","Rebound"],"picked":"SKIP","floor":3.0},{"not_picked":["Turbo","Undo"],"picked":"Genetic Algorithm","floor":5.0},{"not_picked":["Steam","Ball Lightning","Consume"],"picked":"SKIP","floor":6.0},{"not_picked":["Darkness","Ball Lightning","Static Discharge"],"picked":"SKIP","floor":13.0},{"not_picked":["Hyperbeam","Multi-Cast"],"picked":"Buffer","floor":16.0},{"not_picked":["Barrage","Gash"],"picked":"Auto Shields+1","floor":18.0},{"not_picked":["Conserve Battery","Barrage+1","Darkness"],"picked":"SKIP","floor":20.0},{"not_picked":["Creative AI","Ball Lightning+1"],"picked":"Go for the Eyes+1","floor":21.0},{"not_picked":["Aggregate+1","Ball Lightning","Gash"],"picked":"SKIP","floor":25.0},{"not_picked":["Steam","Redo"],"picked":"Seek","floor":27.0},{"not_picked":["Force Field","Compile Driver","Ball Lightning+1"],"picked":"SKIP","floor":29.0},{"not_picked":["Streamline","Sweeping Beam"],"picked":"Go for the Eyes+1","floor":30.0},{"not_picked":["Turbo+1","Leap"],"picked":"BootSequence","floor":31.0}],"player_experience":327508,"relics_obtained":[{"floor":6.0,"key":"Strawberry"},{"floor":9.0,"key":"Bag of Marbles"},{"floor":26.0,"key":"Gambling Chip"},{"floor":27.0,"key":"Turnip"},{"floor":27.0,"key":"Darkstone Periapt"},{"floor":29.0,"key":"PreservedInsect"}],"event_choices":[{"cards_removed":["Go for the Eyes"],"damage_healed":0.0,"max_hp_gain":0.0,"max_hp_loss":0.0,"gold_gain":0.0,"event_name":"WeMeetAgain","player_choice":"Gave Card","floor":2.0,"gold_loss":0.0,"damage_taken":0.0,"relics_obtained":["Juzu Bracelet"]},{"damage_healed":0.0,"max_hp_gain":0.0,"max_hp_loss":0.0,"gold_gain":0.0,"event_name":"FaceTrader","player_choice":"Trade","floor":4.0,"gold_loss":0.0,"damage_taken":0.0,"relics_obtained":["FaceOfCleric"]},{"damage_healed":0.0,"max_hp_gain":0.0,"max_hp_loss":0.0,"gold_gain":0.0,"event_name":"Scrap Ooze","player_choice":"Success","floor":8.0,"gold_loss":0.0,"damage_taken":12.0,"relics_obtained":["Letter Opener"]},{"damage_healed":0.0,"max_hp_gain":0.0,"max_hp_loss":0.0,"gold_gain":75.0,"event_name":"World of Goop","player_choice":"Gather Gold","floor":10.0,"gold_loss":0.0,"damage_taken":11.0},{"damage_healed":23.0,"max_hp_gain":0.0,"max_hp_loss":0.0,"gold_gain":0.0,"event_name":"Wheel of Change","player_choice":"Full Heal","floor":12.0,"gold_loss":0.0,"damage_taken":0.0},{"damage_healed":0.0,"max_hp_gain":0.0,"max_hp_loss":0.0,"gold_gain":0.0,"event_name":"Match and Keep!","player_choice":"1 cards matched","floor":14.0,"gold_loss":0.0,"damage_taken":0.0,"cards_obtained":["Finesse"]},{"cards_removed":["Strike_B"],"damage_healed":0.0,"max_hp_gain":0.0,"max_hp_loss":0.0,"gold_gain":0.0,"event_name":"Purifier","player_choice":"Purged","floor":19.0,"gold_loss":0.0,"damage_taken":0.0},{"damage_healed":0.0,"max_hp_gain":0.0,"max_hp_loss":45.0,"gold_gain":0.0,"event_name":"Ghosts","player_choice":"Became a Ghost","floor":24.0,"gold_loss":0.0,"damage_taken":0.0,"cards_obtained":["Ghostly","Ghostly","Ghostly","Ghostly","Ghostly"]},{"damage_healed":0.0,"max_hp_gain":0.0,"max_hp_loss":0.0,"gold_gain":0.0,"event_name":"Colosseum","player_choice":"Fight","floor":27.0,"gold_loss":0.0,"damage_taken":0.0},{"damage_healed":0.0,"max_hp_gain":0.0,"max_hp_loss":0.0,"gold_gain":0.0,"event_name":"Colosseum","player_choice":"Fought Nobs","floor":27.0,"gold_loss":0.0,"damage_taken":0.0},{"damage_healed":0.0,"max_hp_gain":0.0,"max_hp_loss":0.0,"gold_gain":0.0,"event_name":"Vampires","player_choice":"Ignored","floor":28.0,"gold_loss":0.0,"damage_taken":0.0}],"is_beta":false,"boss_relics":[{"not_picked":["Philosopher\u0027s Stone","Empty Cage"],"picked":"Fusion Hammer"}],"items_purged_floors":[],"is_endless":false,"potions_floor_spawned":[3,5,13,18,27,27],"killed_by":"Collector","ascension_level":8}