{"gold_per_floor":[114,114,15,35,35,35,53,88,112,162,189,272,300,312,324,466,478,510,574,604,301,301],"floor_reached":22,"playtime":1712,"items_purged":["Defend_G","Defend_G"],"score":194,"play_id":"e28ac88e-d433-42cd-bf64-dcaec1e1448f","local_time":"20190528175155","is_ascension_mode":false,"campfire_choices":[{"data":"Neutralize","floor":6,"key":"SMITH"},{"floor":15,"key":"REST"}],"neow_cost":"NONE","seed_source_timestamp":922554041220724,"circlet_count":0,"master_deck":["Defend_G","Defend_G","Defend_G","Strike_G","Strike_G","Strike_G","Strike_G","Strike_G","Survivor","Neutralize+1","Deadly Poison","Bane","Backstab","Catalyst","Deadly Poison","Burst","Noxious Fumes","PiercingWail","Terror","Envenom","Infinite Blades+1","Catalyst","Backstab","Bouncing Flask"],"relics":["Ring of the Snake","NeowsBlessing","Orichalcum","Golden Idol","PreservedInsect","MawBank","Calipers","Kunai","Prayer Wheel","Black Star","Oddly Smooth Stone","Bag of Preparation"],"potions_floor_usage":[12],"damage_taken":[{"damage":0,"enemies":"Jaw Worm","floor":1,"turns":1},{"damage":0,"enemies":"Cultist","floor":4,"turns":1},{"damage":0,"enemies":"2 Louse","floor":7,"turns":1},{"damage":13,"enemies":"Gremlin Nob","floor":8,"turns":4},{"damage":14,"enemies":"Lagavulin","floor":10,"turns":5},{"damage":3,"enemies":"Blue Slaver","floor":11,"turns":2},{"damage":9,"enemies":"3 Sentries","floor":12,"turns":6},{"damage":0,"enemies":"2 Fungi Beasts","floor":13,"turns":3},{"damage":4,"enemies":"Hexaghost","floor":16,"turns":7},{"damage":18,"enemies":"Spheric Guardian","floor":18,"turns":4},{"damage":15,"enemies":"Chosen","floor":20,"turns":5},{"damage":43,"enemies":"Shelled Parasite and Fungi","floor":22,"turns":5}],"seed_played":"-1519597673983530883","potions_obtained":[{"floor":10,"key":"Fruit Juice"},{"floor":11,"key":"Poison Potion"},{"floor":12,"key":"SpeedPotion"},{"floor":13,"key":"AttackPotion"}],"is_trial":false,"path_per_floor":["M","?","$","M","?","R","M","E","T","E","M","?","M","?","R","B",null,"M","T","M","$","M"],"character_chosen":"THE_SILENT","items_purchased":["Bane","Bag of Preparation","Bouncing Flask"],"campfire_rested":1,"item_purchase_floors":[3,21,21],"current_hp_per_floor":[70,70,70,70,53,53,53,40,40,26,23,19,19,19,41,37,75,57,57,42,42,0],"gold":301,"neow_bonus":"THREE_ENEMY_KILL","is_prod":false,"is_daily":false,"chose_seed":false,"campfire_upgraded":1,"win_rate":0.0,"timestamp":1559091115,"path_taken":["M","?","$","?","?","R","M","E","T","E","M","?","M","?","R","BOSS","M","?","M","?","M"],"build_version":"2019-01-23","purchased_purges":2,"victory":false,"max_hp_per_floor":[70,70,70,70,70,70,70,70,70,70,70,75,75,75,75,75,75,75,75,75,75,75],"card_choices":[{"not_picked":["Dodge and Roll","Slice"],"picked":"Deadly Poison","floor":1},{"not_picked":["Expertise","Flechettes"],"picked":"Backstab","floor":4},{"not_picked":["Flying Knee","Quick Slash"],"picked":"Catalyst","floor":7},{"not_picked":["Blade Dance","Slice"],"picked":"Deadly Poison","floor":8},{"not_picked":["Predator","Phantasmal Killer"],"picked":"Burst","floor":10},{"not_picked":["Flying Knee","Acrobatics"],"picked":"Noxious Fumes","floor":11},{"not_picked":["Acrobatics","Backflip"],"picked":"PiercingWail","floor":12},{"not_picked":["Riddle With Holes","Backflip"],"picked":"Terror","floor":13},{"not_picked":["Venomology","Glass Knife"],"picked":"Envenom","floor":16},{"not_picked":["Acrobatics","Blade Dance"],"picked":"Infinite Blades+1","floor":18},{"not_picked":["Eviscerate+1","Masterful Stab+1","Sucker Punch"],"picked":"SKIP","floor":18},{"not_picked":["Expertise","Outmaneuver"],"picked":"Catalyst","floor":20},{"not_picked":["Deadly Poison","Masterful Stab"],"picked":"Backstab","floor":20}],"player_experience":11732,"relics_obtained":[{"floor":2,"key":"Orichalcum"},{"floor":8,"key":"PreservedInsect"},{"floor":9,"key":"MawBank"},{"floor":10,"key":"Calipers"},{"floor":12,"key":"Kunai"},{"floor":19,"key":"Oddly Smooth Stone"}],"event_choices":[{"damage_healed":0,"gold_gain":0,"player_choice":"Relic","damage_taken":0,"max_hp_gain":0,"max_hp_loss":0,"event_name":"Wheel of Change","floor":2,"gold_loss":0},{"damage_healed":0,"gold_gain":0,"player_choice":"Take Damage","damage_taken":17,"relics_obtained":["Golden Idol"],"max_hp_gain":0,"max_hp_loss":0,"event_name":"Golden Idol","floor":5,"gold_loss":0},{"damage_healed":0,"gold_gain":0,"player_choice":"Searched \u00271\u0027 times","damage_taken":0,"max_hp_gain":0,"max_hp_loss":0,"event_name":"Dead Adventurer","floor":12,"gold_loss":0},{"damage_healed":0,"gold_gain":0,"player_choice":"Gave Potion","damage_taken":0,"relics_obtained":["Prayer Wheel"],"max_hp_gain":0,"max_hp_loss":0,"event_name":"WeMeetAgain","floor":14,"gold_loss":0}],"is_beta":false,"boss_relics":[{"not_picked":["Sozu","White Beast Statue"],"picked":"Black Star"}],"items_purged_floors":[3,21],"is_endless":false,"potions_floor_spawned":[10,11,12,13],"killed_by":"Shelled Parasite and Fungi","ascension_level":0}