{"gold_per_floor":[115,115,75,51,63,63,90,108,185,185,204,204,224,254,254,356,356,371,371,388,401,401,401,417,417,417,429,429,429,442,459,459,554,554,567,667,667,716,242,242,260,105,105,117,0,18,33,33,33,33],"floor_reached":51,"playtime":2530,"items_purged":["Regret"],"score":1063,"play_id":"0f71744d-4610-4f3e-bec0-05f36cc52bdc","local_time":"20190714191707","is_ascension_mode":true,"campfire_choices":[{"data":"Zap","floor":6.0,"key":"SMITH"},{"data":"Double Energy","floor":10.0,"key":"SMITH"},{"data":"Dualcast","floor":12.0,"key":"SMITH"},{"floor":15.0,"key":"DIG"},{"floor":23,"key":"REST"},{"floor":25,"key":"DIG"},{"floor":29,"key":"REST"},{"floor":32,"key":"REST"},{"floor":40,"key":"REST"},{"floor":49,"key":"REST"}],"neow_cost":"NONE","seed_source_timestamp":0,"circlet_count":0,"master_deck":["Strike_B+1","Strike_B+1","Strike_B+1","Defend_B+1","Defend_B+1","Defend_B+1","Defend_B+1","Zap+1","Dualcast+1","Cold Snap","Coolheaded","Echo Form","Double Energy+1","Core Surge","Biased Cognition","Multi-Cast","Glacier","Go for the Eyes+1","Decay","Self Repair+1","Skim+1","Panache"],"special_seed":0,"relics":["Cracked Core","NeowsBlessing","Whetstone","Singing Bowl","Shovel","Symbiotic Virus","Runic Dome","Orichalcum","Kunai","Nilry\u0027s Codex","Cursed Key","Torii","Boot","Matryoshka","Lantern","Oddly Smooth Stone","Dodecahedron","Red Mask"],"potions_floor_usage":[18,21,27,33,33,36,46,47,50,50],"damage_taken":[{"damage":0.0,"enemies":"2 Louse","floor":1.0,"turns":1.0},{"damage":0.0,"enemies":"Jaw Worm","floor":5.0,"turns":1.0},{"damage":0.0,"enemies":"3 Sentries","floor":7.0,"turns":1.0},{"damage":0.0,"enemies":"Cultist","floor":8.0,"turns":3.0},{"damage":8.0,"enemies":"Exordium Wildlife","floor":11.0,"turns":4.0},{"damage":0.0,"enemies":"3 Louse","floor":13.0,"turns":2.0},{"damage":6.0,"enemies":"Lagavulin","floor":14.0,"turns":8.0},{"damage":20,"enemies":"The Guardian","floor":16,"turns":11},{"damage":6,"enemies":"3 Byrds","floor":18,"turns":3},{"damage":9,"enemies":"2 Thieves","floor":20,"turns":3},{"damage":18,"enemies":"Snake Plant","floor":21,"turns":2},{"damage":0,"enemies":"Shelled Parasite and Fungi","floor":24,"turns":6},{"damage":0,"enemies":"Snecko","floor":27,"turns":4},{"damage":8,"enemies":"Sentry and Sphere","floor":30,"turns":5},{"damage":17,"enemies":"Shelled Parasite and Fungi","floor":31,"turns":4},{"damage":44,"enemies":"Collector","floor":33,"turns":9},{"damage":22,"enemies":"3 Darklings","floor":35,"turns":5},{"damage":22,"enemies":"Mind Bloom Boss Battle","floor":36,"turns":4},{"damage":22,"enemies":"3 Shapes","floor":41,"turns":4},{"damage":11,"enemies":"3 Darklings","floor":44,"turns":3},{"damage":2,"enemies":"Spire Growth","floor":46,"turns":8},{"damage":0,"enemies":"Maw","floor":47,"turns":7},{"damage":40,"enemies":"Awakened One","floor":50,"turns":23}],"seed_played":"673950564728399206","potions_obtained":[{"floor":3.0,"key":"FearPotion"},{"floor":3.0,"key":"FearPotion"},{"floor":3.0,"key":"SpeedPotion"},{"floor":7.0,"key":"FocusPotion"},{"floor":11.0,"key":"FocusPotion"},{"floor":18,"key":"Weak Potion"},{"floor":24,"key":"Weak Potion"},{"floor":33,"key":"EssenceOfSteel"},{"floor":36,"key":"AttackPotion"},{"floor":44,"key":"FearPotion"},{"floor":46,"key":"Poison Potion"}],"is_trial":false,"path_per_floor":["M","?","?","$","M","R","E","M","T","R","M","R","M","E","R","B",null,"M","?","M","M","$","R","M","R","T","M","?","R","M","M","R","B",null,"M","?","?","T","$","R","M","$","T","M","?","M","M","?","R","B",null],"character_chosen":"DEFECT","items_purchased":["Coolheaded","Glacier","Matryoshka","FocusPotion","Lantern"],"campfire_rested":5,"item_purchase_floors":[4,39,39,39,42],"current_hp_per_floor":[68,68,68,68,68,68,68,68,68,68,62,62,64,58,58,38,69,65,65,58,42,42,67,69,69,69,71,55,81,75,60,87,43,81,61,41,41,41,41,70,48,48,48,37,37,55,77,77,99,69],"gold":33,"neow_bonus":"THREE_ENEMY_KILL","is_prod":false,"is_daily":false,"chose_seed":false,"campfire_upgraded":3,"win_rate":0,"timestamp":1563124627,"path_taken":["M","?","?","$","M","R","E","M","T","R","M","R","?","E","R","BOSS","M","?","M","M","$","R","M","R","T","M","?","R","M","M","R","BOSS","M","?","?","?","$","R","M","$","T","M","?","M","?","?","R","BOSS"],"build_version":"2019-07-05","purchased_purges":1,"victory":true,"max_hp_per_floor":[75,75,75,75,75,75,75,75,75,75,77,77,79,79,79,79,79,81,81,83,85,85,85,87,87,87,89,89,89,91,93,93,93,93,95,97,97,97,97,97,97,97,97,97,97,97,99,99,99,99],"card_choices":[{"not_picked":["Steam","Hologram"],"picked":"Cold Snap","floor":1.0},{"not_picked":["Heatsinks","Beam Cell","Hologram"],"picked":"SKIP","floor":5.0},{"not_picked":["FTL","Compile Driver"],"picked":"Echo Form","floor":7.0},{"not_picked":["Barrage","Aggregate"],"picked":"Double Energy","floor":8.0},{"not_picked":["Hologram","Turbo","Steam"],"picked":"Singing Bowl","floor":11.0},{"not_picked":["Rebound","Steam","Redo"],"picked":"Singing Bowl","floor":13.0},{"not_picked":["Barrage","Coolheaded"],"picked":"Core Surge","floor":14.0},{"not_picked":["Amplify","Creative AI"],"picked":"Biased Cognition","floor":16},{"not_picked":["FTL","Reinforced Body","Steam Power+1"],"picked":"Singing Bowl","floor":18},{"not_picked":["Barrage+1","Rip and Tear","Hologram+1"],"picked":"Singing Bowl","floor":20},{"not_picked":["Steam+1","Barrage","Tempest"],"picked":"Singing Bowl","floor":21},{"not_picked":["Gash","Ball Lightning+1","Barrage"],"picked":"Singing Bowl","floor":24},{"not_picked":["Hello World+1","Chaos","Cold Snap"],"picked":"Singing Bowl","floor":27},{"not_picked":["Cold Snap","Compile Driver","Steam Power"],"picked":"Singing Bowl","floor":30},{"not_picked":["Coolheaded","Leap","Sweeping Beam"],"picked":"Singing Bowl","floor":31},{"not_picked":["All For One","Creative AI"],"picked":"Multi-Cast","floor":33},{"not_picked":["Beam Cell+1","Barrage+1","Reinforced Body+1"],"picked":"Singing Bowl","floor":35},{"not_picked":["Leap","Compile Driver+1","Sweeping Beam+1"],"picked":"Singing Bowl","floor":36},{"not_picked":["Cold Snap+1","Rip and Tear+1"],"picked":"Go for the Eyes+1","floor":41},{"not_picked":["Undo","Skim"],"picked":"Self Repair+1","floor":44},{"not_picked":["Sweeping Beam","Steam+1"],"picked":"Skim+1","floor":46},{"not_picked":["Hyperbeam","BootSequence","Beam Cell+1"],"picked":"Singing Bowl","floor":47},{"not_picked":["HandOfGreed","Violence"],"picked":"Panache","floor":48}],"player_experience":329213,"relics_obtained":[{"floor":7.0,"key":"Whetstone"},{"floor":9.0,"key":"Singing Bowl"},{"floor":14.0,"key":"Shovel"},{"floor":15.0,"key":"Symbiotic Virus"},{"floor":25,"key":"Orichalcum"},{"floor":26,"key":"Kunai"},{"floor":28,"key":"Nilry\u0027s Codex"},{"floor":36,"key":"Torii"},{"floor":38,"key":"Boot"},{"floor":43,"key":"Oddly Smooth Stone"},{"floor":43,"key":"Dodecahedron"}],"event_choices":[{"cards_removed":["Strike_B"],"damage_healed":0.0,"max_hp_gain":0.0,"max_hp_loss":0.0,"gold_gain":0.0,"event_name":"Living Wall","player_choice":"Forget","floor":2.0,"gold_loss":0.0,"damage_taken":0.0},{"damage_healed":0.0,"max_hp_gain":0.0,"max_hp_loss":0.0,"gold_gain":0.0,"event_name":"The Woman in Blue","player_choice":"Bought 3 Potions","floor":3.0,"gold_loss":0.0,"damage_taken":0.0},{"damage_healed":0,"gold_gain":0,"player_choice":"Simplicity","damage_taken":0,"max_hp_gain":0,"max_hp_loss":0,"event_name":"Back to Basics","floor":19,"gold_loss":0,"cards_upgraded":["Strike_B","Defend_B","Defend_B","Defend_B","Defend_B"]},{"damage_healed":0,"gold_gain":0,"player_choice":"Obtained Book","damage_taken":16,"max_hp_gain":0,"max_hp_loss":0,"event_name":"Cursed Tome","floor":28,"gold_loss":0},{"damage_healed":0,"gold_gain":0,"player_choice":"Fight","damage_taken":0,"max_hp_gain":0,"max_hp_loss":0,"event_name":"MindBloom","floor":36,"gold_loss":0},{"damage_healed":0,"gold_gain":0,"player_choice":"Ignored","damage_taken":0,"max_hp_gain":0,"max_hp_loss":0,"event_name":"Mysterious Sphere","floor":37,"gold_loss":0},{"damage_healed":0,"gold_gain":0,"player_choice":"Paid","damage_taken":0,"relics_obtained":["Red Mask"],"max_hp_gain":0,"max_hp_loss":0,"event_name":"Tomb of Lord Red Mask","floor":45,"gold_loss":117},{"damage_healed":0,"gold_gain":0,"player_choice":"Memory 1","damage_taken":0,"max_hp_gain":0,"max_hp_loss":0,"event_name":"SensoryStone","floor":48,"gold_loss":0}],"is_beta":false,"boss_relics":[{"not_picked":["White Beast Statue","Philosopher\u0027s Stone"],"picked":"Runic Dome"},{"not_picked":["Empty Cage","Snecko Eye"],"picked":"Cursed Key"}],"items_purged_floors":[39],"is_endless":false,"potions_floor_spawned":[7,11,14,16,18,24,33,36,44,46],"ascension_level":8}