{"gold_per_floor":[114,39,39,55,75,75,88,88,112,112,187,200,200,100,100,198,198,211,237,86,86,1,1,1,1,1,16,31,42,42,53,53,53],"floor_reached":33,"playtime":2451,"items_purged":["Strike_R","Strike_R","Strike_R"],"score":235,"play_id":"04e999c5-0604-4b7c-b709-dfba8ff471e9","local_time":"20180707230455","is_ascension_mode":false,"campfire_choices":[{"data":"Bash","floor":6,"key":"SMITH"},{"data":"Body Slam","floor":10,"key":"SMITH"},{"floor":13,"key":"REST"},{"data":"Shrug It Off","floor":15,"key":"SMITH"},{"floor":23,"key":"REST"},{"data":"Impervious","floor":25,"key":"SMITH"},{"floor":30,"key":"REST"},{"data":"Shrug It Off","floor":32,"key":"SMITH"}],"neow_cost":"NONE","seed_source_timestamp":44996267341625,"circlet_count":0,"master_deck":["Strike_R","Strike_R","Defend_R","Defend_R","Defend_R","Bash+1","Body Slam+1","Shrug It Off+1","Exhume","Impervious+1","Shrug It Off+1","Shockwave+1"],"relics":["Burning Blood","Dream Catcher","Omamori","Boot","Philosopher\u0027s Stone","Red Mask","Unceasing Top","Bronze Scales"],"potions_floor_usage":[7,16,18,19,33,33,33,33],"damage_taken":[{"damage":15,"enemies":"Jaw Worm","floor":1,"turns":4},{"damage":7,"enemies":"2 Louse","floor":4,"turns":3},{"damage":1,"enemies":"Cultist","floor":5,"turns":3},{"damage":16,"enemies":"Gremlin Gang","floor":7,"turns":6},{"damage":12,"enemies":"Looter","floor":12,"turns":4},{"damage":40,"enemies":"The Guardian","floor":16,"turns":13},{"damage":19,"enemies":"2 Thieves","floor":18,"turns":4},{"damage":48,"floor":19,"turns":6},{"damage":0,"enemies":"Chosen","floor":27,"turns":3},{"damage":14,"enemies":"Centurion and Healer","floor":28,"turns":6},{"damage":0,"enemies":"Snecko","floor":29,"turns":4},{"damage":8,"enemies":"Snake Plant","floor":31,"turns":2},{"damage":77,"enemies":"Champ","floor":33,"turns":16}],"seed_played":"123108452952390663","potions_obtained":[{"floor":1,"key":"Poison Potion"},{"floor":4,"key":"SpeedPotion"},{"floor":16,"key":"PowerPotion"},{"floor":18,"key":"FearPotion"},{"floor":29,"key":"EntropicBrew"}],"is_trial":false,"path_per_floor":["M","$","?","M","M","R","M","?","T","R","?","M","R","$","R","B",null,"M","?","$","?","?","R","?","R","T","M","M","M","R","M","R"],"character_chosen":"IRONCLAD","items_purchased":["Shrug It Off"],"campfire_rested":3,"item_purchase_floors":[20],"current_hp_per_floor":[71,71,64,63,68,68,58,51,51,51,40,34,58,58,58,24,80,67,25,25,25,25,49,41,41,41,47,39,45,69,67,67,0],"gold":53,"neow_bonus":"RANDOM_COMMON_RELIC","is_prod":false,"is_daily":false,"chose_seed":false,"campfire_upgraded":5,"win_rate":0,"timestamp":1530997495,"path_taken":["M","$","?","M","?","R","M","?","T","R","?","M","R","$","R","BOSS","M","?","$","?","?","R","?","R","T","M","M","M","R","M","R","BOSS"],"build_version":"2018-07-05","purchased_purges":3,"victory":false,"max_hp_per_floor":[80,80,80,80,80,80,80,80,80,80,80,80,80,80,80,80,80,80,80,80,80,80,80,80,80,80,80,80,80,80,80,80,80],"card_choices":[{"not_picked":["Cleave","Sword Boomerang","Flame Barrier"],"picked":"SKIP","floor":1},{"not_picked":["Armaments","Warcry","Anger"],"picked":"SKIP","floor":4},{"not_picked":["Sentinel","Rampage"],"picked":"Body Slam","floor":5},{"not_picked":["Hemokinesis","Infernal Blade","Carnage"],"picked":"SKIP","floor":7},{"not_picked":["Dropkick","Iron Wave"],"picked":"Shrug It Off","floor":12},{"not_picked":["Twin Strike","Second Wind"],"picked":"Exhume","floor":13},{"not_picked":["Demon Form","Brutality"],"picked":"Impervious","floor":16},{"not_picked":["Havoc","Rage+1","Heavy Blade"],"picked":"SKIP","floor":18},{"not_picked":["Shrug It Off+1","Metallicize"],"picked":"Shockwave+1","floor":27},{"not_picked":["Hemokinesis","Wild Strike","Metallicize"],"picked":"SKIP","floor":28},{"not_picked":["Heavy Blade+1","Shrug It Off","Corruption"],"picked":"SKIP","floor":29},{"not_picked":["Clothesline","Dark Embrace","Thunderclap"],"picked":"SKIP","floor":31}],"player_experience":303028,"relics_obtained":[{"floor":9,"key":"Boot"},{"floor":19,"key":"Red Mask"},{"floor":26,"key":"Bronze Scales"}],"event_choices":[{"event_name":"Golden Wing","player_choice":"Card Removal","floor":3,"damage_taken":0},{"event_name":"Scrap Ooze","player_choice":"success","floor":8,"damage_taken":7},{"event_name":"World of Goop","player_choice":"Gather Gold","floor":11,"damage_taken":0},{"event_name":"Masked Bandits","player_choice":"Fought over 211 gold","floor":19,"damage_taken":0},{"event_name":"Ghosts","player_choice":"Ignored","floor":21,"damage_taken":0},{"event_name":"Addict","player_choice":"Obtained Relic","floor":22,"damage_taken":0},{"event_name":"Knowing Skull","player_choice":"","floor":24,"damage_taken":0}],"boss_relics":[{"not_picked":["Busted Crown","Ectoplasm"],"picked":"Philosopher\u0027s Stone"}],"items_purged_floors":[2,14,20],"is_endless":false,"potions_floor_spawned":[1,4,16,18,29],"killed_by":"Champ","ascension_level":0}