{"gold_per_floor":[113,138,153,167,177,202,221,256,256,275,293,293,36,5,5,106,106,124,138,153,78,78,78,112,132,132,165,181,96,96,111,111,207,207,224,141,38,48,60,122,122,147,147,180,60,76,76,176,176,176,176,176,7,34,34],"floor_reached":55,"playtime":4079,"items_purged":["Defend_R","Defend_R","Defend_R","Strike_R"],"score":1045,"play_id":"8b91b881-585d-47e7-998f-7ad350429c4b","local_time":"20190630221026","is_ascension_mode":true,"campfire_choices":[{"data":"1","floor":12.0,"key":"LIFT"},{"data":"2","floor":15.0,"key":"LIFT"},{"data":"3","floor":23.0,"key":"LIFT"},{"floor":30.0,"key":"RECALL"},{"floor":32.0,"key":"REST"},{"floor":41.0,"key":"REST"},{"floor":49.0,"key":"REST"},{"data":"Strike_R","floor":52.0,"key":"PURGE"}],"neow_cost":"NONE","seed_source_timestamp":92746166279966,"circlet_count":0,"master_deck":["Strike_R","Strike_R","Strike_R","Bash","Flex","Pommel Strike","Heavy Blade","Heavy Blade","Metallicize","Perfected Strike","Pommel Strike","Headbutt","Apotheosis","Feed","Anger","Power Through+1","Evolve","Flex","Whirlwind+1","Pommel Strike","Body Slam","Wild Strike","Perfected Strike","Offering","Impervious","Inflame","Flex","Whirlwind+1","Twin Strike","Rage+1","Thunderclap+1","Fire Breathing+1","Metallicize+1","Ghostly Armor","Dual Wield","Pommel Strike+1","Flex","Shrug It Off"],"special_seed":0,"relics":["Burning Blood","Ornamental Fan","Pen Nib","Girya","Fusion Hammer","Dream Catcher","Letter Opener","Bag of Preparation","Smiling Mask","Black Star","Gremlin Horn","Gambling Chip","Tiny Chest","Peace Pipe","Bag of Marbles","Dodecahedron","Omamori","Singing Bowl","Oddly Smooth Stone","Turnip"],"potions_floor_usage":[55],"damage_taken":[{"damage":6.0,"enemies":"Cultist","floor":1.0,"turns":4.0},{"damage":15.0,"enemies":"Small Slimes","floor":3.0,"turns":3.0},{"damage":12.0,"enemies":"Jaw Worm","floor":4.0,"turns":2.0},{"damage":1.0,"enemies":"2 Fungi Beasts","floor":5.0,"turns":3.0},{"damage":45.0,"enemies":"Lagavulin","floor":6.0,"turns":6.0},{"damage":3.0,"enemies":"3 Louse","floor":7.0,"turns":4.0},{"damage":20.0,"enemies":"3 Sentries","floor":8.0,"turns":10.0},{"damage":12.0,"enemies":"Looter","floor":10.0,"turns":3.0},{"damage":13.0,"enemies":"Exordium Thugs","floor":11.0,"turns":3.0},{"damage":8.0,"enemies":"The Guardian","floor":16.0,"turns":8.0},{"damage":7.0,"enemies":"Chosen","floor":18.0,"turns":3.0},{"damage":0.0,"enemies":"Spheric Guardian","floor":19.0,"turns":2.0},{"damage":4.0,"enemies":"Snake Plant","floor":20.0,"turns":4.0},{"damage":1.0,"enemies":"Gremlin Leader","floor":24.0,"turns":6.0},{"damage":27.0,"enemies":"Centurion and Healer","floor":25.0,"turns":4.0},{"damage":13.0,"enemies":"Slavers","floor":27.0,"turns":4.0},{"damage":8.0,"enemies":"Cultist and Chosen","floor":28.0,"turns":4.0},{"damage":0.0,"enemies":"Snecko","floor":31.0,"turns":2.0},{"damage":26.0,"enemies":"Champ","floor":33.0,"turns":5.0},{"damage":7.0,"enemies":"3 Shapes","floor":35.0,"turns":4.0},{"damage":0.0,"enemies":"3 Darklings","floor":38.0,"turns":1.0},{"damage":31.0,"enemies":"4 Shapes","floor":39.0,"turns":3.0},{"damage":48.0,"enemies":"Nemesis","floor":40.0,"turns":5.0},{"damage":0.0,"enemies":"Reptomancer","floor":42.0,"turns":3.0},{"damage":0.0,"enemies":"Nemesis","floor":44.0,"turns":3.0},{"damage":6.0,"enemies":"Transient","floor":46.0,"turns":5.0},{"damage":0.0,"enemies":"Maw","floor":47.0,"turns":2.0},{"damage":84.0,"enemies":"Time Eater","floor":50.0,"turns":8.0},{"damage":10.0,"enemies":"Shield and Spear","floor":54.0,"turns":5.0},{"damage":115,"enemies":"The Heart","floor":55,"turns":5}],"seed_played":"1840862261313495557","potions_obtained":[{"floor":3.0,"key":"Strength Potion"},{"floor":6.0,"key":"Weak Potion"},{"floor":7.0,"key":"Explosive Potion"},{"floor":8.0,"key":"AttackPotion"},{"floor":20.0,"key":"Block Potion"},{"floor":25.0,"key":"Block Potion"},{"floor":28.0,"key":"SmokeBomb"},{"floor":31.0,"key":"Fire Potion"}],"is_trial":false,"path_per_floor":["M","T","M","M","M","E","M","E","T","M","M","R","$","?","R","B",null,"M","M","M","?","?","R","E","M","T","E","M","?","R","M","R","B",null,"M","?","$","M","M","E","R","E","T","E","$","M","M","?","R","B",null,"R","$","E","B"],"character_chosen":"IRONCLAD","items_purchased":["Apotheosis","Flex","Ghostly Armor","Flex","AttackPotion","Shrug It Off"],"campfire_rested":3,"item_purchase_floors":[13,37,45,53,53,53],"current_hp_per_floor":[88,88,79,73,78,39,42,28,28,22,15,15,15,15,15,13,88,87,92,92,92,92,92,96,78,78,75,77,77,77,87,111,91,111,110,110,110,111,89,47,81,87,87,93,93,93,99,99,114,36,114,114,114,112,0],"gold":34,"neow_bonus":"TEN_PERCENT_HP_BONUS","is_prod":false,"is_daily":false,"chose_seed":false,"campfire_upgraded":0,"win_rate":0,"timestamp":1561957826,"path_taken":["M","?","?","M","M","E","M","E","T","M","M","R","$","?","R","BOSS","M","M","M","?","?","R","E","M","T","E","M","?","R","M","R","BOSS","M","?","?","M","M","E","R","E","T","E","$","?","M","?","R","BOSS","R","$","E","BOSS"],"build_version":"2019-01-23","purchased_purges":4,"victory":false,"max_hp_per_floor":[88,88,88,88,88,88,88,88,88,88,88,88,88,88,88,88,88,88,92,92,92,92,92,96,99,99,103,107,107,107,111,111,111,111,111,111,111,111,114,114,114,114,114,114,114,114,114,114,114,114,114,114,114,116,116],"card_choices":[{"not_picked":["Shrug It Off","Infernal Blade"],"picked":"Flex","floor":1.0},{"not_picked":["Searing Blow","Thunderclap"],"picked":"Pommel Strike","floor":3.0},{"not_picked":["Wild Strike","Berserk"],"picked":"Heavy Blade","floor":4.0},{"not_picked":["Perfected Strike","Infernal Blade"],"picked":"Heavy Blade","floor":5.0},{"not_picked":["True Grit","Infernal Blade"],"picked":"Metallicize","floor":6.0},{"not_picked":["Heavy Blade","Corruption","True Grit"],"picked":"SKIP","floor":7.0},{"not_picked":["Blood for Blood","Headbutt"],"picked":"Perfected Strike","floor":8.0},{"not_picked":["Pummel","Warcry"],"picked":"Pommel Strike","floor":10.0},{"not_picked":["Body Slam","Wild Strike"],"picked":"Headbutt","floor":11.0},{"not_picked":["Reaper","Exhume"],"picked":"Feed","floor":16.0},{"not_picked":["Sword Boomerang","Feel No Pain"],"picked":"Anger","floor":18.0},{"not_picked":["Armaments","Wild Strike"],"picked":"Power Through+1","floor":19.0},{"not_picked":["Fiend Fire","Uppercut"],"picked":"Evolve","floor":20.0},{"not_picked":["Clothesline","Headbutt"],"picked":"Whirlwind+1","floor":24.0},{"not_picked":["Armaments+1","Wild Strike"],"picked":"Pommel Strike","floor":25.0},{"not_picked":["Power Through","Burning Pact"],"picked":"Body Slam","floor":27.0},{"not_picked":["Clothesline","Sword Boomerang"],"picked":"Wild Strike","floor":28.0},{"not_picked":["Thunderclap","Wild Strike"],"picked":"Perfected Strike","floor":31.0},{"not_picked":["Cleave","Feel No Pain+1"],"picked":"Offering","floor":32.0},{"not_picked":["Fiend Fire","Brutality"],"picked":"Impervious","floor":33.0},{"not_picked":["Intimidate+1","Heavy Blade+1"],"picked":"Inflame","floor":35.0},{"not_picked":["Intimidate","True Grit+1"],"picked":"Whirlwind+1","floor":38.0},{"not_picked":["Flex","Offering"],"picked":"Twin Strike","floor":39.0},{"not_picked":["Pummel","Warcry"],"picked":"Rage+1","floor":40.0},{"not_picked":["Flame Barrier+1","Carnage+1"],"picked":"Thunderclap+1","floor":41.0},{"not_picked":["Thunderclap","Juggernaut"],"picked":"Fire Breathing+1","floor":42.0},{"not_picked":["True Grit+1","Havoc+1"],"picked":"Metallicize+1","floor":44.0},{"not_picked":["Iron Wave","Shrug It Off"],"picked":"Dual Wield","floor":46.0},{"not_picked":["Blood for Blood","Searing Blow"],"picked":"Pommel Strike+1","floor":49.0},{"not_picked":["Reaper","Clash+1","Second Wind"],"picked":"Singing Bowl","floor":54.0}],"player_experience":137410,"relics_obtained":[{"floor":6.0,"key":"Ornamental Fan"},{"floor":8.0,"key":"Pen Nib"},{"floor":9.0,"key":"Girya"},{"floor":24.0,"key":"Dream Catcher"},{"floor":26.0,"key":"Letter Opener"},{"floor":27.0,"key":"Bag of Preparation"},{"floor":40.0,"key":"Gambling Chip"},{"floor":40.0,"key":"Tiny Chest"},{"floor":42.0,"key":"Peace Pipe"},{"floor":42.0,"key":"Bag of Marbles"},{"floor":43.0,"key":"Dodecahedron"},{"floor":44.0,"key":"Omamori"},{"floor":44.0,"key":"Singing Bowl"},{"floor":54.0,"key":"Oddly Smooth Stone"},{"floor":54.0,"key":"Turnip"}],"event_choices":[{"damage_healed":0.0,"max_hp_gain":0.0,"max_hp_loss":0.0,"gold_gain":0.0,"event_name":"World of Goop","player_choice":"Left Gold","floor":14.0,"gold_loss":31.0,"damage_taken":0.0},{"cards_removed":["Defend_R"],"damage_healed":0.0,"max_hp_gain":0.0,"max_hp_loss":0.0,"gold_gain":0.0,"event_name":"Beggar","player_choice":"Gave Gold","floor":21.0,"gold_loss":75.0,"damage_taken":0.0},{"damage_healed":0.0,"max_hp_gain":0.0,"max_hp_loss":0.0,"gold_gain":0.0,"event_name":"The Library","player_choice":"Read","floor":22.0,"gold_loss":0.0,"damage_taken":0.0,"cards_obtained":["Flex"]},{"damage_healed":0.0,"max_hp_gain":0.0,"max_hp_loss":0.0,"gold_gain":0.0,"event_name":"Addict","player_choice":"Obtained Relic","floor":29.0,"gold_loss":85.0,"damage_taken":0.0,"relics_obtained":["Smiling Mask"]},{"damage_healed":0.0,"max_hp_gain":0.0,"max_hp_loss":0.0,"gold_gain":0.0,"event_name":"WeMeetAgain","player_choice":"Paid Gold","floor":36.0,"gold_loss":83.0,"damage_taken":0.0,"relics_obtained":["Gremlin Horn"]},{"damage_healed":0.0,"max_hp_gain":0.0,"max_hp_loss":0.0,"gold_gain":100.0,"event_name":"Golden Shrine","player_choice":"Pray","floor":48.0,"gold_loss":0.0,"damage_taken":0.0}],"is_beta":false,"boss_relics":[{"not_picked":["Calling Bell","Tiny House"],"picked":"Fusion Hammer"},{"not_picked":["Eternal Feather","Runic Cube"],"picked":"Black Star"}],"items_purged_floors":[13,37,45,53],"is_endless":false,"potions_floor_spawned":[3,6,7,8,20,25,28,31,35,39,40,47],"killed_by":"The Heart","ascension_level":2}