{"gold_per_floor":[119,119,69,79,91,119,119,119,188,251,20,20,46,56,56,155,155,171,320,337,357,423,423,491,243,243,274,274,299,174,189,189,289,289,301,451,501,515,213,213,315,315,315,365,49,110,124,137,137,137],"floor_reached":51,"playtime":3139,"items_purged":["Strike_R","Strike_R","Strike_R","Strike_R","Defend_R"],"score":745,"play_id":"f9c695b3-4c94-4de2-95e3-4c9c79cfccf2","local_time":"20181224021011","is_ascension_mode":false,"campfire_choices":[{"data":"Shockwave","floor":7,"key":"SMITH"},{"data":"Headbutt","floor":12,"key":"SMITH"},{"data":"Shrug It Off","floor":15,"key":"SMITH"},{"data":"Demon Form","floor":23,"key":"SMITH"},{"floor":28,"key":"REST"},{"floor":32,"key":"REST"},{"data":"Double Tap","floor":40,"key":"SMITH"},{"floor":42,"key":"REST"},{"floor":49,"key":"REST"}],"neow_cost":"NONE","seed_source_timestamp":22284685974613,"circlet_count":0,"master_deck":["Defend_R","Defend_R","Defend_R","Bash+1","Shrug It Off","Headbutt+1","Shockwave+1","Shrug It Off+1","Demon Form+1","Rampage+1","Headbutt+1","Pommel Strike+1","Body Slam+1","Cleave+1","Double Tap+1","Madness","Madness","Limit Break","Flex+1","Parasite"],"relics":["Burning Blood","Potion Belt","SsserpentHead","Pear","Lantern","Molten Egg 2","Orrery","Red Skull","Darkstone Periapt","Gremlin Horn","Shuriken","Busted Crown","StoneCalendar","Regal Pillow","Gambling Chip","Frozen Egg 2","Ornamental Fan"],"potions_floor_usage":[6,6,29,29,29,29,36,41,50],"damage_taken":[{"damage":1,"enemies":"Cultist","floor":1,"turns":4},{"damage":10,"enemies":"Small Slimes","floor":4,"turns":4},{"damage":6,"enemies":"Jaw Worm","floor":5,"turns":3},{"damage":13,"enemies":"Lagavulin","floor":6,"turns":5},{"damage":0,"enemies":"Large Slime","floor":10,"turns":4},{"damage":28,"enemies":"3 Sentries","floor":13,"turns":8},{"damage":11,"enemies":"Lots of Slimes","floor":14,"turns":5},{"damage":33,"enemies":"The Guardian","floor":16,"turns":15},{"damage":3,"enemies":"Shell Parasite","floor":18,"turns":6},{"damage":25,"enemies":"2 Thieves","floor":20,"turns":4},{"damage":3,"enemies":"Snecko","floor":22,"turns":4},{"damage":33,"enemies":"Snake Plant","floor":24,"turns":4},{"damage":46,"enemies":"Book of Stabbing","floor":27,"turns":5},{"damage":0,"enemies":"Gremlin Leader","floor":29,"turns":3},{"damage":13,"enemies":"Centurion and Healer","floor":31,"turns":6},{"damage":44,"enemies":"Collector","floor":33,"turns":6},{"damage":20,"enemies":"Orb Walker","floor":35,"turns":4},{"damage":29,"enemies":"Mind Bloom Boss Battle","floor":36,"turns":5},{"damage":7,"enemies":"3 Darklings","floor":38,"turns":3},{"damage":25,"enemies":"2 Orb Walkers","floor":41,"turns":4},{"damage":32,"enemies":"4 Shapes","floor":46,"turns":4},{"damage":16,"enemies":"Writhing Mass","floor":47,"turns":4},{"damage":12,"enemies":"Spire Growth","floor":48,"turns":4},{"damage":68,"enemies":"Time Eater","floor":50,"turns":6}],"seed_played":"3417620619383068949","potions_obtained":[{"floor":1,"key":"Energy Potion"},{"floor":5,"key":"SteroidPotion"},{"floor":13,"key":"Swift Potion"},{"floor":21,"key":"SneckoOil"},{"floor":21,"key":"BloodPotion"},{"floor":22,"key":"PowerPotion"},{"floor":24,"key":"AttackPotion"},{"floor":27,"key":"Poison Potion"},{"floor":31,"key":"Swift Potion"},{"floor":35,"key":"LiquidBronze"},{"floor":36,"key":"Block Potion"},{"floor":48,"key":"Weak Potion"}],"is_trial":false,"path_per_floor":["M","?","?","M","M","E","R","?","T","M","$","R","E","M","R","B",null,"M","?","M","?","M","R","M","$","T","E","R","E","$","M","R","B",null,"M","?","?","M","$","R","?","R","T","T","$","M","M","M","R","B",null],"character_chosen":"IRONCLAD","items_purchased":["Lantern","Red Skull","Regal Pillow","Limit Break"],"campfire_rested":4,"item_purchase_floors":[11,25,39,45],"current_hp_per_floor":[80,80,80,76,76,69,69,69,79,85,85,85,63,58,58,31,90,90,90,71,71,74,74,47,47,47,7,34,49,49,42,69,31,90,76,53,42,41,41,41,22,64,64,64,64,38,34,28,71,9],"gold":137,"neow_bonus":"UPGRADE_CARD","is_prod":false,"is_daily":false,"chose_seed":false,"campfire_upgraded":5,"win_rate":0,"timestamp":1545613811,"path_taken":["M","?","?","M","M","E","R","?","T","?","$","R","E","M","R","BOSS","M","?","M","?","?","R","?","$","T","E","R","E","$","M","R","BOSS","M","?","?","M","$","R","?","R","T","?","$","?","M","M","R","BOSS"],"build_version":"2018-12-20","purchased_purges":5,"victory":true,"max_hp_per_floor":[80,80,80,80,80,80,80,80,90,90,90,90,90,90,90,90,90,90,90,90,90,90,90,90,90,90,90,90,90,90,90,90,90,90,90,90,90,90,90,90,90,90,90,90,90,90,96,96,96,96],"card_choices":[{"not_picked":["Combust","Heavy Blade"],"picked":"Shrug It Off","floor":1},{"not_picked":["Heavy Blade","Seeing Red"],"picked":"Headbutt","floor":4},{"not_picked":["Thunderclap","Wild Strike"],"picked":"Shockwave","floor":5},{"not_picked":["Bloodletting","Headbutt","Burning Pact"],"picked":"SKIP","floor":6},{"not_picked":["Clothesline","Intimidate","Sword Boomerang"],"picked":"SKIP","floor":10},{"not_picked":["Dual Wield","Burning Pact"],"picked":"Shrug It Off","floor":13},{"not_picked":["True Grit","Metallicize","Sword Boomerang+1"],"picked":"SKIP","floor":14},{"not_picked":["Exhume","Brutality"],"picked":"Demon Form","floor":16},{"not_picked":["Rupture","Ghostly Armor"],"picked":"Rampage+1","floor":17},{"not_picked":["Intimidate","Fire Breathing"],"picked":"Headbutt+1","floor":17},{"not_picked":["Clothesline+1","Pummel+1","Whirlwind+1"],"picked":"SKIP","floor":18},{"not_picked":["Clothesline+1","Pummel+1","Whirlwind+1"],"picked":"SKIP","floor":18},{"not_picked":["Shockwave","Warcry","Shrug It Off"],"picked":"SKIP","floor":20},{"not_picked":["Carnage+1","Shrug It Off","Twin Strike+1"],"picked":"SKIP","floor":22},{"not_picked":["True Grit","Ghostly Armor+1"],"picked":"Pommel Strike+1","floor":24},{"not_picked":["Entrench","Feel No Pain+1","Sword Boomerang+1"],"picked":"SKIP","floor":27},{"not_picked":["Seeing Red","Demon Form"],"picked":"Body Slam+1","floor":29},{"not_picked":["Feel No Pain","Perfected Strike+1"],"picked":"Cleave+1","floor":31},{"not_picked":["Limit Break","Juggernaut"],"picked":"Double Tap","floor":33},{"not_picked":["Thunderclap+1"],"picked":"SKIP","floor":35},{"not_picked":["Sword Boomerang+1"],"picked":"SKIP","floor":38},{"not_picked":[],"picked":"Flex+1","floor":46},{"not_picked":["Perfected Strike+1"],"picked":"SKIP","floor":47},{"not_picked":["Clothesline+1"],"picked":"SKIP","floor":48}],"player_experience":349985,"relics_obtained":[{"floor":6,"key":"Potion Belt"},{"floor":9,"key":"Pear"},{"floor":13,"key":"Molten Egg 2"},{"floor":26,"key":"Darkstone Periapt"},{"floor":27,"key":"Gremlin Horn"},{"floor":29,"key":"Shuriken"},{"floor":36,"key":"StoneCalendar"},{"floor":41,"key":"Gambling Chip"},{"floor":43,"key":"Frozen Egg 2"},{"floor":44,"key":"Ornamental Fan"}],"event_choices":[{"damage_healed":0,"gold_gain":0,"player_choice":"Ignored","damage_taken":0,"max_hp_gain":0,"max_hp_loss":0,"event_name":"Liars Game","floor":2,"gold_loss":0},{"cards_removed":["Strike_R"],"damage_healed":0,"gold_gain":0,"player_choice":"Card Removal","damage_taken":0,"max_hp_gain":0,"max_hp_loss":0,"event_name":"The Cleric","floor":3,"gold_loss":50},{"damage_healed":0,"gold_gain":0,"player_choice":"Trade","damage_taken":0,"relics_obtained":["SsserpentHead"],"max_hp_gain":0,"max_hp_loss":0,"event_name":"FaceTrader","floor":8,"gold_loss":0},{"damage_healed":0,"gold_gain":99,"player_choice":"Stole From Cult","damage_taken":0,"max_hp_gain":0,"max_hp_loss":0,"event_name":"Nest","floor":19,"gold_loss":0},{"damage_healed":0,"gold_gain":0,"player_choice":"Bought 2 Potions","damage_taken":0,"max_hp_gain":0,"max_hp_loss":0,"event_name":"The Woman in Blue","floor":21,"gold_loss":0},{"damage_healed":0,"gold_gain":0,"player_choice":"Fight","damage_taken":0,"max_hp_gain":0,"max_hp_loss":0,"event_name":"MindBloom","floor":36,"gold_loss":0},{"damage_healed":0,"gold_gain":0,"player_choice":"Embrace Madness","damage_taken":11,"max_hp_gain":0,"max_hp_loss":0,"event_name":"Winding Halls","floor":37,"gold_loss":0,"cards_obtained":["Madness","Madness"]},{"damage_healed":0,"gold_gain":0,"player_choice":"Fight","damage_taken":0,"max_hp_gain":0,"max_hp_loss":0,"event_name":"Mysterious Sphere","floor":41,"gold_loss":0}],"is_beta":false,"boss_relics":[{"not_picked":["White Beast Statue","Fusion Hammer"],"picked":"Orrery"},{"not_picked":["Snecko Eye","Runic Dome"],"picked":"Busted Crown"}],"items_purged_floors":[11,25,30,39,45],"is_endless":false,"potions_floor_spawned":[1,5,13,22,24,27,31,35,36,48],"ascension_level":0}