{"gold_per_floor":[114,114,127,127,127,157,157,187,187,200,150,181,200,200,200,272,272,292,303,316,334,129,129,149,174,174,174,34,61,61,11,11,88,88,103,53,53],"floor_reached":37,"playtime":2066,"items_purged":["Strike_B","Strike_B","Strike_B","Defend_B","Dualcast"],"score":950,"play_id":"bf19ab83-1953-42da-8a45-ddd70efc0caa","local_time":"20190710005936","is_ascension_mode":true,"campfire_choices":[{"data":"Electrodynamics","floor":7,"key":"SMITH"},{"data":"Rainbow","floor":15,"key":"SMITH"},{"data":"Defragment","floor":23,"key":"SMITH"},{"floor":27,"key":"REST"},{"floor":32,"key":"REST"}],"neow_cost":"NONE","seed_source_timestamp":605499185920792,"circlet_count":0,"master_deck":["AscendersBane","Defend_B","Defend_B","Defend_B","Zap","Electrodynamics+1","Leap","Coolheaded","Rainbow+1","Biased Cognition","Conserve Battery","Go for the Eyes+1","Loop+1","Defragment+1","BootSequence","Capacitor","Multi-Cast","Echo Form+1"],"relics":["Cracked Core","NeowsBlessing","Smiling Mask","Thread and Needle","Letter Opener","Bag of Marbles","Runic Pyramid","WingedGreaves","Mummified Hand","Frozen Egg 2","Sozu"],"potions_floor_usage":[19,25,29],"damage_taken":[{"damage":0,"enemies":"2 Louse","floor":1,"turns":1},{"damage":0,"enemies":"Cultist","floor":3,"turns":1},{"damage":0,"enemies":"Gremlin Nob","floor":6,"turns":1},{"damage":26,"enemies":"Lagavulin","floor":8,"turns":8},{"damage":0,"enemies":"Jaw Worm","floor":10,"turns":4},{"damage":13,"enemies":"3 Sentries","floor":12,"turns":3},{"damage":3,"enemies":"Looter","floor":13,"turns":3},{"damage":3,"enemies":"The Guardian","floor":16,"turns":13},{"damage":1,"enemies":"Spheric Guardian","floor":18,"turns":3},{"damage":15,"enemies":"Chosen","floor":19,"turns":4},{"damage":15,"enemies":"Shelled Parasite and Fungi","floor":20,"turns":5},{"damage":1,"enemies":"3 Cultists","floor":21,"turns":4},{"damage":4,"enemies":"Cultist and Chosen","floor":24,"turns":3},{"damage":0,"enemies":"Gremlin Leader","floor":25,"turns":5},{"damage":31,"enemies":"Slavers","floor":29,"turns":3},{"damage":3,"enemies":"Collector","floor":33,"turns":5},{"damage":5,"enemies":"3 Shapes","floor":35,"turns":2},{"damage":57,"enemies":"2 Orb Walkers","floor":37,"turns":3}],"seed_played":"-8388712875508776780","potions_obtained":[{"floor":1,"key":"Strength Potion"},{"floor":10,"key":"Block Potion"},{"floor":12,"key":"PowerPotion"},{"floor":20,"key":"Poison Potion"},{"floor":29,"key":"LiquidBronze"},{"floor":33,"key":"FearPotion"}],"is_trial":false,"path_per_floor":["M","?","M","$","$","E","R","E","T","M","$","E","M","?","R","B",null,"M","M","M","M","$","R","M","E","T","R","$","E","$","$","R","B",null,"M","$","?"],"character_chosen":"DEFECT","items_purchased":["Defragment","BootSequence","Capacitor"],"campfire_rested":2,"item_purchase_floors":[22,22,28],"current_hp_per_floor":[64,64,64,64,64,64,64,38,38,38,38,25,22,22,22,19,58,57,42,27,26,26,26,22,22,22,43,43,12,12,12,33,30,61,56,56,0],"gold":53,"neow_bonus":"THREE_ENEMY_KILL","is_prod":false,"is_daily":false,"chose_seed":false,"campfire_upgraded":3,"win_rate":0,"timestamp":1562687976,"path_taken":["M","?","?","?","$","E","R","E","T","?","?","E","M","?","R","BOSS","M","M","?","M","$","R","M","E","T","R","$","E","?","$","R","BOSS","M","$","?"],"build_version":"2019-07-05","purchased_purges":5,"victory":false,"max_hp_per_floor":[71,71,71,71,71,71,71,71,71,71,71,71,71,71,71,71,71,71,71,71,71,71,71,71,71,71,71,71,71,71,71,71,71,71,71,71,71],"card_choices":[{"not_picked":["White Noise","Beam Cell","Turbo"],"picked":"SKIP","floor":1},{"not_picked":["Go for the Eyes","Stack"],"picked":"Leap","floor":3},{"not_picked":["Sweeping Beam","Steam","Go for the Eyes"],"picked":"SKIP","floor":6},{"not_picked":["Sunder","White Noise"],"picked":"Coolheaded","floor":8},{"not_picked":["Streamline","Go for the Eyes"],"picked":"Rainbow","floor":10},{"not_picked":["Aggregate","Blizzard","Beam Cell"],"picked":"SKIP","floor":12},{"not_picked":["Gash","Stack","Melter"],"picked":"SKIP","floor":13},{"not_picked":["Reboot","Meteor Strike"],"picked":"Biased Cognition","floor":16},{"not_picked":["Redo","Conserve Battery","Doom and Gloom"],"picked":"SKIP","floor":18},{"not_picked":["Redo","Doom and Gloom"],"picked":"Conserve Battery","floor":18},{"not_picked":["Sweeping Beam","Coolheaded","Doom and Gloom"],"picked":"SKIP","floor":19},{"not_picked":["Ball Lightning","Stack"],"picked":"Go for the Eyes+1","floor":20},{"not_picked":["Melter+1","Hologram"],"picked":"Loop+1","floor":21},{"not_picked":["Streamline","Sunder","Steam Power"],"picked":"SKIP","floor":24},{"not_picked":["Sweeping Beam+1","Steam","Stack"],"picked":"SKIP","floor":25},{"not_picked":["Barrage","Redo+1"],"picked":"Multi-Cast","floor":29},{"not_picked":["Amplify","Meteor Strike"],"picked":"Echo Form+1","floor":33},{"not_picked":["White Noise","FTL","Leap+1"],"picked":"SKIP","floor":35}],"player_experience":558161,"relics_obtained":[{"floor":6,"key":"Smiling Mask"},{"floor":8,"key":"Thread and Needle"},{"floor":9,"key":"Letter Opener"},{"floor":12,"key":"Bag of Marbles"},{"floor":25,"key":"WingedGreaves"},{"floor":26,"key":"Mummified Hand"},{"floor":29,"key":"Frozen Egg 2"}],"event_choices":[{"damage_healed":0,"gold_gain":0,"player_choice":"1 cards matched","damage_taken":0,"max_hp_gain":0,"max_hp_loss":0,"event_name":"Match and Keep!","floor":2,"gold_loss":0,"cards_obtained":["Electrodynamics"]},{"cards_removed":["Strike_B"],"damage_healed":0,"gold_gain":0,"player_choice":"Offered Basic","damage_taken":0,"max_hp_gain":0,"max_hp_loss":0,"event_name":"Bonfire Elementals","floor":14,"gold_loss":0},{"damage_healed":0,"gold_gain":0,"player_choice":"Fight","damage_taken":0,"max_hp_gain":0,"max_hp_loss":0,"event_name":"Mysterious Sphere","floor":37,"gold_loss":0}],"is_beta":false,"boss_relics":[{"not_picked":["Pandora\u0027s Box","Calling Bell"],"picked":"Runic Pyramid"},{"not_picked":["Black Star","Coffee Dripper"],"picked":"Sozu"}],"items_purged_floors":[11,22,28,31,36],"is_endless":false,"potions_floor_spawned":[1,10,12,13,20,21,29,33],"killed_by":"2 Orb Walkers","ascension_level":20}