{"gold_per_floor":[116,18,33,9,22,51,51,79,157,157,157,172,203,203,203,203],"floor_reached":16,"playtime":1026,"items_purged":[],"score":130,"play_id":"e0ed8b7d-5c6f-4031-ac75-857a1c4b8cc0","local_time":"20190629171459","is_ascension_mode":true,"campfire_choices":[{"floor":7.0,"key":"REST"},{"data":"Pommel Strike","floor":10.0,"key":"SMITH"},{"floor":15,"key":"RECALL"}],"neow_cost":"NONE","seed_source_timestamp":577336748419259,"circlet_count":0,"master_deck":["Strike_R","Strike_R","Strike_R","Strike_R","Strike_R","Defend_R","Defend_R","Defend_R","Defend_R","Bash","Writhe","Clumsy","Clumsy","Flex","Spot Weakness","Flex","Cleave","Thunderclap","Pommel Strike+1","Flex","Dark Embrace"],"special_seed":0,"relics":["Calling Bell","Omamori","Self Forming Clay","Charon\u0027s Ashes","Champion Belt","Ancient Tea Set","Bottled Lightning","Bag of Marbles","Anchor"],"potions_floor_usage":[13,16],"damage_taken":[{"damage":2.0,"enemies":"Jaw Worm","floor":1.0,"turns":3.0},{"damage":9.0,"enemies":"Cultist","floor":3.0,"turns":6.0},{"damage":11.0,"enemies":"2 Louse","floor":5.0,"turns":3.0},{"damage":33.0,"enemies":"Lagavulin","floor":6.0,"turns":8.0},{"damage":6.0,"enemies":"3 Sentries","floor":8.0,"turns":4.0},{"damage":4.0,"enemies":"Exordium Wildlife","floor":12.0,"turns":2.0},{"damage":24,"enemies":"Lagavulin","floor":13,"turns":7},{"damage":31,"enemies":"Slime Boss","floor":16,"turns":11}],"seed_played":"8303248264247574504","potions_obtained":[{"floor":3.0,"key":"SkillPotion"},{"floor":12.0,"key":"SkillPotion"},{"floor":13,"key":"Regen Potion"}],"is_trial":false,"path_per_floor":["M","?","M","$","M","E","R","E","T","R","?","M","E","?","R","B"],"character_chosen":"IRONCLAD","items_purchased":["Flex"],"campfire_rested":1,"item_purchase_floors":[4],"current_hp_per_floor":[78,78,69,69,58,25,49,43,43,43,43,39,15,15,15,0],"gold":203,"neow_bonus":"BOSS_RELIC","is_prod":false,"is_daily":false,"chose_seed":false,"campfire_upgraded":1,"win_rate":0,"timestamp":1561853699,"path_taken":["M","?","?","?","M","E","R","E","T","R","?","M","E","?","R","BOSS"],"build_version":"2019-01-23","purchased_purges":0,"victory":false,"max_hp_per_floor":[80,80,80,80,80,80,80,80,80,80,80,80,80,80,80,80],"card_choices":[{"not_picked":["Anger","Armaments"],"picked":"Flex","floor":1.0},{"not_picked":["Shrug It Off","Fiend Fire"],"picked":"Spot Weakness","floor":3.0},{"not_picked":["Clothesline","Sword Boomerang"],"picked":"Cleave","floor":5.0},{"not_picked":["Armaments","Sword Boomerang"],"picked":"Thunderclap","floor":6.0},{"not_picked":["Combust","Perfected Strike"],"picked":"Pommel Strike","floor":8.0},{"not_picked":["Sword Boomerang","Iron Wave"],"picked":"Flex","floor":12.0},{"not_picked":["Bloodletting","Sword Boomerang"],"picked":"Dark Embrace","floor":13}],"player_experience":131590,"relics_obtained":[{"floor":0.0,"key":"Omamori"},{"floor":0.0,"key":"Self Forming Clay"},{"floor":0.0,"key":"Charon\u0027s Ashes"},{"floor":6.0,"key":"Ancient Tea Set"},{"floor":8.0,"key":"Bottled Lightning"},{"floor":13,"key":"Anchor"}],"event_choices":[{"damage_healed":0.0,"max_hp_gain":0.0,"max_hp_loss":0.0,"gold_gain":0.0,"event_name":"WeMeetAgain","player_choice":"Paid Gold","floor":2.0,"gold_loss":98.0,"damage_taken":0.0,"relics_obtained":["Champion Belt"]},{"damage_healed":0.0,"max_hp_gain":0.0,"max_hp_loss":0.0,"gold_gain":0.0,"event_name":"Dead Adventurer","player_choice":"Searched \u00271\u0027 times","floor":11.0,"gold_loss":0.0,"damage_taken":0.0,"relics_obtained":["Bag of Marbles"]},{"damage_healed":0,"gold_gain":0,"player_choice":"Ignored","damage_taken":0,"max_hp_gain":0,"max_hp_loss":0,"event_name":"Shining Light","floor":14,"gold_loss":0}],"is_beta":false,"boss_relics":[],"items_purged_floors":[],"is_endless":false,"potions_floor_spawned":[3,12,13],"killed_by":"Slime Boss","ascension_level":2}