{"path_per_floor":["M","M","?","M","M","R","E","R","T","M","E","$","M","M","R","B",null,"M","M","M","?","M","R","T","R","T","M","M","?","M","E","R","B",null,"M","?","$","?","$","R","E","$","T","M","R","M","?","$","R","B"],"character_chosen":"IRONCLAD","items_purchased":["Gambling Chip","Vajra","Master of Strategy"],"gold_per_floor":[119,138,138,158,176,176,208,208,259,275,307,12,27,46,46,146,146,160,175,194,194,209,209,233,233,233,244,257,257,270,302,302,400,400,418,469,64,64,64,64,93,93,93,110,110,130,130,30,30,30],"floor_reached":51,"campfire_rested":3,"playtime":4317,"current_hp_per_floor":[80,80,73,74,62,62,43,43,43,42,36,36,38,40,40,23,80,80,78,66,66,58,58,58,58,58,56,39,39,37,24,48,46,80,75,50,50,40,40,64,45,45,45,47,47,43,43,43,67,46],"items_purged":["Strike_R","Strike_R"],"gold":30,"score":534,"play_id":"19f5d02e-27e6-4f95-a992-c1dc9ad1da01","is_prod":false,"is_daily":false,"is_ascension_mode":false,"campfire_upgraded":6,"path_taken":["M","M","?","M","?","R","E","R","T","?","E","$","M","M","R","BOSS","M","M","?","?","M","R","?","R","T","?","?","?","?","E","R","BOSS","M","?","$","?","$","R","E","$","T","M","R","M","?","?","R","BOSS"],"build_version":"2018-02-15-PROD1","purchased_purges":2,"victory":true,"master_deck":["Strike_R","Defend_R","Defend_R","Defend_R","Defend_R","Bash+1","Offering","Warcry","Anger+1","Berserk","Double Tap+1","Heavy Blade+1","Seeing Red+1","Offering","Twin Strike+1","Demon Form+1","Shrug It Off+1","Uppercut+1","Flex+1","Brutality","Infernal Blade+1","Metallicize+1","Master of Strategy","Madness","Madness","Flex+1","Fire Breathing+1","Fiend Fire","Jack Of All Trades"],"max_hp_per_floor":[80,80,80,80,80,80,80,80,80,80,80,80,80,80,80,80,80,80,80,80,80,80,80,80,80,80,80,80,80,80,80,80,80,80,80,80,80,80,80,80,80,80,80,80,80,80,80,80,80,80],"relics":["Burning Blood","Centennial Puzzle","Bag of Preparation","Gremlin Horn","Gambling Chip","Lizard Tail","Ancient Tea Set","Orichalcum","Dream Catcher","Sozu","Thread and Needle","Vajra","Red Skull","Ornamental Fan"],"card_choices":[{"not_picked":["Twin Strike","Whirlwind"],"picked":"Warcry"},{"not_picked":["Shrug It Off","Wild Strike"],"picked":"Anger"},{"not_picked":["Cleave","Second Wind"],"picked":"Berserk"},{"not_picked":["Perfected Strike","True Grit"],"picked":"Double Tap"},{"not_picked":["Whirlwind","Disarm"],"picked":"Heavy Blade"},{"not_picked":["Clothesline","Perfected Strike"],"picked":"Seeing Red"},{"not_picked":["Impervious","Fiend Fire"],"picked":"Offering"},{"not_picked":["Thunderclap","Perfected Strike"],"picked":"Twin Strike"},{"not_picked":["Whirlwind","Perfected Strike"],"picked":"Shrug It Off"},{"not_picked":["Wild Strike","Second Wind"],"picked":"Uppercut"},{"not_picked":["Armaments","Flame Barrier"],"picked":"Flex"},{"not_picked":["Demon Form","Berserk"],"picked":"Brutality"},{"not_picked":["Body Slam","Perfected Strike"],"picked":"Infernal Blade"},{"not_picked":["Feel No Pain","Warcry"],"picked":"Metallicize"},{"not_picked":["Shrug It Off","Intimidate"],"picked":"Flex"},{"not_picked":["Wild Strike","Flex"],"picked":"Fire Breathing"}],"player_experience":61154,"potions_floor_usage":[11,16,27,33,33,33],"damage_taken":[{"damage":4,"enemies":"2 Louse","floor":1,"turns":2},{"damage":6,"enemies":"Small Slimes","floor":2,"turns":3},{"damage":5,"enemies":"Jaw Worm","floor":4,"turns":4},{"damage":18,"enemies":"Gremlin Gang","floor":5,"turns":6},{"damage":25,"enemies":"Lagavulin","floor":7,"turns":6},{"damage":7,"enemies":"Red Slaver","floor":10,"turns":2},{"damage":12,"enemies":"Gremlin Nob","floor":11,"turns":3},{"damage":4,"enemies":"Large Slime","floor":13,"turns":3},{"damage":4,"enemies":"2 Fungi Beasts","floor":14,"turns":2},{"damage":23,"enemies":"Hexaghost","floor":16,"turns":7},{"damage":4,"enemies":"Spheric Guardian","floor":18,"turns":1},{"damage":8,"enemies":"3 Byrds","floor":19,"turns":3},{"damage":18,"enemies":"Centurion and Healer","floor":20,"turns":4},{"damage":14,"enemies":"3 Cultists","floor":22,"turns":4},{"damage":8,"enemies":"Snecko","floor":27,"turns":2},{"damage":23,"enemies":"Snake Plant","floor":28,"turns":4},{"damage":8,"enemies":"Centurion and Healer","floor":30,"turns":3},{"damage":19,"enemies":"Book of Stabbing","floor":31,"turns":2},{"damage":8,"enemies":"Automaton","floor":33,"turns":2},{"damage":11,"enemies":"3 Shapes","floor":35,"turns":2},{"damage":31,"enemies":"Mysterious Sphere","floor":36,"turns":4},{"damage":25,"enemies":"2 Orb Walkers","floor":41,"turns":4},{"damage":4,"enemies":"3 Darklings","floor":44,"turns":2},{"damage":10,"enemies":"Sphere and 2 Shapes","floor":46,"turns":2},{"damage":67,"enemies":"Donu and Deca","floor":50,"turns":8}],"event_choices":[{"event_name":"Golden Wing","player_choice":"Card Removal","floor":3,"damage_taken":0},{"event_name":"The Library","player_choice":"Read","floor":21,"damage_taken":0},{"event_name":"The Woman in Blue","player_choice":"Bought 0 Potions","floor":29,"damage_taken":0},{"event_name":"Mysterious Sphere","player_choice":"Fight","floor":36,"damage_taken":0},{"event_name":"Winding Halls","player_choice":"Embrace Madness","floor":38,"damage_taken":0},{"event_name":"Match and Keep!","player_choice":"2 cards matched","floor":47,"damage_taken":0}],"boss_relics":[{"not_picked":["Eternal Feather","Calling Bell"],"picked":"Lizard Tail"},{"not_picked":["Mark of Pain","Philosopher\u0027s Stone"],"picked":"Sozu"}],"potions_floor_spawned":[2,4,10,22,27,28,33,41,44],"seed_played":"3083254201201934033","ascension_level":0,"is_trial":false}