{"gold_per_floor":[118,193,193,203,10,37,2,22,22,49,76,76,103,278,278,278],"floor_reached":16,"playtime":1049,"items_purged":[],"score":148,"play_id":"1075aa1b-db3f-4a1c-8795-efff088c917c","local_time":"20190617125048","is_ascension_mode":true,"campfire_choices":[{"floor":12,"key":"REST"},{"floor":15,"key":"RECALL"}],"neow_cost":"NONE","seed_source_timestamp":0,"circlet_count":0,"master_deck":["Defend_G","Defend_G","Defend_G","Defend_G","Strike_G","Strike_G","Strike_G","Strike_G","Strike_G","Survivor","Neutralize","Acrobatics","Deflect","Bouncing Flask","Doppelganger","Cloak And Dagger","Cloak And Dagger","Distraction","Flying Knee","Doubt"],"special_seed":0,"relics":["Ring of the Snake","NeowsBlessing","Regal Pillow","Question Card","Kunai","Boot","Odd Mushroom","Pen Nib"],"potions_floor_usage":[13,16],"damage_taken":[{"damage":0.0,"enemies":"Cultist","floor":1.0,"turns":1.0},{"damage":0.0,"enemies":"Small Slimes","floor":4.0,"turns":1.0},{"damage":0.0,"enemies":"3 Sentries","floor":6.0,"turns":2.0},{"damage":5.0,"enemies":"2 Louse","floor":8.0,"turns":2.0},{"damage":27,"enemies":"Lagavulin","floor":10,"turns":7},{"damage":17,"enemies":"The Mushroom Lair","floor":11,"turns":5},{"damage":6,"enemies":"3 Sentries","floor":13,"turns":10},{"damage":50,"enemies":"Slime Boss","floor":16,"turns":11}],"seed_played":"-5573018717844411082","potions_obtained":[{"floor":6.0,"key":"Dexterity Potion"},{"floor":10,"key":"SkillPotion"},{"floor":11,"key":"Block Potion"},{"floor":13,"key":"Ancient Potion"}],"is_trial":false,"path_per_floor":["M","?","?","M","$","E","?","M","T","E","?","R","E","?","R","B"],"character_chosen":"THE_SILENT","items_purchased":["Regal Pillow","Bouncing Flask"],"campfire_rested":1,"item_purchase_floors":[5,5],"current_hp_per_floor":[70,59,52,52,52,52,69,64,64,37,20,56,50,50,50,0],"gold":278,"neow_bonus":"THREE_ENEMY_KILL","is_prod":false,"is_daily":false,"chose_seed":false,"campfire_upgraded":0,"win_rate":0,"timestamp":1560801048,"path_taken":["M","?","?","M","$","E","?","?","T","E","?","R","E","?","R","BOSS"],"build_version":"2019-01-23","purchased_purges":0,"victory":false,"max_hp_per_floor":[70,70,70,70,70,70,70,70,70,70,70,70,70,70,70,70],"card_choices":[{"not_picked":["Underhanded Strike","Eviscerate"],"picked":"Acrobatics","floor":1.0},{"not_picked":["Choke","Acrobatics"],"picked":"Deflect","floor":4.0},{"not_picked":["Dodge and Roll","Choke"],"picked":"Doppelganger","floor":6.0},{"not_picked":["Prepared","Footwork","Dagger Spray"],"picked":"Cloak And Dagger","floor":8},{"not_picked":["Infinite Blades","Slice","Dash"],"picked":"Cloak And Dagger","floor":10},{"not_picked":["Flying Knee","Dash","Choke"],"picked":"Distraction","floor":11},{"not_picked":["All Out Attack","Deadly Poison","Prepared"],"picked":"Flying Knee","floor":13}],"player_experience":94920,"relics_obtained":[{"floor":6.0,"key":"Question Card"},{"floor":9,"key":"Kunai"},{"floor":10,"key":"Boot"},{"floor":11,"key":"Odd Mushroom"},{"floor":13,"key":"Pen Nib"}],"event_choices":[{"damage_healed":0.0,"max_hp_gain":0.0,"max_hp_loss":0.0,"gold_gain":75.0,"event_name":"World of Goop","player_choice":"Gather Gold","floor":2.0,"gold_loss":0.0,"damage_taken":11.0},{"cards_removed":["Defend_G"],"damage_healed":0.0,"max_hp_gain":0.0,"max_hp_loss":0.0,"gold_gain":0.0,"event_name":"Golden Wing","player_choice":"Card Removal","floor":3.0,"gold_loss":0.0,"damage_taken":7.0},{"damage_healed":17.0,"max_hp_gain":0.0,"max_hp_loss":0.0,"gold_gain":0.0,"event_name":"The Cleric","player_choice":"Healed","floor":7.0,"gold_loss":35.0,"damage_taken":0.0},{"damage_healed":0,"gold_gain":0,"player_choice":"Fought Mushrooms","damage_taken":0,"max_hp_gain":0,"max_hp_loss":0,"event_name":"Mushrooms","floor":11,"gold_loss":0},{"damage_healed":0,"gold_gain":175,"player_choice":"AGREE","damage_taken":0,"max_hp_gain":0,"max_hp_loss":0,"event_name":"Liars Game","floor":14,"gold_loss":0,"cards_obtained":["Doubt"]}],"is_beta":false,"boss_relics":[],"items_purged_floors":[],"is_endless":false,"potions_floor_spawned":[6,10,11,13],"killed_by":"Slime Boss","ascension_level":1}