{"gold_per_floor":[110,126,146,159,12,38,38,100,100,129,129,129,169,188,188,316,316,337,337,356,391,93,93,131,55,78,78,118,118,161,185,185,304,304,325,325,0,24,357,357,389,403,403,403,433,2,224,253,253,253,253,253,37,62,62],"floor_reached":56,"playtime":8712,"items_purged":["Defend_B"],"score":1585,"play_id":"700830ff-c5cd-44aa-a0fb-cca0b7d1b156","local_time":"20190718013203","is_ascension_mode":true,"campfire_choices":[{"floor":7,"key":"REST"},{"floor":12,"key":"REST"},{"floor":15,"key":"REST"},{"data":"RitualDagger","floor":23,"key":"SMITH"},{"floor":27,"key":"REST"},{"floor":29,"key":"REST"},{"floor":32,"key":"REST"},{"floor":40,"key":"RECALL"},{"data":"Apotheosis","floor":44,"key":"SMITH"},{"data":"Seek","floor":49,"key":"SMITH"},{"data":"Machine Learning","floor":52,"key":"SMITH"}],"neow_cost":"NONE","seed_source_timestamp":368701471606500,"circlet_count":0,"master_deck":["Zap","Dualcast","Defragment","Defragment","Turbo","Redo","Machine Learning+1","Seek","Heatsinks","BootSequence","Steam","Seek+1","RitualDagger+1","Loop","Recycle","Capacitor","Reprogram","Capacitor+1","Beam Cell","Double Energy","Go for the Eyes","Reprogram","Electrodynamics","Beam Cell","Go for the Eyes","Undo","Capacitor","Force Field","Beam Cell","Blizzard","Heatsinks","Apotheosis+1","Discovery","Force Field","Double Energy","White Noise","Sunder+1","Biased Cognition","White Noise","Heatsinks+1"],"relics":["FrozenCore","Orichalcum","Whetstone","Tiny Chest","Bag of Preparation","Mercury Hourglass","Dream Catcher","Red Mask","Art of War","Bottled Lightning","Anchor","Potion Belt","Regal Pillow","Pandora\u0027s Box","Incense Burner","Blood Vial","Toolbox","Dodecahedron","PreservedInsect","Vajra"],"potions_floor_usage":[4,6,10,16,24,30,33,45,45,45,55],"damage_taken":[{"damage":1,"enemies":"Cultist","floor":1,"turns":3},{"damage":12,"enemies":"Jaw Worm","floor":2,"turns":4},{"damage":0,"enemies":"Small Slimes","floor":3,"turns":3},{"damage":1,"enemies":"3 Louse","floor":4,"turns":3},{"damage":25,"enemies":"3 Sentries","floor":6,"turns":8},{"damage":20,"enemies":"Gremlin Nob","floor":8,"turns":4},{"damage":24,"enemies":"Lagavulin","floor":10,"turns":7},{"damage":22,"enemies":"3 Sentries","floor":13,"turns":5},{"damage":7,"enemies":"Blue Slaver","floor":14,"turns":2},{"damage":32,"enemies":"The Guardian","floor":16,"turns":9},{"damage":0,"enemies":"Spheric Guardian","floor":18,"turns":6},{"damage":2,"enemies":"3 Byrds","floor":20,"turns":4},{"damage":9,"enemies":"Masked Bandits","floor":21,"turns":6},{"damage":42,"enemies":"Gremlin Leader","floor":24,"turns":8},{"damage":10,"enemies":"Slavers","floor":28,"turns":8},{"damage":4,"enemies":"Gremlin Leader","floor":30,"turns":10},{"damage":12,"enemies":"Snake Plant","floor":31,"turns":4},{"damage":19,"enemies":"Champ","floor":33,"turns":14},{"damage":0,"enemies":"Orb Walker","floor":35,"turns":3},{"damage":0,"enemies":"3 Darklings","floor":38,"turns":2},{"damage":7,"enemies":"Nemesis","floor":41,"turns":7},{"damage":0,"enemies":"Maw","floor":42,"turns":4},{"damage":0,"enemies":"Giant Head","floor":45,"turns":7},{"damage":0,"enemies":"Reptomancer","floor":48,"turns":3},{"damage":6,"enemies":"Donu and Deca","floor":50,"turns":3},{"damage":0,"enemies":"Shield and Spear","floor":54,"turns":1},{"damage":22,"enemies":"The Heart","floor":55,"turns":6}],"seed_played":"4768545186670329809","potions_obtained":[{"floor":1,"key":"EssenceOfSteel"},{"floor":3,"key":"Fire Potion"},{"floor":8,"key":"FearPotion"},{"floor":14,"key":"Swift Potion"},{"floor":21,"key":"AttackPotion"},{"floor":24,"key":"Poison Potion"},{"floor":28,"key":"Explosive Potion"},{"floor":31,"key":"Weak Potion"},{"floor":33,"key":"Block Potion"},{"floor":35,"key":"EssenceOfSteel"},{"floor":42,"key":"SkillPotion"}],"is_trial":false,"path_per_floor":["M","M","M","M","$","E","R","E","T","E","?","R","E","M","R","B",null,"M","?","M","?","$","R","E","$","T","R","E","R","E","M","R","B",null,"M","?","$","M","?","R","E","M","T","R","E","$","?","E","R","B",null,"R","$","E","B",null],"character_chosen":"DEFECT","items_purchased":["Orichalcum","Loop","Art of War","Capacitor","Heatsinks","Apotheosis","Discovery","Toolbox","Dodecahedron","Biased Cognition","White Noise"],"campfire_rested":6,"item_purchase_floors":[5,22,22,25,37,37,37,46,46,53,53],"current_hp_per_floor":[81,69,69,68,68,43,67,47,47,23,23,45,23,16,38,6,76,76,70,68,59,59,59,17,17,17,39,29,51,47,35,72,53,76,76,76,76,76,76,76,69,69,69,69,69,69,69,71,71,67,76,76,76,76,54],"gold":62,"neow_bonus":"TEN_PERCENT_HP_BONUS","is_prod":false,"is_daily":false,"chose_seed":false,"campfire_upgraded":4,"win_rate":0,"timestamp":1563406323,"path_taken":["M","M","?","M","$","E","R","E","T","E","?","R","E","M","R","BOSS","M","?","M","?","$","R","E","?","T","R","E","R","E","M","R","BOSS","M","?","$","M","?","R","E","M","T","R","E","$","?","E","R","BOSS","R","$","E","BOSS"],"build_version":"2019-07-05","purchased_purges":1,"victory":true,"max_hp_per_floor":[82,82,82,82,82,82,82,82,82,82,76,76,76,76,76,76,76,76,76,76,76,76,76,76,76,76,76,76,76,76,76,76,76,76,76,76,76,76,76,76,76,76,76,76,76,76,76,76,76,76,76,76,76,76,76],"card_choices":[{"not_picked":["Darkness","Melter"],"picked":"Defragment","floor":1},{"not_picked":["Stack","Gash","Blizzard"],"picked":"SKIP","floor":2},{"not_picked":["Compile Driver","Cold Snap"],"picked":"Defragment","floor":3},{"not_picked":["Coolheaded","Skim"],"picked":"Turbo","floor":4},{"not_picked":["Blizzard","Conserve Battery"],"picked":"Redo","floor":6},{"not_picked":["Chill","Consume"],"picked":"Machine Learning","floor":8},{"not_picked":["FTL","Hyperbeam"],"picked":"Seek","floor":10},{"not_picked":["Scrape","Streamline"],"picked":"Heatsinks","floor":13},{"not_picked":["Tempest","Gash"],"picked":"BootSequence","floor":14},{"not_picked":["Cold Snap","Redo"],"picked":"Steam","floor":15},{"not_picked":["Multi-Cast","Core Surge"],"picked":"Seek","floor":16},{"not_picked":["Leap+1","Hologram"],"picked":"Beam Cell+1","floor":18},{"not_picked":["Streamline+1","Gash","Redo"],"picked":"SKIP","floor":20},{"not_picked":["Turbo","Compile Driver"],"picked":"Recycle","floor":24},{"not_picked":["Leap","Compile Driver+1"],"picked":"Reprogram","floor":27},{"not_picked":["Skim","Hologram"],"picked":"Capacitor+1","floor":28},{"not_picked":["Thunder Strike","Glacier"],"picked":"Beam Cell","floor":29},{"not_picked":["Chill","Beam Cell"],"picked":"Double Energy","floor":30},{"not_picked":["Rip and Tear","Sweeping Beam"],"picked":"Go for the Eyes","floor":31},{"not_picked":["Sunder+1","Rebound+1"],"picked":"Reprogram","floor":32},{"not_picked":["Buffer","Amplify"],"picked":"Electrodynamics","floor":33},{"not_picked":["Ball Lightning","Compile Driver+1","Coolheaded+1"],"picked":"SKIP","floor":35},{"not_picked":["Auto Shields+1","Reinforced Body"],"picked":"Force Field","floor":38},{"not_picked":["Lockon+1","Undo"],"picked":"Double Energy","floor":41},{"not_picked":["Genetic Algorithm","Capacitor+1"],"picked":"White Noise","floor":42},{"not_picked":["Redo+1","Leap+1","Streamline"],"picked":"SKIP","floor":45},{"not_picked":["Auto Shields+1","Darkness"],"picked":"Sunder+1","floor":48},{"not_picked":["Machine Learning","Reboot"],"picked":"Heatsinks+1","floor":54}],"player_experience":160991,"relics_obtained":[{"floor":6,"key":"Whetstone"},{"floor":8,"key":"Tiny Chest"},{"floor":9,"key":"Bag of Preparation"},{"floor":10,"key":"Mercury Hourglass"},{"floor":13,"key":"Dream Catcher"},{"floor":21,"key":"Red Mask"},{"floor":24,"key":"Bottled Lightning"},{"floor":26,"key":"Anchor"},{"floor":28,"key":"Potion Belt"},{"floor":30,"key":"Regal Pillow"},{"floor":41,"key":"Incense Burner"},{"floor":45,"key":"Blood Vial"},{"floor":48,"key":"PreservedInsect"},{"floor":54,"key":"Vajra"}],"event_choices":[{"damage_healed":0,"gold_gain":0,"player_choice":"Lose Max HP","damage_taken":0,"relics_obtained":["Golden Idol"],"max_hp_gain":0,"max_hp_loss":6,"event_name":"Golden Idol","floor":11,"gold_loss":0},{"damage_healed":0,"gold_gain":0,"player_choice":"Joined the Cult","damage_taken":6,"max_hp_gain":0,"max_hp_loss":0,"event_name":"Nest","floor":19,"gold_loss":0,"cards_obtained":["RitualDagger"]},{"damage_healed":0,"gold_gain":0,"player_choice":"Fought Bandits","damage_taken":0,"max_hp_gain":0,"max_hp_loss":0,"event_name":"Masked Bandits","floor":21,"gold_loss":0},{"cards_removed":["Beam Cell"],"damage_healed":0,"gold_gain":0,"player_choice":"Removed Attack","damage_taken":0,"max_hp_gain":0,"max_hp_loss":0,"event_name":"Falling","floor":36,"gold_loss":0},{"damage_healed":0,"gold_gain":333,"player_choice":"Gave Idol","damage_taken":0,"max_hp_gain":0,"max_hp_loss":0,"event_name":"The Moai Head","floor":39,"relics_lost":["Golden Idol"],"gold_loss":0},{"damage_healed":0,"gold_gain":222,"player_choice":"Wore Mask","damage_taken":0,"max_hp_gain":0,"max_hp_loss":0,"event_name":"Tomb of Lord Red Mask","floor":47,"gold_loss":0}],"is_beta":false,"boss_relics":[{"not_picked":["Philosopher\u0027s Stone","Fusion Hammer"],"picked":"FrozenCore"},{"not_picked":["Inserter","Velvet Choker"],"picked":"Pandora\u0027s Box"}],"items_purged_floors":[22],"is_endless":false,"potions_floor_spawned":[1,3,8,14,21,24,28,31,33,35,42],"ascension_level":3}