{"gold_per_floor":[144,144,218,218,263,353,398,398,398,443,488,578,623,4,4,304,304,349,349,299,299,344,344,389,389,389,23,113,158,458,458,458,758,758,803,478,523,523,568,658,703,703,728,295,295,340,472,562,562,562],"floor_reached":51,"playtime":6698,"items_purged":[],"score":1060,"play_id":"cf6907dd-ed87-4e8a-b536-5971e9df1f0d","local_time":"20190715072944","daily_mods":["Draft","Hoarder","Midas"],"is_ascension_mode":false,"campfire_choices":[{"floor":8.0,"key":"REST"},{"floor":15.0,"key":"REST"},{"floor":23.0,"key":"REST"},{"floor":25.0,"key":"REST"},{"floor":32,"key":"REST"},{"floor":42,"key":"REST"},{"floor":49,"key":"REST"}],"neow_cost":"","seed_source_timestamp":0,"circlet_count":0,"master_deck":["Feel No Pain+1","Feel No Pain","Feel No Pain","Pummel","Pummel","Pummel","Carnage","Carnage","Carnage","Thunderclap","Thunderclap","Thunderclap","Warcry","Warcry","Warcry","Inflame","Inflame","Inflame","Havoc","Havoc","Warcry","Warcry","Warcry","Anger","Anger","Anger","True Grit","True Grit","True Grit","Thunderclap","Thunderclap","Thunderclap","Inflame","Inflame","Inflame","Armaments+1","Armaments","Shrug It Off","Shrug It Off","Shrug It Off","Pommel Strike","Pommel Strike","Pommel Strike","Warcry","Warcry","Inflame","Inflame","Inflame","Fiend Fire","Fiend Fire","Fiend Fire","Anger","Anger","Anger","Feed","Feed","Feed","Sever Soul","Sever Soul","Sever Soul","Burning Pact","Burning Pact","Burning Pact","Secret Technique","Secret Technique","Secret Technique","Exhume","Exhume","Exhume","Blood for Blood+1","Blood for Blood+1","Blood for Blood+1","Good Instincts","Good Instincts","Good Instincts","Exhume","Exhume","Exhume","Anger","Anger","Anger","Dual Wield+1","Dual Wield+1","Dual Wield+1","Barricade","Barricade","Barricade","Inflame+1","Inflame+1","Inflame+1","Immolate","Immolate","Immolate","Ghostly Armor+1","Ghostly Armor+1","Ghostly Armor+1","Rage","Rage","Rage","Dramatic Entrance","Dramatic Entrance","Dramatic Entrance","Master of Strategy","Master of Strategy","Master of Strategy","Flex","Flex","Flex","Sword Boomerang","Sword Boomerang","Sword Boomerang","Discovery","Discovery","Discovery","Transmutation","Transmutation","Transmutation","Dramatic Entrance","Dramatic Entrance","Dramatic Entrance","Inflame+1","Inflame+1","Inflame+1","Sword Boomerang+1","Sword Boomerang+1","Sword Boomerang+1","Shockwave+1","Shockwave+1","Shockwave+1"],"special_seed":18089,"relics":["Burning Blood","Torii","Champion Belt","Boot","Oddly Smooth Stone","Ginger","Juzu Bracelet","Black Star","Centennial Puzzle","Magic Flower","Membership Card","Darkstone Periapt","Pocketwatch","Omamori","Unceasing Top","Bottled Tornado","Mark of Pain","Brimstone","Nunchaku","Vajra","Prayer Wheel","Matryoshka","Blue Candle","Orichalcum","TheAbacus","Strawberry","Bronze Scales","Charon\u0027s Ashes","Happy Flower","Ice Cream"],"potions_floor_usage":[],"damage_taken":[{"damage":0.0,"enemies":"Cultist","floor":1.0,"turns":2.0},{"damage":1.0,"enemies":"Small Slimes","floor":5.0,"turns":3.0},{"damage":15.0,"enemies":"Lagavulin","floor":6.0,"turns":5.0},{"damage":8.0,"enemies":"Jaw Worm","floor":7.0,"turns":2.0},{"damage":1.0,"enemies":"Blue Slaver","floor":10.0,"turns":3.0},{"damage":0.0,"enemies":"Large Slime","floor":11.0,"turns":4.0},{"damage":6.0,"enemies":"3 Sentries","floor":12.0,"turns":4.0},{"damage":10.0,"enemies":"Exordium Thugs","floor":13.0,"turns":4.0},{"damage":41.0,"enemies":"Hexaghost","floor":16.0,"turns":8.0},{"damage":1.0,"enemies":"Chosen","floor":18.0,"turns":5.0},{"damage":24.0,"enemies":"Shell Parasite","floor":22.0,"turns":8.0},{"damage":23.0,"enemies":"Snake Plant","floor":24.0,"turns":4.0},{"damage":27.0,"enemies":"Slavers","floor":28.0,"turns":4.0},{"damage":0.0,"enemies":"Chosen and Byrds","floor":29.0,"turns":6.0},{"damage":24.0,"enemies":"Colosseum Slavers","floor":30.0,"turns":5.0},{"damage":23.0,"enemies":"Colosseum Nobs","floor":30.0,"turns":4.0},{"damage":34,"enemies":"Collector","floor":33,"turns":7},{"damage":1,"enemies":"3 Shapes","floor":35,"turns":4},{"damage":6,"enemies":"3 Darklings","floor":37,"turns":3},{"damage":1,"enemies":"Maw","floor":39,"turns":4},{"damage":16,"enemies":"Giant Head","floor":40,"turns":5},{"damage":11,"enemies":"4 Shapes","floor":41,"turns":6},{"damage":0,"enemies":"3 Darklings","floor":46,"turns":1},{"damage":0,"enemies":"2 Orb Walkers","floor":47,"turns":2},{"damage":41,"enemies":"Nemesis","floor":48,"turns":7},{"damage":34,"enemies":"Awakened One","floor":50,"turns":6}],"seed_played":"-4884104574296109442","potions_obtained":[{"floor":6.0,"key":"Regen Potion"},{"floor":7.0,"key":"FearPotion"},{"floor":10.0,"key":"BloodPotion"},{"floor":13.0,"key":"SkillPotion"},{"floor":18.0,"key":"FairyPotion"},{"floor":29.0,"key":"Dexterity Potion"},{"floor":37,"key":"PowerPotion"},{"floor":46,"key":"Regen Potion"}],"is_trial":false,"path_per_floor":["M","?","?","T","M","E","M","R","T","M","M","E","M","$","R","B",null,"M","?","?","?","M","R","M","R","T","$","E","M","?","?","R","B",null,"M","$","M","?","M","E","M","R","T","$","?","M","?","E","R","B",null],"character_chosen":"IRONCLAD","items_purchased":["Secret Technique","Ginger","Juzu Bracelet","Membership Card","Darkstone Periapt","Good Instincts","Brimstone","Nunchaku","Vajra","TheAbacus","Strawberry","Bronze Scales","Dramatic Entrance","Master of Strategy","Flex","Sword Boomerang"],"campfire_rested":7,"item_purchase_floors":[14,14,14,27,27,27,36,36,36,44,44,44,44,44,44,44],"current_hp_per_floor":[80,80,80,80,80,71,69,80,80,80,80,83,82,82,86,54,89,89,89,89,89,74,92,78,95,95,95,87,106,92,92,116,91,116,125,125,125,125,125,124,132,135,135,142,132,141,142,115,145,125],"gold":562,"neow_bonus":"","is_prod":false,"is_daily":true,"chose_seed":false,"campfire_upgraded":0,"win_rate":0,"timestamp":1563168584,"path_taken":["M","?","?","?","?","E","M","R","T","M","M","E","M","$","R","BOSS","M","?","?","?","M","R","M","R","T","?","E","M","?","?","R","BOSS","M","$","M","?","M","E","M","R","T","$","?","M","?","E","R","BOSS"],"build_version":"2019-07-05","purchased_purges":0,"victory":true,"max_hp_per_floor":[80,80,80,80,80,80,80,80,80,80,80,83,86,86,86,89,89,89,89,89,89,92,92,95,95,95,95,101,107,116,116,116,116,116,125,125,125,125,125,129,135,135,135,142,142,142,142,145,145,148],"card_choices":[{"not_picked":["Clothesline","Clash"],"picked":"Feel No Pain","floor":0.0},{"not_picked":["Headbutt","Armaments"],"picked":"Pummel","floor":0.0},{"not_picked":["Cleave","Thunderclap"],"picked":"Carnage","floor":0.0},{"not_picked":["Evolve","Clothesline"],"picked":"Thunderclap","floor":0.0},{"not_picked":["Anger","Havoc"],"picked":"Warcry","floor":0.0},{"not_picked":["Pommel Strike","Iron Wave"],"picked":"Inflame","floor":0.0},{"not_picked":["Evolve","Shrug It Off"],"picked":"Havoc","floor":0.0},{"not_picked":["Uppercut","Cleave"],"picked":"Warcry","floor":0.0},{"not_picked":["Body Slam","Cleave"],"picked":"Anger","floor":0.0},{"not_picked":["Cleave","Spot Weakness"],"picked":"True Grit","floor":0.0},{"not_picked":["Fire Breathing","Combust"],"picked":"Thunderclap","floor":0.0},{"not_picked":["Headbutt","Clothesline"],"picked":"Inflame","floor":0.0},{"not_picked":["Havoc","True Grit"],"picked":"Armaments","floor":0.0},{"not_picked":["Clash","Pommel Strike"],"picked":"Shrug It Off","floor":0.0},{"not_picked":["Cleave","Clash"],"picked":"Pommel Strike","floor":0.0},{"not_picked":["Headbutt","Whirlwind"],"picked":"Warcry","floor":1.0},{"not_picked":["Pommel Strike","Dropkick"],"picked":"Inflame","floor":5.0},{"not_picked":["Inflame","Burning Pact"],"picked":"Fiend Fire","floor":6.0},{"not_picked":["Combust","Perfected Strike","Thunderclap"],"picked":"SKIP","floor":7.0},{"not_picked":["True Grit","Sword Boomerang"],"picked":"Anger","floor":10.0},{"not_picked":["Clothesline","Armaments"],"picked":"Feed","floor":11.0},{"not_picked":["Blood for Blood","Anger"],"picked":"Sever Soul","floor":12.0},{"not_picked":["Iron Wave","Sentinel"],"picked":"Burning Pact","floor":13.0},{"not_picked":["Impervious","Brutality"],"picked":"Exhume","floor":16.0},{"not_picked":["Armaments","Shrug It Off","Anger"],"picked":"SKIP","floor":18.0},{"not_picked":["Havoc","Headbutt","Fire Breathing"],"picked":"SKIP","floor":22.0},{"not_picked":["Clothesline","Dual Wield"],"picked":"Blood for Blood+1","floor":24.0},{"not_picked":["Body Slam","Iron Wave+1"],"picked":"Exhume","floor":28.0},{"not_picked":["Burning Pact","Twin Strike+1"],"picked":"Anger","floor":29.0},{"not_picked":["Clash","Clothesline+1"],"picked":"Dual Wield+1","floor":30.0},{"not_picked":["Double Tap","Feed"],"picked":"Barricade","floor":33},{"not_picked":["Shrug It Off+1","Twin Strike"],"picked":"Inflame+1","floor":35},{"not_picked":["Wild Strike+1","Combust","Iron Wave+1"],"picked":"SKIP","floor":37},{"not_picked":["Shrug It Off+1","Carnage"],"picked":"Immolate","floor":39},{"not_picked":["Thunderclap","Evolve"],"picked":"Ghostly Armor+1","floor":40},{"not_picked":["Perfected Strike+1","Whirlwind"],"picked":"Rage","floor":41},{"not_picked":["Shrug It Off","Fire Breathing","Heavy Blade"],"picked":"SKIP","floor":41},{"not_picked":["Purity","Madness"],"picked":"Discovery","floor":45},{"not_picked":["HandOfGreed","Discovery"],"picked":"Transmutation","floor":45},{"not_picked":["Magnetism","Impatience"],"picked":"Dramatic Entrance","floor":45},{"not_picked":["Dual Wield","Twin Strike"],"picked":"Inflame+1","floor":46},{"not_picked":["Iron Wave+1","Clothesline","True Grit"],"picked":"SKIP","floor":46},{"not_picked":["True Grit+1","Metallicize"],"picked":"Sword Boomerang+1","floor":47},{"not_picked":["Pummel","Armaments"],"picked":"Shockwave+1","floor":48}],"player_experience":131231,"relics_obtained":[{"floor":4.0,"key":"Torii"},{"floor":6.0,"key":"Champion Belt"},{"floor":9.0,"key":"Boot"},{"floor":12.0,"key":"Oddly Smooth Stone"},{"floor":26.0,"key":"Magic Flower"},{"floor":28.0,"key":"Pocketwatch"},{"floor":28.0,"key":"Omamori"},{"floor":30.0,"key":"Unceasing Top"},{"floor":30.0,"key":"Bottled Tornado"},{"floor":40,"key":"Prayer Wheel"},{"floor":40,"key":"Matryoshka"},{"floor":43,"key":"Blue Candle"},{"floor":43,"key":"Orichalcum"},{"floor":47,"key":"Charon\u0027s Ashes"},{"floor":48,"key":"Happy Flower"},{"floor":48,"key":"Ice Cream"}],"event_choices":[{"damage_healed":0.0,"max_hp_gain":0.0,"max_hp_loss":0.0,"gold_gain":0.0,"event_name":"Living Wall","player_choice":"Grow","floor":2.0,"gold_loss":0.0,"damage_taken":0.0,"cards_upgraded":["Armaments"]},{"damage_healed":0.0,"max_hp_gain":0.0,"max_hp_loss":0.0,"gold_gain":74.0,"event_name":"Golden Wing","player_choice":"Gained Gold","floor":3.0,"gold_loss":0.0,"damage_taken":0.0},{"cards_removed":["Havoc"],"damage_healed":0.0,"max_hp_gain":0.0,"max_hp_loss":0.0,"gold_gain":0.0,"event_name":"Back to Basics","player_choice":"Elegance","floor":19.0,"gold_loss":0.0,"damage_taken":0.0},{"damage_healed":0.0,"max_hp_gain":0.0,"max_hp_loss":0.0,"gold_gain":0.0,"event_name":"The Joust","player_choice":"Bet on Murderer","floor":20.0,"gold_loss":50.0,"damage_taken":0.0},{"cards_removed":["Warcry"],"damage_healed":0.0,"max_hp_gain":0.0,"max_hp_loss":0.0,"gold_gain":0.0,"event_name":"WeMeetAgain","player_choice":"Gave Card","floor":21.0,"gold_loss":0.0,"damage_taken":0.0,"relics_obtained":["Centennial Puzzle"]},{"damage_healed":0.0,"max_hp_gain":0.0,"max_hp_loss":0.0,"gold_gain":0.0,"event_name":"Colosseum","player_choice":"Fight","floor":30.0,"gold_loss":0.0,"damage_taken":0.0},{"damage_healed":0.0,"max_hp_gain":0.0,"max_hp_loss":0.0,"gold_gain":0.0,"event_name":"Colosseum","player_choice":"Fought Nobs","floor":30.0,"gold_loss":0.0,"damage_taken":0.0},{"damage_healed":0.0,"max_hp_gain":0.0,"max_hp_loss":0.0,"gold_gain":0.0,"event_name":"Upgrade Shrine","player_choice":"Upgraded","floor":31.0,"gold_loss":0.0,"damage_taken":0.0,"cards_upgraded":["Feel No Pain"]},{"cards_removed":["Armaments"],"damage_healed":0,"gold_gain":0,"player_choice":"Purged","damage_taken":0,"max_hp_gain":0,"max_hp_loss":0,"event_name":"Purifier","floor":38,"gold_loss":0},{"damage_healed":0,"gold_gain":0,"player_choice":"Memory 3","damage_taken":10,"max_hp_gain":0,"max_hp_loss":0,"event_name":"SensoryStone","floor":45,"gold_loss":0},{"damage_healed":0,"gold_gain":0,"player_choice":"Fight","damage_taken":0,"max_hp_gain":0,"max_hp_loss":0,"event_name":"Mysterious Sphere","floor":47,"gold_loss":0}],"is_beta":false,"boss_relics":[{"not_picked":["Philosopher\u0027s Stone","Lizard Tail"],"picked":"Black Star"},{"not_picked":["Velvet Choker","Astrolabe"],"picked":"Mark of Pain"}],"items_purged_floors":[],"is_endless":false,"potions_floor_spawned":[6,7,10,11,13,18,22,29,30,37,46,48],"ascension_level":0}