{"gold_per_floor":[11,31,31,41,55,86,86,86,140,140,167,167,178,178,178,276,276,294,7,7,26,42,42],"floor_reached":23,"playtime":1749,"items_purged":["Parasite"],"score":246,"play_id":"acd75feb-d063-4f6a-aa60-2a1f404ec64e","local_time":"20190717002702","is_ascension_mode":true,"campfire_choices":[{"data":"Dagger Spray","floor":10,"key":"SMITH"},{"floor":12,"key":"REST"},{"data":"Phantasmal Killer","floor":15,"key":"SMITH"}],"neow_cost":"NO_GOLD","seed_source_timestamp":27907253785119,"circlet_count":0,"master_deck":["Strike_G","Strike_G","Strike_G","Strike_G","Strike_G","Defend_G","Defend_G","Defend_G","Defend_G","Defend_G","Survivor","Neutralize","Backflip","Sucker Punch","Dagger Spray+1","Quick Slash","Phantasmal Killer+1","Noxious Fumes","Burst","Backflip+1","Footwork","Die Die Die","Acrobatics","Skewer+1"],"relics":["Ring of the Snake","Letter Opener","Juzu Bracelet","Anchor","Philosopher\u0027s Stone"],"potions_floor_usage":[5,6,11,16],"damage_taken":[{"damage":0,"enemies":"Small Slimes","floor":1,"turns":3},{"damage":0,"enemies":"Cultist","floor":2,"turns":3},{"damage":6,"enemies":"2 Louse","floor":4,"turns":3},{"damage":7,"enemies":"Large Slime","floor":5,"turns":8},{"damage":12,"enemies":"Gremlin Nob","floor":6,"turns":5},{"damage":42,"enemies":"Lagavulin","floor":11,"turns":10},{"damage":3,"enemies":"Looter","floor":13,"turns":3},{"damage":64,"enemies":"Hexaghost","floor":16,"turns":11},{"damage":39,"enemies":"Shell Parasite","floor":18,"turns":9},{"damage":28,"enemies":"2 Thieves","floor":21,"turns":4},{"damage":13,"enemies":"Centurion and Healer","floor":22,"turns":3},{"damage":22,"enemies":"Book of Stabbing","floor":23,"turns":3}],"seed_played":"3190695004404624302","potions_obtained":[{"floor":1,"key":"SkillPotion"},{"floor":4,"key":"FearPotion"},{"floor":5,"key":"GhostInAJar"},{"floor":6,"key":"EssenceOfSteel"}],"is_trial":false,"path_per_floor":["M","M","?","M","M","E","?","?","T","R","E","R","M","?","R","B",null,"M","$","?","M","M","E"],"character_chosen":"THE_SILENT","items_purchased":["Footwork","Die Die Die"],"campfire_rested":1,"item_purchase_floors":[19,19],"current_hp_per_floor":[84,84,84,78,71,59,59,64,64,64,22,48,45,67,67,3,89,50,50,50,22,9,0],"gold":42,"neow_bonus":"TWENTY_PERCENT_HP_BONUS","is_prod":false,"is_daily":false,"chose_seed":false,"campfire_upgraded":2,"win_rate":0,"timestamp":1563341222,"path_taken":["M","M","?","?","M","E","?","?","T","R","E","R","M","?","R","BOSS","M","$","?","M","M","E"],"build_version":"2019-07-05","purchased_purges":1,"victory":false,"max_hp_per_floor":[84,84,84,84,84,84,84,89,89,89,89,89,89,89,89,89,89,89,86,86,86,86,86],"card_choices":[{"not_picked":["PiercingWail","Outmaneuver","Backstab"],"picked":"SKIP","floor":1},{"not_picked":["Cloak And Dagger","Accuracy"],"picked":"Backflip","floor":2},{"not_picked":["Dagger Throw","Flying Knee"],"picked":"Sucker Punch","floor":4},{"not_picked":["Heel Hook","Concentrate"],"picked":"Dagger Spray","floor":5},{"not_picked":["Prepared","Poisoned Stab"],"picked":"Quick Slash","floor":6},{"not_picked":["Bane","Infinite Blades"],"picked":"Phantasmal Killer","floor":11},{"not_picked":["Sucker Punch","Dagger Spray"],"picked":"Noxious Fumes","floor":13},{"not_picked":["Unload","Bullet Time"],"picked":"Burst","floor":16},{"not_picked":["Underhanded Strike","Deadly Poison"],"picked":"Backflip+1","floor":18},{"not_picked":["Predator+1","Outmaneuver"],"picked":"Skewer+1","floor":21},{"not_picked":["Poisoned Stab","Dagger Throw+1","Endless Agony"],"picked":"SKIP","floor":22}],"player_experience":104208,"relics_obtained":[{"floor":6,"key":"Letter Opener"},{"floor":9,"key":"Juzu Bracelet"},{"floor":11,"key":"Anchor"}],"event_choices":[{"damage_healed":0,"gold_gain":0,"player_choice":"0 cards matched","damage_taken":0,"max_hp_gain":0,"max_hp_loss":0,"event_name":"Match and Keep!","floor":3,"gold_loss":0,"cards_obtained":[]},{"damage_healed":0,"gold_gain":0,"player_choice":"Ignored","damage_taken":0,"max_hp_gain":0,"max_hp_loss":0,"event_name":"Liars Game","floor":7,"gold_loss":0},{"damage_healed":0,"gold_gain":0,"player_choice":"Donut","damage_taken":0,"max_hp_gain":5,"max_hp_loss":0,"event_name":"Big Fish","floor":8,"gold_loss":0},{"damage_healed":22,"gold_gain":0,"player_choice":"Healed and dodged fight","damage_taken":0,"max_hp_gain":0,"max_hp_loss":0,"event_name":"Mushrooms","floor":14,"gold_loss":0,"cards_obtained":["Parasite"]},{"damage_healed":0,"gold_gain":0,"player_choice":"Read","damage_taken":0,"max_hp_gain":0,"max_hp_loss":0,"event_name":"The Library","floor":20,"gold_loss":0,"cards_obtained":["Acrobatics"]}],"is_beta":false,"boss_relics":[{"not_picked":["Tiny House","Black Star"],"picked":"Philosopher\u0027s Stone"}],"items_purged_floors":[19],"is_endless":false,"potions_floor_spawned":[1,4,5,6],"killed_by":"Book of Stabbing","ascension_level":2}