{"gold_per_floor":[112,112,130,144,158,185,249,279,304,304,304,322,322,55,55,153,153,171,183,183,133,145,145,164,164,189,222,222,253,278,278],"floor_reached":31,"playtime":2398,"items_purged":["Phantasmal Killer","Writhe"],"score":348,"play_id":"c491b990-c696-43c1-aeaf-9d74764a7edd","local_time":"20190617133101","is_ascension_mode":true,"campfire_choices":[{"floor":13,"key":"REST"},{"floor":15,"key":"RECALL"},{"data":"Cloak And Dagger","floor":23,"key":"SMITH"},{"data":"Cloak And Dagger","floor":28,"key":"SMITH"}],"neow_cost":"NONE","seed_source_timestamp":501479150999979,"circlet_count":0,"master_deck":["Survivor","Neutralize","Blur","Deadly Poison","Sucker Punch","PiercingWail","All Out Attack+1","Deadly Poison","Sucker Punch","Burst","Dagger Spray+1","Terror","Terror","Backflip","Tools of the Trade","Dagger Spray","Cloak And Dagger+1","Cloak And Dagger+1","Clumsy","Clumsy","Deadly Poison+1","Acrobatics","Infinite Blades","Bane","PiercingWail","Bite","Bite","Bite","Bite","Bite","Backflip+1","Accuracy+1","Blade Dance"],"relics":["Pandora\u0027s Box","Pocketwatch","Happy Flower","Regal Pillow","Whetstone","Boot","MealTicket","Calling Bell","Smiling Mask","Mercury Hourglass","Torii","Ornamental Fan","Dead Branch","Red Mask"],"potions_floor_usage":[18,27],"damage_taken":[{"damage":8,"enemies":"Jaw Worm","floor":1,"turns":2},{"damage":0,"enemies":"Cultist","floor":3,"turns":3},{"damage":0,"enemies":"2 Louse","floor":4,"turns":2},{"damage":0,"enemies":"2 Fungi Beasts","floor":5,"turns":3},{"damage":0,"enemies":"Lagavulin","floor":6,"turns":9},{"damage":13,"enemies":"Gremlin Nob","floor":7,"turns":4},{"damage":19,"enemies":"3 Sentries","floor":8,"turns":5},{"damage":9,"enemies":"3 Louse","floor":12,"turns":3},{"damage":6,"enemies":"Hexaghost","floor":16,"turns":10},{"damage":1,"enemies":"Chosen","floor":18,"turns":4},{"damage":3,"enemies":"3 Byrds","floor":19,"turns":3},{"damage":18,"enemies":"Centurion and Healer","floor":22,"turns":5},{"damage":0,"enemies":"Snake Plant","floor":24,"turns":4},{"damage":36,"enemies":"Slavers","floor":27,"turns":4},{"damage":15,"enemies":"Book of Stabbing","floor":29,"turns":7},{"damage":0,"enemies":"Masked Bandits","floor":30,"turns":2},{"damage":17,"enemies":"Colosseum Slavers","floor":31,"turns":3}],"seed_played":"-3675709422229302564","potions_obtained":[{"floor":1,"key":"SteroidPotion"},{"floor":6,"key":"Block Potion"},{"floor":12,"key":"Ancient Potion"},{"floor":16,"key":"Fire Potion"},{"floor":19,"key":"PowerPotion"},{"floor":24,"key":"SkillPotion"},{"floor":27,"key":"EssenceOfSteel"}],"is_trial":false,"path_per_floor":["M","?","M","M","M","E","?","E","T","?","?","M","R","$","R","B",null,"M","M","?","$","M","R","M","?","T","E","R","E","?","?"],"character_chosen":"THE_SILENT","items_purchased":["MealTicket"],"campfire_rested":1,"item_purchase_floors":[14],"current_hp_per_floor":[62,62,62,62,62,62,49,30,30,30,30,21,57,57,57,51,70,69,66,66,70,52,52,52,49,49,17,17,12,12,0],"gold":278,"neow_bonus":"BOSS_RELIC","is_prod":false,"is_daily":false,"chose_seed":false,"campfire_upgraded":2,"win_rate":0,"timestamp":1560803461,"path_taken":["M","?","M","?","M","E","?","E","T","?","?","?","R","$","R","BOSS","M","M","?","$","M","R","M","?","T","E","R","E","?","?"],"build_version":"2019-01-23","purchased_purges":2,"victory":false,"max_hp_per_floor":[70,70,70,70,70,70,70,70,70,70,70,70,70,70,70,70,70,70,70,70,70,70,70,70,49,49,49,49,49,49,49],"card_choices":[{"not_picked":["Setup","Outmaneuver"],"picked":"Dagger Spray","floor":1},{"not_picked":["Dodge and Roll","All Out Attack"],"picked":"Terror","floor":3},{"not_picked":["PiercingWail","Dodge and Roll"],"picked":"Terror","floor":4},{"not_picked":["Slice","Quick Slash"],"picked":"Backflip","floor":5},{"not_picked":["Dodge and Roll","Doppelganger"],"picked":"Tools of the Trade","floor":6},{"not_picked":["Concentrate","Outmaneuver"],"picked":"Dagger Spray","floor":7},{"not_picked":["PiercingWail","Backflip"],"picked":"Cloak And Dagger","floor":8},{"not_picked":["Heel Hook","Blur"],"picked":"Cloak And Dagger","floor":12},{"not_picked":["Bouncing Flask","Outmaneuver"],"picked":"Deadly Poison+1","floor":18},{"not_picked":["Sucker Punch","Distraction"],"picked":"Acrobatics","floor":19},{"not_picked":["After Image","Dagger Spray"],"picked":"Bane","floor":22},{"not_picked":["Caltrops","Quick Slash"],"picked":"PiercingWail","floor":24},{"not_picked":["Endless Agony","Acrobatics"],"picked":"Backflip+1","floor":27},{"not_picked":["Slice","Heel Hook"],"picked":"Accuracy+1","floor":29},{"not_picked":["Dagger Throw","Acrobatics"],"picked":"Blade Dance","floor":30}],"player_experience":95969,"relics_obtained":[{"floor":6,"key":"Happy Flower"},{"floor":7,"key":"Regal Pillow"},{"floor":8,"key":"Whetstone"},{"floor":9,"key":"Boot"},{"floor":17,"key":"Smiling Mask"},{"floor":17,"key":"Mercury Hourglass"},{"floor":17,"key":"Torii"},{"floor":27,"key":"Ornamental Fan"},{"floor":29,"key":"Dead Branch"},{"floor":30,"key":"Red Mask"}],"event_choices":[{"cards_removed":["Grand Finale"],"damage_healed":0,"gold_gain":0,"player_choice":"Gave Card","damage_taken":0,"relics_obtained":["Pocketwatch"],"max_hp_gain":0,"max_hp_loss":0,"event_name":"WeMeetAgain","floor":2,"gold_loss":0},{"damage_healed":0,"gold_gain":0,"player_choice":"Searched \u00271\u0027 times","damage_taken":0,"max_hp_gain":0,"max_hp_loss":0,"event_name":"Dead Adventurer","floor":7,"gold_loss":0},{"damage_healed":0,"gold_gain":0,"player_choice":"Ignored","damage_taken":0,"max_hp_gain":0,"max_hp_loss":0,"event_name":"Liars Game","floor":10,"gold_loss":0},{"damage_healed":0,"gold_gain":0,"player_choice":"0 cards matched","damage_taken":0,"max_hp_gain":0,"max_hp_loss":0,"event_name":"Match and Keep!","floor":11,"gold_loss":0,"cards_obtained":[]},{"damage_healed":0,"gold_gain":0,"player_choice":"Read","damage_taken":0,"max_hp_gain":0,"max_hp_loss":0,"event_name":"The Library","floor":20,"gold_loss":0,"cards_obtained":["Infinite Blades"]},{"damage_healed":0,"gold_gain":0,"player_choice":"Became a vampire","damage_taken":0,"max_hp_gain":0,"max_hp_loss":21,"event_name":"Vampires","floor":25,"gold_loss":0,"cards_obtained":["Bite","Bite","Bite","Bite","Bite"]},{"damage_healed":0,"gold_gain":0,"player_choice":"Fought Bandits","damage_taken":0,"max_hp_gain":0,"max_hp_loss":0,"event_name":"Masked Bandits","floor":30,"gold_loss":0},{"damage_healed":0,"gold_gain":0,"player_choice":"Fight","damage_taken":0,"max_hp_gain":0,"max_hp_loss":0,"event_name":"Colosseum","floor":31,"gold_loss":0}],"is_beta":false,"boss_relics":[{"not_picked":["Astrolabe","Tiny House"],"picked":"Calling Bell"}],"items_purged_floors":[14,21],"is_endless":false,"potions_floor_spawned":[1,6,12,16,19,24,27],"killed_by":"Colosseum Slavers","ascension_level":1}