{"gold_per_floor":[117,135,150,168,186,186,211,223,223,249,249,261,261,261,261,335,335,335,235,235],"floor_reached":20,"playtime":1018,"items_purged":[],"score":376,"play_id":"9d203599-f6af-4310-8e89-5c704aa48b9f","local_time":"20181127012737","is_ascension_mode":true,"campfire_choices":[{"data":"Neutralize","floor":6,"key":"SMITH"},{"data":"Noxious Fumes","floor":11,"key":"SMITH"},{"data":"Well Laid Plans","floor":15,"key":"SMITH"}],"neow_cost":"NONE","seed_source_timestamp":633657425565557,"circlet_count":0,"master_deck":["AscendersBane","Defend_G","Defend_G","Defend_G","Defend_G","Defend_G","Strike_G","Strike_G","Strike_G","Strike_G","Strike_G","Survivor","Neutralize+1","Crippling Poison","Noxious Fumes+1","Quick Slash","Bane","Well Laid Plans+1","Cloak And Dagger","Glass Knife+1","Predator+1","Adrenaline","Dagger Throw+1","PiercingWail"],"relics":["Cursed Key","Pear","Molten Egg 2","Ectoplasm"],"potions_floor_usage":[4,7,8,10,16,19,20],"damage_taken":[{"damage":7,"enemies":"Jaw Worm","floor":1,"turns":5},{"damage":4,"enemies":"Cultist","floor":2,"turns":5},{"damage":6,"enemies":"Small Slimes","floor":3,"turns":4},{"damage":7,"enemies":"Gremlin Gang","floor":4,"turns":4},{"damage":3,"enemies":"2 Fungi Beasts","floor":5,"turns":4},{"damage":19,"enemies":"Gremlin Nob","floor":7,"turns":4},{"damage":3,"enemies":"3 Louse","floor":8,"turns":3},{"damage":2,"enemies":"Lagavulin","floor":10,"turns":6},{"damage":4,"enemies":"Exordium Wildlife","floor":12,"turns":4},{"damage":9,"enemies":"Hexaghost","floor":16,"turns":9},{"damage":15,"enemies":"Spheric Guardian","floor":18,"turns":4},{"damage":24,"enemies":"2 Thieves","floor":19,"turns":4},{"damage":35,"enemies":"Snecko","floor":20,"turns":5}],"seed_played":"3012196627976936030","potions_obtained":[{"floor":1,"key":"PowerPotion"},{"floor":3,"key":"Poison Potion"},{"floor":7,"key":"SkillPotion"},{"floor":8,"key":"Strength Potion"},{"floor":14,"key":"AttackPotion"},{"floor":14,"key":"Fruit Juice"},{"floor":16,"key":"FearPotion"}],"is_trial":false,"path_per_floor":["M","M","M","M","M","R","E","M","T","E","R","M","$","?","R","B",null,"M","M","M"],"character_chosen":"THE_SILENT","items_purchased":[],"campfire_rested":0,"item_purchase_floors":[],"current_hp_per_floor":[52,48,42,35,32,32,23,20,20,18,18,14,14,14,14,10,63,48,24,0],"gold":235,"neow_bonus":"BOSS_RELIC","is_prod":false,"is_daily":false,"chose_seed":false,"campfire_upgraded":3,"win_rate":0,"timestamp":1543249657,"path_taken":["M","M","M","M","M","R","E","M","T","E","R","M","$","?","R","BOSS","M","M","?"],"build_version":"2018-11-15","purchased_purges":0,"victory":false,"max_hp_per_floor":[66,66,66,66,66,66,76,76,76,76,76,76,76,76,76,81,81,81,81,81],"card_choices":[{"not_picked":["Setup","Flying Knee"],"picked":"Crippling Poison","floor":1},{"not_picked":["Sucker Punch","Bane"],"picked":"Noxious Fumes","floor":2},{"not_picked":["Deflect","Deadly Poison","Finisher"],"picked":"SKIP","floor":3},{"not_picked":["Deadly Poison","Poisoned Stab"],"picked":"Quick Slash","floor":4},{"not_picked":["Slice","Expertise"],"picked":"Bane","floor":5},{"not_picked":["Dagger Throw","Unload"],"picked":"Well Laid Plans","floor":7},{"not_picked":["Well Laid Plans","Underhanded Strike"],"picked":"Cloak And Dagger","floor":8},{"not_picked":["Reflex","Deflect"],"picked":"Glass Knife","floor":10},{"not_picked":["Cloak And Dagger","Endless Agony+1"],"picked":"Predator+1","floor":12},{"not_picked":["Glass Knife+1","Night Terror"],"picked":"Adrenaline","floor":16},{"not_picked":["Poisoned Stab+1","PiercingWail"],"picked":"Dagger Throw+1","floor":18},{"not_picked":["Outmaneuver","Underhanded Strike+1"],"picked":"PiercingWail","floor":19}],"player_experience":447245,"relics_obtained":[{"floor":7,"key":"Pear"},{"floor":10,"key":"Molten Egg 2"}],"event_choices":[{"damage_healed":0,"gold_gain":0,"player_choice":"Got Potions","damage_taken":0,"max_hp_gain":0,"max_hp_loss":0,"event_name":"Lab","floor":14,"gold_loss":0}],"is_beta":false,"boss_relics":[{"not_picked":["Pandora\u0027s Box","Runic Dome"],"picked":"Ectoplasm"}],"items_purged_floors":[],"is_endless":false,"potions_floor_spawned":[1,3,7,8,16],"killed_by":"Snecko","ascension_level":20}