{"gold_per_floor":[109,109,109,127,127,158,158,493,520,251,269,93,113,124,124,124],"floor_reached":16,"playtime":919,"items_purged":["Strike_B","Strike_B"],"score":121,"play_id":"fe006cdf-28bb-4c18-be34-a55b98aa9127","local_time":"20190718023946","is_ascension_mode":true,"campfire_choices":[{"floor":7,"key":"REST"},{"floor":15,"key":"REST"}],"neow_cost":"NONE","seed_source_timestamp":7522147726507,"circlet_count":0,"master_deck":["Strike_B","Defend_B","Defend_B","Defend_B","Defend_B","Zap","Dualcast","Undo","Coolheaded","Blizzard","Chill","Coolheaded","Loop","Conserve Battery","Turbo"],"relics":["Cracked Core","Juzu Bracelet","Orichalcum","Old Coin","Bag of Marbles","MealTicket"],"potions_floor_usage":[8,8,14,16,16],"damage_taken":[{"damage":7,"enemies":"Small Slimes","floor":1,"turns":2},{"damage":1,"enemies":"2 Louse","floor":4,"turns":2},{"damage":16,"enemies":"Lagavulin","floor":6,"turns":11},{"damage":19,"enemies":"3 Sentries","floor":8,"turns":8},{"damage":1,"enemies":"Cultist","floor":11,"turns":6},{"damage":20,"enemies":"Exordium Thugs","floor":13,"turns":9},{"damage":10,"enemies":"Gremlin Gang","floor":14,"turns":4},{"damage":72,"enemies":"Hexaghost","floor":16,"turns":18}],"seed_played":"-1077043872227255219","potions_obtained":[{"floor":1,"key":"Explosive Potion"},{"floor":6,"key":"Energy Potion"},{"floor":8,"key":"SkillPotion"},{"floor":11,"key":"SteroidPotion"},{"floor":14,"key":"Explosive Potion"}],"is_trial":false,"path_per_floor":["M","?","?","M","?","E","R","E","T","$","M","$","M","M","R","B"],"character_chosen":"DEFECT","items_purchased":["MealTicket","Loop"],"campfire_rested":2,"item_purchase_floors":[10,12],"current_hp_per_floor":[68,68,68,67,72,56,80,61,61,61,60,75,55,45,69,0],"gold":124,"neow_bonus":"RANDOM_COMMON_RELIC","is_prod":false,"is_daily":false,"chose_seed":false,"campfire_upgraded":0,"win_rate":0,"timestamp":1563435586,"path_taken":["M","?","?","M","?","E","R","E","T","$","M","$","M","M","R","BOSS"],"build_version":"2019-07-17","purchased_purges":2,"victory":false,"max_hp_per_floor":[75,75,75,75,80,80,80,80,80,80,80,80,80,80,80,80],"card_choices":[{"not_picked":["Fusion","Defragment"],"picked":"Undo","floor":1},{"not_picked":["Sweeping Beam","Hologram"],"picked":"Coolheaded","floor":4},{"not_picked":["Leap","FTL"],"picked":"Blizzard","floor":6},{"not_picked":["Reinforced Body","Storm"],"picked":"Chill","floor":8},{"not_picked":["Lockon","Gash"],"picked":"Coolheaded","floor":11},{"not_picked":["Go for the Eyes","Beam Cell"],"picked":"Conserve Battery","floor":13},{"not_picked":["Glacier","Conserve Battery"],"picked":"Turbo","floor":14}],"player_experience":149418,"relics_obtained":[{"floor":6,"key":"Orichalcum"},{"floor":8,"key":"Old Coin"},{"floor":9,"key":"Bag of Marbles"}],"event_choices":[{"damage_healed":0,"gold_gain":0,"player_choice":"Ignored","damage_taken":0,"max_hp_gain":0,"max_hp_loss":0,"event_name":"Liars Game","floor":2,"gold_loss":0},{"cards_removed":["Strike_B"],"damage_healed":0,"gold_gain":0,"player_choice":"Offered Basic","damage_taken":0,"max_hp_gain":0,"max_hp_loss":0,"event_name":"Bonfire Elementals","floor":3,"gold_loss":0},{"damage_healed":0,"gold_gain":0,"player_choice":"Donut","damage_taken":0,"max_hp_gain":5,"max_hp_loss":0,"event_name":"Big Fish","floor":5,"gold_loss":0}],"is_beta":false,"boss_relics":[],"items_purged_floors":[10,12],"is_endless":false,"potions_floor_spawned":[1,6,8,11,14],"killed_by":"Hexaghost","ascension_level":2}