{"gold_per_floor":[116,116,66,79,4,4,22,22,46,85,99,118,118,143,143,267,267,292,36,49,49,62,62,102,102],"floor_reached":25,"playtime":2223,"items_purged":["Defend_G","Defend_G"],"score":245,"play_id":"661deea3-b2ff-473c-85d9-c2aeec8ad9f9","local_time":"20190703131829","is_ascension_mode":true,"campfire_choices":[{"floor":6.0,"key":"RECALL"},{"floor":15.0,"key":"REST"},{"floor":23,"key":"REST"}],"neow_cost":"NONE","seed_source_timestamp":0,"circlet_count":0,"master_deck":["Strike_G","Strike_G","Defend_G","Defend_G","Survivor","Neutralize","Dodge and Roll+1","Cloak And Dagger+1","Crippling Poison","Dodge and Roll","Escape Plan","Poisoned Stab","Escape Plan","Venomology","Caltrops+1","Slice+1","Flying Knee","Deflect+1","Flying Knee","Quick Slash+1"],"special_seed":0,"relics":["Fusion Hammer","Golden Idol","PreservedInsect","Astrolabe","Boot","Tingsha"],"potions_floor_usage":[20,22,24,25],"damage_taken":[{"damage":0.0,"enemies":"Cultist","floor":1.0,"turns":5.0},{"damage":2.0,"enemies":"Small Slimes","floor":4.0,"turns":4.0},{"damage":0.0,"enemies":"2 Louse","floor":7.0,"turns":4.0},{"damage":14.0,"enemies":"Gremlin Nob","floor":10.0,"turns":5.0},{"damage":8.0,"enemies":"Exordium Wildlife","floor":11.0,"turns":6.0},{"damage":12.0,"enemies":"Exordium Thugs","floor":12.0,"turns":7.0},{"damage":0.0,"enemies":"3 Louse","floor":14.0,"turns":4.0},{"damage":13.0,"enemies":"The Guardian","floor":16.0,"turns":15.0},{"damage":20.0,"enemies":"2 Thieves","floor":18.0,"turns":5.0},{"damage":16,"enemies":"Shell Parasite","floor":20,"turns":5},{"damage":8,"enemies":"Centurion and Healer","floor":22,"turns":8},{"damage":31,"enemies":"Gremlin Leader","floor":24,"turns":6},{"damage":32,"enemies":"Cultist and Chosen","floor":25,"turns":5}],"seed_played":"4507647763122711535","potions_obtained":[{"floor":4.0,"key":"Fruit Juice"},{"floor":7.0,"key":"Energy Potion"},{"floor":10.0,"key":"SteroidPotion"},{"floor":12.0,"key":"Fire Potion"},{"floor":16.0,"key":"Swift Potion"},{"floor":18.0,"key":"AttackPotion"}],"is_trial":false,"path_per_floor":["M","?","?","M","$","R","M","?","T","E","M","M","?","M","R","B",null,"M","$","M","?","M","R","E","M"],"character_chosen":"THE_SILENT","items_purchased":["Boot"],"campfire_rested":2,"item_purchase_floors":[19],"current_hp_per_floor":[70,53,53,51,51,56,56,56,56,42,34,22,22,22,44,31,75,55,55,39,39,31,53,22,0],"gold":102,"neow_bonus":"BOSS_RELIC","is_prod":false,"is_daily":false,"chose_seed":false,"campfire_upgraded":0,"win_rate":0,"timestamp":1562185109,"path_taken":["M","?","?","M","$","R","M","?","T","E","M","?","?","M","R","BOSS","M","$","M","?","M","R","E","M"],"build_version":"2019-07-01","purchased_purges":2,"victory":false,"max_hp_per_floor":[70,70,70,70,70,75,75,75,75,75,75,75,75,75,75,75,75,75,75,75,75,75,75,75,75],"card_choices":[{"not_picked":["Dodge and Roll","Acrobatics","Tactician"],"picked":"SKIP","floor":1.0},{"not_picked":["Acrobatics","Tactician"],"picked":"Dodge and Roll","floor":1.0},{"not_picked":["Dash","PiercingWail"],"picked":"Cloak And Dagger","floor":4.0},{"not_picked":["Footwork","Eviscerate"],"picked":"Crippling Poison","floor":7.0},{"not_picked":["Flechettes","Sucker Punch"],"picked":"Dodge and Roll","floor":10.0},{"not_picked":["Backflip","Prepared"],"picked":"Escape Plan","floor":11.0},{"not_picked":["Flying Knee","Dodge and Roll"],"picked":"Poisoned Stab","floor":12.0},{"not_picked":["Dagger Throw","Flechettes"],"picked":"Escape Plan","floor":14.0},{"not_picked":["Bullet Time","Corpse Explosion"],"picked":"Venomology","floor":16.0},{"not_picked":["Riddle With Holes","Backflip"],"picked":"Flying Knee","floor":18.0},{"not_picked":["Escape Plan","Blade Dance"],"picked":"Deflect+1","floor":20},{"not_picked":["Dodge and Roll","Quick Slash"],"picked":"Flying Knee","floor":22},{"not_picked":["Leg Sweep","Concentrate"],"picked":"Quick Slash+1","floor":24}],"player_experience":149548,"relics_obtained":[{"floor":10.0,"key":"PreservedInsect"},{"floor":24,"key":"Tingsha"}],"event_choices":[{"damage_healed":0.0,"max_hp_gain":0.0,"max_hp_loss":0.0,"gold_gain":0.0,"event_name":"Golden Idol","player_choice":"Take Damage","floor":2.0,"gold_loss":0.0,"damage_taken":17.0,"relics_obtained":["Golden Idol"]},{"cards_removed":["Defend_G"],"damage_healed":0.0,"max_hp_gain":0.0,"max_hp_loss":0.0,"gold_gain":0.0,"event_name":"The Cleric","player_choice":"Card Removal","floor":3.0,"gold_loss":50.0,"damage_taken":0.0},{"damage_healed":0.0,"max_hp_gain":0.0,"max_hp_loss":0.0,"gold_gain":0.0,"event_name":"Living Wall","player_choice":"Grow","floor":8.0,"gold_loss":0.0,"damage_taken":0.0,"cards_upgraded":["Cloak And Dagger"]},{"damage_healed":0.0,"max_hp_gain":0.0,"max_hp_loss":0.0,"gold_gain":0.0,"event_name":"Upgrade Shrine","player_choice":"Upgraded","floor":13.0,"gold_loss":0.0,"damage_taken":0.0,"cards_upgraded":["Dodge and Roll"]},{"cards_removed":["Calculated Gamble"],"damage_healed":0,"gold_gain":0,"player_choice":"Elegance","damage_taken":0,"max_hp_gain":0,"max_hp_loss":0,"event_name":"Back to Basics","floor":21,"gold_loss":0}],"is_beta":false,"boss_relics":[{"not_picked":["Velvet Choker","Coffee Dripper"],"picked":"Astrolabe"}],"items_purged_floors":[5,19],"is_endless":false,"potions_floor_spawned":[4,7,10,12,16,18,24],"killed_by":"Cultist and Chosen","ascension_level":2}