{"gold_per_floor":[114,114,18,33,48,48,78,78,103,68,83,83,113,63,63,163,163,178,253,268,283,298,298,328,343,343,343,373,473,473,503,503,603,603,618,31,46,46,61,61,91,91,91,121,150,150,165,180,180,180],"floor_reached":51,"playtime":7709,"items_purged":["Parasite"],"score":973,"play_id":"53bff231-9eb0-4282-b006-20394286d122","local_time":"20190710194753","daily_mods":["Cursed Run","Green Cards","Elite Swarm"],"is_ascension_mode":false,"campfire_choices":[{"data":"Footwork","floor":6.0,"key":"SMITH"},{"data":"Barricade","floor":8.0,"key":"SMITH"},{"data":"Corruption","floor":12.0,"key":"SMITH"},{"data":"Combust","floor":15.0,"key":"SMITH"},{"floor":23.0,"key":"REST"},{"floor":27.0,"key":"REST"},{"floor":32.0,"key":"REST"},{"floor":40,"key":"REST"},{"floor":42,"key":"REST"},{"data":"Offering","floor":49,"key":"SMITH"}],"neow_cost":"","seed_source_timestamp":0,"circlet_count":0,"master_deck":["Strike_R+1","Strike_R+1","Strike_R+1","Strike_R+1","Defend_R+1","Defend_R+1","Defend_R+1","Defend_R+1","Bash","Rupture","Footwork+1","Headbutt","Blur","Dagger Spray","Barricade+1","Corruption+1","Combust+1","Storm of Steel","Offering+1","Disarm","Backflip","Iron Wave+1","Night Terror","Tools of the Trade","Shrug It Off","Reaper","Quick Slash","Night Terror","Feed","Caltrops","Night Terror","Thinking Ahead","Outmaneuver","Berserk","Flame Barrier+1","Limit Break","Exhume","Quick Slash+1","Leg Sweep+1","Armaments","Blade Dance+1","Leg Sweep+1","Injury"],"special_seed":18087,"relics":["Cursed Key","Darkstone Periapt","Du-Vu Doll","Gambling Chip","Centennial Puzzle","Omamori","Black Star","Question Card","Anchor","Bottled Flame","Matryoshka","Letter Opener","Girya","Pear","Torii","FossilizedHelix","Runic Dome","DollysMirror","Oddly Smooth Stone","Prayer Wheel","Charon\u0027s Ashes","Potion Belt","Bottled Lightning","Self Forming Clay","Ornamental Fan","Dead Branch"],"potions_floor_usage":[41,48,50],"damage_taken":[{"damage":0.0,"enemies":"Cultist","floor":1.0,"turns":3.0},{"damage":0.0,"enemies":"Small Slimes","floor":4.0,"turns":3.0},{"damage":1.0,"enemies":"Jaw Worm","floor":5.0,"turns":3.0},{"damage":15.0,"enemies":"Lagavulin","floor":7.0,"turns":8.0},{"damage":8.0,"enemies":"Lots of Slimes","floor":11.0,"turns":2.0},{"damage":16.0,"enemies":"Gremlin Nob","floor":13.0,"turns":4.0},{"damage":32.0,"enemies":"Slime Boss","floor":16.0,"turns":7.0},{"damage":13.0,"enemies":"3 Byrds","floor":18.0,"turns":3.0},{"damage":9.0,"enemies":"Spheric Guardian","floor":20.0,"turns":4.0},{"damage":17.0,"enemies":"Centurion and Healer","floor":21.0,"turns":4.0},{"damage":15.0,"enemies":"Shelled Parasite and Fungi","floor":22.0,"turns":6.0},{"damage":21.0,"enemies":"Book of Stabbing","floor":24.0,"turns":5.0},{"damage":10.0,"enemies":"Snake Plant","floor":25.0,"turns":5.0},{"damage":22.0,"enemies":"Gremlin Leader","floor":28.0,"turns":7.0},{"damage":11.0,"enemies":"Colosseum Slavers","floor":29.0,"turns":5.0},{"damage":25.0,"enemies":"Colosseum Nobs","floor":29.0,"turns":4.0},{"damage":9.0,"enemies":"Slavers","floor":31.0,"turns":5.0},{"damage":23.0,"enemies":"Champ","floor":33.0,"turns":12.0},{"damage":15,"enemies":"3 Darklings","floor":35,"turns":10},{"damage":8,"enemies":"3 Shapes","floor":37,"turns":6},{"damage":65,"enemies":"Spire Growth","floor":39,"turns":6},{"damage":32,"enemies":"Giant Head","floor":41,"turns":7},{"damage":41,"enemies":"Reptomancer","floor":44,"turns":8},{"damage":0,"enemies":"2 Orb Walkers","floor":45,"turns":3},{"damage":0,"enemies":"Sphere and 2 Shapes","floor":47,"turns":1},{"damage":6,"enemies":"3 Darklings","floor":48,"turns":1},{"damage":0,"enemies":"Donu and Deca","floor":50,"turns":2}],"seed_played":"5181335540580506732","potions_obtained":[{"floor":2.0,"key":"Fruit Juice"},{"floor":2.0,"key":"Energy Potion"},{"floor":2.0,"key":"LiquidBronze"},{"floor":7.0,"key":"PowerPotion"},{"floor":13.0,"key":"FearPotion"},{"floor":22.0,"key":"Swift Potion"},{"floor":24.0,"key":"Swift Potion"},{"floor":25.0,"key":"Ancient Potion"},{"floor":29.0,"key":"PowerPotion"},{"floor":31.0,"key":"FearPotion"},{"floor":33.0,"key":"SteroidPotion"},{"floor":35,"key":"GamblersBrew"},{"floor":37,"key":"SpeedPotion"},{"floor":45,"key":"Ancient Potion"},{"floor":48,"key":"Fire Potion"}],"is_trial":false,"path_per_floor":["M","?","$","M","M","R","E","R","T","$","M","R","E","?","R","B",null,"M","?","M","M","M","R","E","M","T","R","E","?","?","E","R","B",null,"M","$","M","?","M","R","E","R","T","E","?","?","M","M","R","B",null],"character_chosen":"IRONCLAD","items_purchased":["Footwork","Headbutt","Corruption","DollysMirror","Oddly Smooth Stone","Thinking Ahead"],"campfire_rested":5,"item_purchase_floors":[3,3,10,36,36,36],"current_hp_per_floor":[80,80,80,80,84,84,69,69,75,75,67,67,51,51,51,19,91,78,69,60,43,28,55,34,24,24,51,29,11,11,11,41,107,107,110,107,102,102,40,73,51,84,90,74,80,80,80,101,101,124],"gold":180,"neow_bonus":"","is_prod":false,"is_daily":true,"chose_seed":false,"campfire_upgraded":5,"win_rate":0,"timestamp":1562780873,"path_taken":["M","?","$","M","?","R","E","R","T","?","M","R","E","?","R","BOSS","M","?","M","?","M","R","E","M","T","R","E","?","?","E","R","BOSS","M","$","M","?","?","R","E","R","T","E","?","?","M","M","R","BOSS"],"build_version":"2019-07-05","purchased_purges":1,"victory":true,"max_hp_per_floor":[80,80,80,80,85,85,85,85,91,91,91,91,91,91,91,91,91,91,91,91,91,91,91,91,91,91,91,91,101,101,101,101,107,107,110,107,110,110,113,113,113,113,119,122,128,128,128,128,128,137],"card_choices":[{"not_picked":["Underhanded Strike","Crippling Poison"],"picked":"Rupture","floor":1.0},{"not_picked":["Flex","Shrug It Off"],"picked":"Blur","floor":4.0},{"not_picked":["Tactician","Heavy Blade"],"picked":"Dagger Spray","floor":5.0},{"not_picked":["Bludgeon","Night Terror"],"picked":"Barricade","floor":7.0},{"not_picked":["Flying Knee","Seeing Red"],"picked":"Combust","floor":11.0},{"not_picked":["Wraith Form v2","Immolate"],"picked":"Storm of Steel","floor":13.0},{"not_picked":["Phantasmal Killer","Double Tap"],"picked":"Offering","floor":16.0},{"not_picked":["Intimidate","Bane+1"],"picked":"Disarm","floor":18.0},{"not_picked":["Concentrate","Outmaneuver"],"picked":"Backflip","floor":20.0},{"not_picked":["Pommel Strike","Calculated Gamble"],"picked":"Iron Wave+1","floor":21.0},{"not_picked":["Perfected Strike","Noxious Fumes"],"picked":"Night Terror","floor":22.0},{"not_picked":["Barricade","Wraith Form v2"],"picked":"Tools of the Trade","floor":24.0},{"not_picked":["Escape Plan","Perfected Strike","Corruption"],"picked":"Shrug It Off","floor":25.0},{"not_picked":["Double Tap","Brutality","Limit Break"],"picked":"Reaper","floor":28.0},{"not_picked":["Heavy Blade","Cloak And Dagger","Reflex"],"picked":"Quick Slash","floor":29.0},{"not_picked":["After Image","Bludgeon","Tools of the Trade"],"picked":"Night Terror","floor":31.0},{"not_picked":["Demon Form","Wraith Form v2","Doppelganger"],"picked":"Feed","floor":33.0},{"not_picked":["Headbutt+1","Finisher","Prepared"],"picked":"Caltrops","floor":35},{"not_picked":["Havoc+1","Clash","Dagger Spray+1"],"picked":"Outmaneuver","floor":37},{"not_picked":["Flex+1","Twin Strike","Heavy Blade"],"picked":"Flame Barrier+1","floor":39},{"not_picked":["Berserk","Wraith Form v2","Brutality"],"picked":"Limit Break","floor":41},{"not_picked":["Impervious","Limit Break","Glass Knife"],"picked":"Exhume","floor":44},{"not_picked":["Slice","Iron Wave","Clothesline"],"picked":"Quick Slash+1","floor":45},{"not_picked":["Flex","Underhanded Strike+1","Pommel Strike"],"picked":"Leg Sweep+1","floor":47},{"not_picked":["Flex","Footwork","Intimidate+1"],"picked":"Armaments","floor":47},{"not_picked":["Clash+1","Headbutt+1","Noxious Fumes+1"],"picked":"Blade Dance+1","floor":48},{"not_picked":["Headbutt+1","Deflect+1","Noxious Fumes"],"picked":"Leg Sweep+1","floor":48}],"player_experience":112013,"relics_obtained":[{"floor":7.0,"key":"Gambling Chip"},{"floor":9.0,"key":"Centennial Puzzle"},{"floor":13.0,"key":"Omamori"},{"floor":24.0,"key":"Question Card"},{"floor":24.0,"key":"Anchor"},{"floor":26.0,"key":"Bottled Flame"},{"floor":28.0,"key":"Matryoshka"},{"floor":28.0,"key":"Letter Opener"},{"floor":29.0,"key":"Girya"},{"floor":29.0,"key":"Pear"},{"floor":31.0,"key":"Torii"},{"floor":31.0,"key":"FossilizedHelix"},{"floor":41,"key":"Prayer Wheel"},{"floor":41,"key":"Charon\u0027s Ashes"},{"floor":43,"key":"Potion Belt"},{"floor":43,"key":"Bottled Lightning"},{"floor":44,"key":"Self Forming Clay"},{"floor":44,"key":"Ornamental Fan"},{"floor":45,"key":"Dead Branch"}],"event_choices":[{"damage_healed":0.0,"max_hp_gain":0.0,"max_hp_loss":0.0,"gold_gain":0.0,"event_name":"Lab","player_choice":"Got Potions","floor":2.0,"gold_loss":0.0,"damage_taken":0.0},{"cards_removed":["Doubt"],"damage_healed":0.0,"max_hp_gain":0.0,"max_hp_loss":0.0,"gold_gain":0.0,"event_name":"The Cleric","player_choice":"Card Removal","floor":14.0,"gold_loss":50.0,"damage_taken":0.0},{"damage_healed":0.0,"max_hp_gain":0.0,"max_hp_loss":0.0,"gold_gain":75.0,"event_name":"FaceTrader","player_choice":"Touch","floor":19.0,"gold_loss":0.0,"damage_taken":9.0},{"damage_healed":0.0,"max_hp_gain":0.0,"max_hp_loss":0.0,"gold_gain":0.0,"event_name":"Colosseum","player_choice":"Fight","floor":29.0,"gold_loss":0.0,"damage_taken":0.0},{"damage_healed":0.0,"max_hp_gain":0.0,"max_hp_loss":0.0,"gold_gain":0.0,"event_name":"Colosseum","player_choice":"Fought Nobs","floor":29.0,"gold_loss":0.0,"damage_taken":0.0},{"damage_healed":0.0,"max_hp_gain":0.0,"max_hp_loss":0.0,"gold_gain":0.0,"event_name":"Back to Basics","player_choice":"Simplicity","floor":30.0,"gold_loss":0.0,"damage_taken":0.0,"cards_upgraded":["Strike_R","Strike_R","Strike_R","Strike_R","Strike_R","Defend_R","Defend_R","Defend_R","Defend_R"]},{"damage_healed":0,"gold_gain":0,"cards_transformed":["Strike_R"],"player_choice":"Transformed","damage_taken":0,"max_hp_gain":0,"max_hp_loss":0,"event_name":"Transmorgrifier","floor":38,"gold_loss":0,"cards_obtained":["Berserk"]},{"damage_healed":0,"gold_gain":0,"player_choice":"Fight","damage_taken":0,"max_hp_gain":0,"max_hp_loss":0,"event_name":"Mysterious Sphere","floor":45,"gold_loss":0},{"cards_removed":["Doubt"],"damage_healed":0,"gold_gain":0,"player_choice":"Removed Curses","damage_taken":0,"max_hp_gain":0,"max_hp_loss":0,"event_name":"Fountain of Cleansing","floor":46,"gold_loss":0}],"is_beta":false,"boss_relics":[{"not_picked":["Astrolabe","Busted Crown"],"picked":"Black Star"},{"not_picked":["Pandora\u0027s Box","Runic Pyramid"],"picked":"Runic Dome"}],"items_purged_floors":[36],"is_endless":false,"potions_floor_spawned":[7,13,22,24,25,29,31,33,35,37,45,48],"ascension_level":0}