{"gold_per_floor":[109,32,47,57,10,36,49,62,62,62,79,79,79,104,104,201,201,212,231,247,247,262,262,29,46,117,42,59,59,73,73,73,178,178,190,200,200,213,213,213,213,239,266,266,280,293,293,293,293,293],"floor_reached":51,"playtime":6303,"items_purged":["Normality"],"score":743,"play_id":"1fd1fefb-50bb-4ef2-aa1f-6f5a0fed8b1e","local_time":"20190709045804","is_ascension_mode":false,"campfire_choices":[{"floor":10,"key":"REST"},{"floor":12,"key":"REST"},{"floor":15,"key":"REST"},{"floor":23,"key":"REST"},{"floor":29,"key":"REST"},{"floor":32,"key":"REST"},{"floor":40,"key":"REST"},{"floor":44,"key":"REST"},{"floor":47,"key":"REST"},{"floor":49,"key":"REST"}],"neow_cost":"NONE","seed_source_timestamp":798318562838249,"circlet_count":0,"master_deck":["Strike_B","Strike_B","Strike_B","Strike_B","Defend_B","Defend_B","Defend_B","Defend_B","Zap","Dualcast","Compile Driver","White Noise","Stack","Glacier","Cold Snap","Hologram","Turbo","Hologram","Recycle","Machine Learning","Loop+1","Streamline","Static Discharge","Loop+1","Glacier","Hologram+1","Hologram+1","Doubt","Compile Driver","Amplify","Undo+1","Compile Driver+1","Writhe","Stack+1","Barrage+1","Parasite","Compile Driver+1","Tempest+1","Consume+1","Streamline","Skim+1"],"special_seed":0,"relics":["Cracked Core","NeowsBlessing","Vajra","Darkstone Periapt","Centennial Puzzle","Cursed Key","Dream Catcher","Sundial","Juzu Bracelet","Nuclear Battery","Meat on the Bone","Blood Vial"],"potions_floor_usage":[13,16,28,33,39,39,50],"damage_taken":[{"damage":0.0,"enemies":"Cultist","floor":1.0,"turns":1.0},{"damage":0.0,"enemies":"Small Slimes","floor":3.0,"turns":1.0},{"damage":0.0,"enemies":"2 Louse","floor":4.0,"turns":1.0},{"damage":21,"enemies":"Lagavulin","floor":6,"turns":8},{"damage":25,"enemies":"Exordium Thugs","floor":7,"turns":5},{"damage":28,"enemies":"Lots of Slimes","floor":8,"turns":6},{"damage":0,"enemies":"Large Slime","floor":11,"turns":4},{"damage":35,"enemies":"Gremlin Nob","floor":14,"turns":5},{"damage":22,"enemies":"Slime Boss","floor":16,"turns":11},{"damage":0,"enemies":"Spheric Guardian","floor":18,"turns":4},{"damage":16,"enemies":"3 Byrds","floor":19,"turns":3},{"damage":17,"enemies":"Sentry and Sphere","floor":20,"turns":6},{"damage":26,"enemies":"Snake Plant","floor":22,"turns":4},{"damage":20,"enemies":"Centurion and Healer","floor":25,"turns":10},{"damage":8,"enemies":"3 Cultists","floor":28,"turns":3},{"damage":1,"enemies":"Snecko","floor":30,"turns":7},{"damage":69,"enemies":"Automaton","floor":33,"turns":15},{"damage":52,"enemies":"3 Darklings","floor":35,"turns":4},{"damage":0,"enemies":"Orb Walker","floor":36,"turns":6},{"damage":64,"enemies":"Sphere and 2 Shapes","floor":38,"turns":6},{"damage":0,"enemies":"Spire Growth","floor":39,"turns":2},{"damage":66,"enemies":"Nemesis","floor":42,"turns":13},{"damage":35,"enemies":"4 Shapes","floor":45,"turns":5},{"damage":20,"enemies":"3 Darklings","floor":46,"turns":8},{"damage":26,"enemies":"Awakened One","floor":50,"turns":41}],"seed_played":"-3233108651446512221","potions_obtained":[{"floor":1.0,"key":"Swift Potion"},{"floor":3.0,"key":"Poison Potion"},{"floor":4.0,"key":"GamblersBrew"},{"floor":13,"key":"Fruit Juice"},{"floor":13,"key":"Block Potion"},{"floor":13,"key":"PowerPotion"},{"floor":19,"key":"Swift Potion"},{"floor":22,"key":"SmokeBomb"},{"floor":25,"key":"Block Potion"},{"floor":30,"key":"Swift Potion"},{"floor":35,"key":"SpeedPotion"},{"floor":38,"key":"Regen Potion"},{"floor":42,"key":"FocusPotion"}],"is_trial":false,"path_per_floor":["M","$","M","M","?","E","M","M","T","R","M","R","?","E","R","B",null,"M","M","M","?","M","R","$","M","T","$","M","R","M","T","R","B",null,"M","M","?","M","M","R","?","E","T","R","M","M","R","?","R","B",null],"character_chosen":"DEFECT","items_purchased":["White Noise","Glacier","Dream Catcher"],"campfire_rested":10,"item_purchase_floors":[2,24,24],"current_hp_per_floor":[75,75,75,75,75,54,29,1,1,23,23,45,50,15,39,17,80,80,64,47,47,21,45,45,25,31,31,23,48,47,53,80,11,92,40,40,69,5,10,39,86,20,26,53,32,26,53,53,80,56],"gold":293,"neow_bonus":"THREE_ENEMY_KILL","is_prod":false,"is_daily":false,"chose_seed":false,"campfire_upgraded":0,"win_rate":0.0,"timestamp":1562666284,"path_taken":["M","$","?","M","?","E","M","M","T","R","M","R","?","E","R","BOSS","M","M","M","?","M","R","$","?","T","$","M","R","M","?","R","BOSS","M","M","?","M","M","R","?","E","T","R","M","M","R","?","R","BOSS"],"build_version":"2019-07-05","purchased_purges":1,"victory":true,"max_hp_per_floor":[75,75,75,75,75,75,75,75,75,75,75,75,80,80,80,80,80,80,80,80,80,80,80,80,80,86,86,86,86,86,92,92,92,92,92,92,98,98,98,98,86,86,92,92,92,92,92,92,92,92],"card_choices":[{"not_picked":["Rebound","Scrape"],"picked":"Compile Driver","floor":1.0},{"not_picked":["Beam Cell","Sweeping Beam"],"picked":"Stack","floor":3.0},{"not_picked":["Stack","Cold Snap"],"picked":"Glacier","floor":4.0},{"not_picked":["Barrage","Sweeping Beam"],"picked":"Cold Snap","floor":6},{"not_picked":["Ball Lightning","All For One"],"picked":"Hologram","floor":7},{"not_picked":["Redo","Consume"],"picked":"Turbo","floor":8},{"not_picked":["Gash","Fusion"],"picked":"Hologram","floor":11},{"not_picked":["Leap","Cold Snap"],"picked":"Recycle","floor":14},{"not_picked":["Fission","Rainbow"],"picked":"Machine Learning","floor":16},{"not_picked":["Force Field","Capacitor"],"picked":"Loop+1","floor":18},{"not_picked":["Cold Snap","Conserve Battery"],"picked":"Streamline","floor":19},{"not_picked":["Sweeping Beam+1","Steam"],"picked":"Static Discharge","floor":20},{"not_picked":["Redo","Stack","Compile Driver"],"picked":"SKIP","floor":22},{"not_picked":["Darkness","Go for the Eyes","All For One"],"picked":"SKIP","floor":25},{"not_picked":["Redo+1","Rebound"],"picked":"Hologram+1","floor":28},{"not_picked":["Turbo","Barrage+1"],"picked":"Hologram+1","floor":30},{"not_picked":["Gash","Leap"],"picked":"Compile Driver","floor":32},{"not_picked":["Buffer","Rainbow"],"picked":"Amplify","floor":33},{"not_picked":["Sweeping Beam+1","Doom and Gloom+1"],"picked":"Undo+1","floor":35},{"not_picked":["Beam Cell","Gash+1"],"picked":"Compile Driver+1","floor":36},{"not_picked":["Rip and Tear+1","Redo+1","Fusion+1"],"picked":"SKIP","floor":38},{"not_picked":["Capacitor+1","Hello World+1"],"picked":"Stack+1","floor":40},{"not_picked":["Storm","Gash+1"],"picked":"Barrage+1","floor":42},{"not_picked":["Beam Cell+1","Sweeping Beam"],"picked":"Compile Driver+1","floor":44},{"not_picked":["Cold Snap","Amplify"],"picked":"Tempest+1","floor":45},{"not_picked":["Conserve Battery","Coolheaded"],"picked":"Consume+1","floor":46},{"not_picked":["Compile Driver+1","Coolheaded"],"picked":"Streamline","floor":47},{"not_picked":["Lockon+1","Heatsinks+1"],"picked":"Skim+1","floor":49}],"player_experience":62436,"relics_obtained":[{"floor":6,"key":"Vajra"},{"floor":9,"key":"Darkstone Periapt"},{"floor":14,"key":"Centennial Puzzle"},{"floor":26,"key":"Sundial"},{"floor":31,"key":"Juzu Bracelet"},{"floor":42,"key":"Meat on the Bone"},{"floor":43,"key":"Blood Vial"}],"event_choices":[{"damage_healed":0.0,"max_hp_gain":0.0,"max_hp_loss":0.0,"gold_gain":0.0,"event_name":"World of Goop","player_choice":"Left Gold","floor":5.0,"gold_loss":47.0,"damage_taken":0.0},{"damage_healed":0,"gold_gain":0,"player_choice":"Got Potions","damage_taken":0,"max_hp_gain":0,"max_hp_loss":0,"event_name":"Lab","floor":13,"gold_loss":0},{"damage_healed":0,"gold_gain":0,"player_choice":"Copied","damage_taken":0,"max_hp_gain":0,"max_hp_loss":0,"event_name":"Duplicator","floor":21,"gold_loss":0,"cards_obtained":["Loop"]},{"damage_healed":23,"gold_gain":0,"player_choice":"Writhe","damage_taken":0,"max_hp_gain":0,"max_hp_loss":0,"event_name":"Winding Halls","floor":37,"gold_loss":0,"cards_obtained":["Writhe"]},{"damage_healed":86,"gold_gain":0,"player_choice":"Heal","damage_taken":0,"max_hp_gain":0,"max_hp_loss":12,"event_name":"The Moai Head","floor":41,"gold_loss":0},{"damage_healed":0,"gold_gain":0,"player_choice":"Ignored","damage_taken":0,"max_hp_gain":0,"max_hp_loss":0,"event_name":"Mysterious Sphere","floor":48,"gold_loss":0}],"is_beta":false,"boss_relics":[{"not_picked":["Runic Pyramid","Tiny House"],"picked":"Cursed Key"},{"not_picked":["Empty Cage","Velvet Choker"],"picked":"Nuclear Battery"}],"items_purged_floors":[27],"is_endless":false,"potions_floor_spawned":[1,3,4,11,19,22,25,30,35,38,42],"ascension_level":0}