{"gold_per_floor":[362,381,74,84,84,84,141,175,175,22,38,38,52,69,69,165,165,178,178,195,55,55,55,82,92,144,159,34,50,50,50,50,145,145,160,173,48,48,0,0,20,47,47,73,73,120,71,71,71,71],"floor_reached":51,"playtime":9165,"items_purged":["Strike_R","Strike_R","Strike_R"],"score":758,"play_id":"174bccc2-6eda-4dd5-ad5b-db96d81ec126","local_time":"20190713145201","is_ascension_mode":true,"campfire_choices":[{"data":"Inflame","floor":6.0,"key":"SMITH"},{"data":"True Grit","floor":12.0,"key":"SMITH"},{"data":"Entrench","floor":15.0,"key":"SMITH"},{"floor":23.0,"key":"REST"},{"data":"Juggernaut","floor":30,"key":"SMITH"},{"data":"Flame Barrier","floor":32,"key":"SMITH"},{"data":"Juggernaut","floor":40,"key":"SMITH"},{"data":"Shockwave","floor":49,"key":"SMITH"}],"neow_cost":"PERCENT_DAMAGE","seed_source_timestamp":0,"circlet_count":0,"master_deck":["Defend_R","Defend_R","Defend_R","Defend_R","Bash","Ghostly Armor","True Grit+1","Inflame+1","Pommel Strike","Entrench+1","Immolate","Shrug It Off","Flame Barrier+1","Anger","Juggernaut+1","Corruption+1","Feel No Pain","Shockwave+1","Reaper","Battle Trance+1","Warcry+1","Armaments+1","Battle Trance","Entrench+1","Juggernaut+1","Feel No Pain","Power Through+1","Shrug It Off","Body Slam+1"],"special_seed":0,"relics":["Burning Blood","Happy Flower","Meat on the Bone","Singing Bowl","Shuriken","Empty Cage","Paper Frog","Pen Nib","Nilry\u0027s Codex","Orrery","Red Mask","Omamori","Charon\u0027s Ashes","Kunai","Nunchaku"],"potions_floor_usage":[33,44,50,50,50,50],"damage_taken":[{"damage":4.0,"enemies":"2 Louse","floor":1.0,"turns":3.0},{"damage":3.0,"enemies":"Jaw Worm","floor":2.0,"turns":4.0},{"damage":0.0,"enemies":"Small Slimes","floor":4.0,"turns":4.0},{"damage":21.0,"enemies":"Lagavulin Event","floor":7.0,"turns":6.0},{"damage":31.0,"enemies":"Lagavulin","floor":8.0,"turns":7.0},{"damage":0.0,"enemies":"2 Fungi Beasts","floor":11.0,"turns":2.0},{"damage":5.0,"enemies":"Exordium Wildlife","floor":13.0,"turns":2.0},{"damage":0.0,"enemies":"3 Louse","floor":14.0,"turns":1.0},{"damage":31.0,"enemies":"The Guardian","floor":16.0,"turns":11.0},{"damage":11.0,"enemies":"Spheric Guardian","floor":18.0,"turns":6.0},{"damage":18.0,"enemies":"3 Byrds","floor":20.0,"turns":4.0},{"damage":68.0,"enemies":"Slavers","floor":24.0,"turns":7.0},{"damage":1.0,"enemies":"Snake Plant","floor":25.0,"turns":4.0},{"damage":6.0,"enemies":"Chosen and Byrds","floor":27.0,"turns":5.0},{"damage":7.0,"enemies":"Centurion and Healer","floor":29.0,"turns":4.0},{"damage":20,"enemies":"Champ","floor":33,"turns":11},{"damage":14,"enemies":"Orb Walker","floor":35,"turns":7},{"damage":9,"enemies":"3 Darklings","floor":36,"turns":5},{"damage":32,"enemies":"Spire Growth","floor":41,"turns":6},{"damage":49,"enemies":"Giant Head","floor":42,"turns":8},{"damage":35,"enemies":"Nemesis","floor":44,"turns":3},{"damage":1,"enemies":"2 Orb Walkers","floor":46,"turns":4},{"damage":44,"enemies":"Donu and Deca","floor":50,"turns":10}],"seed_played":"3961011274788539580","potions_obtained":[{"floor":4.0,"key":"SkillPotion"},{"floor":8.0,"key":"Weak Potion"},{"floor":11.0,"key":"PowerPotion"},{"floor":14.0,"key":"Ancient Potion"},{"floor":16.0,"key":"SpeedPotion"},{"floor":18.0,"key":"Strength Potion"},{"floor":24.0,"key":"Block Potion"},{"floor":25.0,"key":"Poison Potion"},{"floor":36,"key":"SteroidPotion"},{"floor":41,"key":"GamblersBrew"},{"floor":44,"key":"EntropicBrew"},{"floor":46,"key":"Swift Potion"}],"is_trial":false,"path_per_floor":["M","M","$","M","?","R","?","E","T","$","M","R","M","M","R","B",null,"M","?","M","$","?","R","E","M","T","M","$","M","R","?","R","B",null,"M","M","$","?","?","R","M","E","T","E","?","?","$","?","R","B",null],"character_chosen":"IRONCLAD","items_purchased":["Inflame","Happy Flower","Shrug It Off","Reaper","Battle Trance","Energy Potion","PowerPotion"],"campfire_rested":1,"item_purchase_floors":[3,3,10,21,28,28,47],"current_hp_per_floor":[58,61,61,67,72,72,57,44,44,44,52,52,53,59,59,46,87,82,82,70,70,53,80,51,56,56,74,74,90,90,74,74,76,98,90,95,95,94,94,94,68,39,39,24,106,108,108,108,108,70],"gold":71,"neow_bonus":"TWO_FIFTY_GOLD","is_prod":false,"is_daily":false,"chose_seed":false,"campfire_upgraded":7,"win_rate":0,"timestamp":1563022321,"path_taken":["M","M","$","M","?","R","?","E","T","?","M","R","M","M","R","BOSS","M","?","M","$","?","R","E","M","T","M","$","M","R","?","R","BOSS","M","M","$","?","?","R","M","E","T","E","?","?","?","?","R","BOSS"],"build_version":"2019-07-05","purchased_purges":3,"victory":true,"max_hp_per_floor":[80,80,80,80,85,85,85,85,85,85,87,87,87,87,87,87,87,87,87,87,87,92,92,92,92,92,92,92,92,92,92,92,92,98,98,98,98,102,102,102,102,104,104,106,106,108,108,108,108,108],"card_choices":[{"not_picked":["Clash","Cleave"],"picked":"Ghostly Armor","floor":1.0},{"not_picked":["Heavy Blade","Thunderclap"],"picked":"True Grit","floor":2.0},{"not_picked":["Dual Wield","Sever Soul"],"picked":"Pommel Strike","floor":4.0},{"not_picked":["Warcry","Armaments"],"picked":"Entrench","floor":7.0},{"not_picked":["Sword Boomerang","Hemokinesis"],"picked":"Immolate","floor":8.0},{"not_picked":["Hemokinesis","Rampage","Clash"],"picked":"Singing Bowl","floor":11.0},{"not_picked":["Infernal Blade","Body Slam"],"picked":"Flame Barrier","floor":13.0},{"not_picked":["Havoc","Shrug It Off"],"picked":"Anger","floor":14.0},{"not_picked":["Double Tap","Exhume"],"picked":"Juggernaut","floor":16.0},{"not_picked":["Blood for Blood","Perfected Strike"],"picked":"Corruption+1","floor":18.0},{"not_picked":["Armaments","Cleave"],"picked":"Shockwave","floor":20.0},{"not_picked":["True Grit","Shockwave"],"picked":"Battle Trance+1","floor":24.0},{"not_picked":["Carnage","Seeing Red"],"picked":"Warcry+1","floor":25.0},{"not_picked":["Dropkick","Hemokinesis"],"picked":"Armaments+1","floor":27.0},{"not_picked":["Disarm","True Grit"],"picked":"Entrench+1","floor":29},{"not_picked":["Bludgeon","Limit Break"],"picked":"Juggernaut","floor":33},{"not_picked":["Thunderclap","Disarm"],"picked":"Feel No Pain","floor":34},{"not_picked":["Fire Breathing","Second Wind","Havoc"],"picked":"Singing Bowl","floor":34},{"not_picked":["Flex","Cleave","Bloodletting"],"picked":"Singing Bowl","floor":34},{"not_picked":["Havoc+1","Thunderclap"],"picked":"Uppercut","floor":34},{"not_picked":["Evolve","Infernal Blade","Twin Strike"],"picked":"Singing Bowl","floor":34},{"not_picked":["Heavy Blade","Thunderclap+1"],"picked":"Power Through+1","floor":35},{"not_picked":["Carnage","Fire Breathing+1"],"picked":"Shrug It Off","floor":36},{"not_picked":["Sadistic Nature","Impatience","Secret Technique"],"picked":"Singing Bowl","floor":38},{"not_picked":["Bandage Up","Impatience","Panacea"],"picked":"Singing Bowl","floor":38},{"not_picked":["Twin Strike","Shrug It Off+1"],"picked":"Body Slam+1","floor":41},{"not_picked":["Cleave","Headbutt+1","Sword Boomerang+1"],"picked":"Singing Bowl","floor":42},{"not_picked":["Cleave","Fire Breathing","Searing Blow"],"picked":"Singing Bowl","floor":44},{"not_picked":["Carnage+1","Thunderclap+1","Clash+1"],"picked":"Singing Bowl","floor":46}],"player_experience":426940,"relics_obtained":[{"floor":7.0,"key":"Meat on the Bone"},{"floor":8.0,"key":"Singing Bowl"},{"floor":9.0,"key":"Shuriken"},{"floor":24.0,"key":"Paper Frog"},{"floor":26.0,"key":"Pen Nib"},{"floor":31,"key":"Nilry\u0027s Codex"},{"floor":42,"key":"Omamori"},{"floor":43,"key":"Charon\u0027s Ashes"},{"floor":44,"key":"Kunai"},{"floor":46,"key":"Nunchaku"}],"event_choices":[{"damage_healed":0.0,"max_hp_gain":5.0,"max_hp_loss":0.0,"gold_gain":0.0,"event_name":"Big Fish","player_choice":"Donut","floor":5.0,"gold_loss":0.0,"damage_taken":0.0},{"damage_healed":0.0,"max_hp_gain":0.0,"max_hp_loss":0.0,"gold_gain":0.0,"event_name":"Dead Adventurer","player_choice":"Searched \u00271\u0027 times","floor":7.0,"gold_loss":0.0,"damage_taken":0.0},{"damage_healed":0.0,"max_hp_gain":0.0,"max_hp_loss":0.0,"gold_gain":0.0,"event_name":"The Library","player_choice":"Read","floor":19.0,"gold_loss":0.0,"damage_taken":0.0,"cards_obtained":["Feel No Pain"]},{"damage_healed":0.0,"max_hp_gain":5.0,"max_hp_loss":0.0,"gold_gain":0.0,"event_name":"Forgotten Altar","player_choice":"Shed Blood","floor":22.0,"gold_loss":0.0,"damage_taken":22.0},{"damage_healed":0,"gold_gain":0,"player_choice":"Obtained Book","damage_taken":16,"max_hp_gain":0,"max_hp_loss":0,"event_name":"Cursed Tome","floor":31,"gold_loss":0},{"damage_healed":0,"gold_gain":0,"player_choice":"Memory 2","damage_taken":5,"max_hp_gain":0,"max_hp_loss":0,"event_name":"SensoryStone","floor":38,"gold_loss":0},{"damage_healed":0,"gold_gain":0,"player_choice":"Paid","damage_taken":0,"relics_obtained":["Red Mask"],"max_hp_gain":0,"max_hp_loss":0,"event_name":"Tomb of Lord Red Mask","floor":39,"gold_loss":48},{"damage_healed":82,"gold_gain":0,"player_choice":"Heal","damage_taken":0,"max_hp_gain":0,"max_hp_loss":0,"event_name":"MindBloom","floor":45,"gold_loss":0,"cards_obtained":["Doubt"]},{"damage_healed":0,"gold_gain":0,"player_choice":"Fight","damage_taken":0,"max_hp_gain":0,"max_hp_loss":0,"event_name":"Mysterious Sphere","floor":46,"gold_loss":0},{"cards_removed":["Uppercut"],"damage_healed":0,"gold_gain":0,"player_choice":"Removed Attack","damage_taken":0,"max_hp_gain":0,"max_hp_loss":0,"event_name":"Falling","floor":48,"gold_loss":0}],"is_beta":false,"boss_relics":[{"not_picked":["Busted Crown","White Beast Statue"],"picked":"Empty Cage"},{"not_picked":["Snecko Eye","Black Star"],"picked":"Orrery"}],"items_purged_floors":[3,10,37],"is_endless":false,"potions_floor_spawned":[4,8,11,14,16,18,24,25,36,41,44,46],"ascension_level":1}