{"gold_per_floor":[113,113,35,35,54,54,87,102,177,252,286,286,321,339,339,439,439,459,471,471,484,484],"floor_reached":22,"playtime":1212,"items_purged":[],"score":252,"play_id":"303ad247-2b0f-4eb6-88d1-77887501d4a2","local_time":"20190627222936","is_ascension_mode":true,"campfire_choices":[{"floor":6.0,"key":"RECALL"},{"floor":15.0,"key":"REST"}],"neow_cost":"NONE","seed_source_timestamp":0,"circlet_count":0,"master_deck":["Defend_G","Defend_G","Defend_G","Defend_G","Strike_G","Strike_G","Strike_G","Strike_G","Strike_G","Survivor","Neutralize","Flying Knee","Terror","Terror","Dagger Throw","Accuracy","Deflect","Burst","Noxious Fumes","Envenom","Poisoned Stab+1","Prepared+1","Poisoned Stab"],"special_seed":0,"relics":["Ring of the Snake","NeowsBlessing","Potion Belt","Kunai","Shuriken","Dodecahedron","StoneCalendar","Question Card","Coffee Dripper"],"potions_floor_usage":[],"damage_taken":[{"damage":0.0,"enemies":"Jaw Worm","floor":1.0,"turns":1.0},{"damage":0.0,"enemies":"2 Louse","floor":5.0,"turns":1.0},{"damage":0.0,"enemies":"Lagavulin","floor":7.0,"turns":1.0},{"damage":0.0,"enemies":"Cultist","floor":8.0,"turns":3.0},{"damage":14.0,"enemies":"Gremlin Nob","floor":11.0,"turns":3.0},{"damage":16.0,"enemies":"Lagavulin","floor":13.0,"turns":5.0},{"damage":15.0,"enemies":"3 Louse","floor":14.0,"turns":3.0},{"damage":21.0,"enemies":"Slime Boss","floor":16.0,"turns":7.0},{"damage":17.0,"enemies":"Shell Parasite","floor":18.0,"turns":6.0},{"damage":8.0,"enemies":"Spheric Guardian","floor":19.0,"turns":5.0},{"damage":34,"enemies":"Snake Plant","floor":21,"turns":5}],"seed_played":"-1460143466073415368","potions_obtained":[{"floor":1.0,"key":"Poison Potion"},{"floor":7.0,"key":"Fruit Juice"},{"floor":13.0,"key":"Weak Potion"},{"floor":19.0,"key":"Regen Potion"},{"floor":21,"key":"SpeedPotion"}],"is_trial":false,"path_per_floor":["M","?","$","?","M","R","E","M","T","?","E","?","E","M","R","B",null,"M","M","?","M","$"],"character_chosen":"THE_SILENT","items_purchased":["Terror"],"campfire_rested":1,"item_purchase_floors":[3],"current_hp_per_floor":[70,63,63,63,63,63,63,68,68,57,43,43,27,12,34,13,75,58,50,50,16,16],"gold":484,"neow_bonus":"THREE_ENEMY_KILL","is_prod":false,"is_daily":false,"chose_seed":false,"campfire_upgraded":0,"win_rate":0,"timestamp":1561699776,"path_taken":["M","?","$","?","M","R","E","M","T","?","E","?","E","?","R","BOSS","M","M","?","M","$"],"build_version":"2019-01-23","purchased_purges":0,"victory":false,"max_hp_per_floor":[70,70,70,70,70,70,70,75,75,75,75,75,75,75,75,75,75,75,75,75,75,75],"card_choices":[{"not_picked":["Bane","Slice"],"picked":"Flying Knee","floor":1.0},{"not_picked":["Skewer","Reflex"],"picked":"Terror","floor":5.0},{"not_picked":["Bane","Terror"],"picked":"Dagger Throw","floor":7.0},{"not_picked":["Prepared","Flying Knee"],"picked":"Accuracy","floor":8.0},{"not_picked":["Envenom","Poisoned Stab"],"picked":"Deflect","floor":11.0},{"not_picked":["Masterful Stab","Caltrops"],"picked":"Burst","floor":13.0},{"not_picked":["Riddle With Holes","Prepared","Flechettes"],"picked":"Noxious Fumes","floor":14.0},{"not_picked":["Glass Knife","Die Die Die","Malaise"],"picked":"Envenom","floor":16.0},{"not_picked":["Flying Knee","Prepared","Riddle With Holes"],"picked":"Poisoned Stab+1","floor":18.0},{"not_picked":["Dagger Spray","Bane","Dagger Throw"],"picked":"Prepared+1","floor":19.0},{"not_picked":["Blur","Reflex+1","Dagger Spray"],"picked":"Poisoned Stab","floor":21}],"player_experience":126413,"relics_obtained":[{"floor":7.0,"key":"Kunai"},{"floor":9.0,"key":"Shuriken"},{"floor":11.0,"key":"Dodecahedron"},{"floor":13.0,"key":"Question Card"}],"event_choices":[{"damage_healed":0.0,"max_hp_gain":0.0,"max_hp_loss":0.0,"gold_gain":0.0,"event_name":"Scrap Ooze","player_choice":"Success","floor":2.0,"gold_loss":0.0,"damage_taken":7.0,"relics_obtained":["Potion Belt"]},{"cards_removed":["Defend_G"],"damage_healed":0.0,"max_hp_gain":0.0,"max_hp_loss":0.0,"gold_gain":0.0,"event_name":"Living Wall","player_choice":"Forget","floor":4.0,"gold_loss":0.0,"damage_taken":0.0},{"damage_healed":0.0,"max_hp_gain":0.0,"max_hp_loss":0.0,"gold_gain":75.0,"event_name":"World of Goop","player_choice":"Gather Gold","floor":10.0,"gold_loss":0.0,"damage_taken":11.0},{"damage_healed":0.0,"max_hp_gain":0.0,"max_hp_loss":0.0,"gold_gain":0.0,"event_name":"WeMeetAgain","player_choice":"Gave Potion","floor":12.0,"gold_loss":0.0,"damage_taken":0.0,"relics_obtained":["StoneCalendar"]},{"damage_healed":0.0,"max_hp_gain":0.0,"max_hp_loss":0.0,"gold_gain":0.0,"event_name":"Ghosts","player_choice":"Ignored","floor":20.0,"gold_loss":0.0,"damage_taken":0.0}],"is_beta":false,"boss_relics":[{"not_picked":["Calling Bell","Runic Dome"],"picked":"Coffee Dripper"}],"items_purged_floors":[],"is_endless":false,"potions_floor_spawned":[1,7,13,19,21],"ascension_level":2}