{"gold_per_floor":[113,113,113,113,113,144,144,69,69,16,0,0,0,41,41,170,170,188,237,255,279,279,279,279,312,312,325,325,157,157,185,185,286,336,349,9,0,0,0,0],"floor_reached":40,"playtime":2400,"items_purged":["Pain","Regret","Injury"],"score":489,"play_id":"a2be6b09-6bb0-41e1-8df8-57eac0b9de4e","local_time":"20190625022528","is_ascension_mode":true,"campfire_choices":[{"floor":12.0,"key":"REST"},{"floor":15.0,"key":"RECALL"},{"data":"Limit Break","floor":23.0,"key":"SMITH"},{"floor":28.0,"key":"REST"},{"floor":32.0,"key":"REST"}],"neow_cost":"NONE","seed_source_timestamp":0,"circlet_count":0,"master_deck":["Strike_R","Strike_R","Strike_R+1","Strike_R","Strike_R","Defend_R","Defend_R","Defend_R","Bash+1","Inflame+1","Disarm+1","Shrug It Off","Spot Weakness","Limit Break+1","Twin Strike","Second Wind+1","Feel No Pain+1","Pommel Strike","Barricade+1","Metallicize+1","Perfected Strike","Reaper","Spot Weakness+1","Thunderclap+1","Flex","Writhe"],"special_seed":0,"relics":["Burning Blood","Bronze Scales","Frozen Egg 2","Bloody Idol","Pantograph","WarpedTongs","Juzu Bracelet","Pear","Sozu","Bag of Marbles","Paper Frog","WingedGreaves","Ancient Tea Set","Tiny House","Medical Kit","Red Mask"],"potions_floor_usage":[],"damage_taken":[{"damage":3.0,"enemies":"Small Slimes","floor":1.0,"turns":3.0},{"damage":40.0,"enemies":"Gremlin Nob","floor":6.0,"turns":5.0},{"damage":8.0,"enemies":"Lagavulin","floor":14.0,"turns":6.0},{"damage":25.0,"enemies":"Slime Boss","floor":16.0,"turns":8.0},{"damage":18.0,"enemies":"Spheric Guardian","floor":18.0,"turns":4.0},{"damage":14.0,"enemies":"Shell Parasite","floor":20.0,"turns":4.0},{"damage":12.0,"enemies":"3 Cultists","floor":21.0,"turns":5.0},{"damage":50.0,"enemies":"Slavers","floor":25.0,"turns":5.0},{"damage":9.0,"enemies":"Chosen and Byrds","floor":27.0,"turns":5.0},{"damage":12.0,"enemies":"Book of Stabbing","floor":31.0,"turns":5.0},{"damage":12.0,"enemies":"Champ","floor":33.0,"turns":8.0},{"damage":53.0,"enemies":"3 Darklings","floor":35.0,"turns":6.0},{"damage":0,"enemies":"Reptomancer","floor":40,"turns":1}],"seed_played":"3050635589481294236","potions_obtained":[{"floor":1.0,"key":"Swift Potion"},{"floor":14.0,"key":"BloodPotion"},{"floor":16.0,"key":"Poison Potion"}],"is_trial":false,"path_per_floor":["M","?","?","?","?","E","?","$","T","$","?","R","?","E","R","B",null,"M","T","M","M","?","R","?","E","T","M","R","$","?","E","R","B",null,"M","$","?","?","?","E"],"character_chosen":"IRONCLAD","items_purchased":["Shrug It Off","Metallicize+1","Flex","Medical Kit"],"campfire_rested":3,"item_purchase_floors":[10,29,36,36],"current_hp_per_floor":[80,68,68,68,68,34,18,18,18,18,18,42,42,50,50,56,90,78,78,70,64,64,64,64,29,29,26,53,53,53,52,79,89,95,53,53,53,53,77,77],"gold":0,"neow_bonus":"RANDOM_COMMON_RELIC","is_prod":false,"is_daily":false,"chose_seed":false,"campfire_upgraded":1,"win_rate":0,"timestamp":1561454728,"path_taken":["M","?","?","?","?","E","?","$","T","$","?","R","?","E","R","BOSS","M","?","M","M","?","R","?","E","T","M","R","$","?","E","R","BOSS","M","$","?","?","?","E"],"build_version":"2019-01-23","purchased_purges":3,"victory":false,"max_hp_per_floor":[80,80,80,80,80,80,80,80,80,80,80,80,80,90,90,90,90,90,90,90,90,90,90,90,90,90,90,90,90,90,90,90,90,95,95,95,95,95,95,95],"card_choices":[{"not_picked":["Searing Blow","Burning Pact"],"picked":"Inflame","floor":1.0},{"not_picked":["Havoc","Reckless Charge"],"picked":"Disarm","floor":6.0},{"not_picked":["Heavy Blade","Clash"],"picked":"Spot Weakness","floor":14.0},{"not_picked":["Exhume","Feed"],"picked":"Limit Break","floor":16.0},{"not_picked":["Intimidate","Clothesline"],"picked":"Twin Strike","floor":18.0},{"not_picked":["Rampage","Headbutt+1"],"picked":"Second Wind+1","floor":20.0},{"not_picked":["Sword Boomerang","Armaments"],"picked":"Feel No Pain+1","floor":21.0},{"not_picked":["Havoc","Sever Soul"],"picked":"Barricade+1","floor":25.0},{"not_picked":["Havoc","Hemokinesis","Second Wind+1"],"picked":"SKIP","floor":27.0},{"not_picked":["Burning Pact","True Grit+1"],"picked":"Perfected Strike","floor":31.0},{"not_picked":["Barricade+1","Immolate"],"picked":"Reaper","floor":33.0},{"not_picked":["Wild Strike","Body Slam"],"picked":"Spot Weakness+1","floor":34.0},{"not_picked":["Havoc","Iron Wave"],"picked":"Thunderclap+1","floor":35.0}],"player_experience":121359,"relics_obtained":[{"floor":6.0,"key":"Juzu Bracelet"},{"floor":14.0,"key":"Pear"},{"floor":19.0,"key":"Bag of Marbles"},{"floor":25.0,"key":"Paper Frog"},{"floor":26.0,"key":"WingedGreaves"},{"floor":31.0,"key":"Ancient Tea Set"}],"event_choices":[{"damage_healed":0.0,"max_hp_gain":0.0,"max_hp_loss":0.0,"gold_gain":0.0,"event_name":"Scrap Ooze","player_choice":"Success","floor":2.0,"gold_loss":0.0,"damage_taken":12.0,"relics_obtained":["Frozen Egg 2"]},{"damage_healed":0.0,"max_hp_gain":0.0,"max_hp_loss":0.0,"gold_gain":0.0,"event_name":"Golden Idol","player_choice":"Take Wound","floor":3.0,"gold_loss":0.0,"damage_taken":0.0,"relics_obtained":["Golden Idol"],"cards_obtained":["Injury"]},{"damage_healed":0.0,"max_hp_gain":0.0,"max_hp_loss":0.0,"gold_gain":0.0,"event_name":"Big Fish","player_choice":"Box","floor":4.0,"gold_loss":0.0,"damage_taken":0.0,"relics_obtained":["Pantograph"],"cards_obtained":["Regret"]},{"damage_healed":0.0,"max_hp_gain":0.0,"max_hp_loss":0.0,"gold_gain":0.0,"event_name":"Accursed Blacksmith","player_choice":"Rummage","floor":5.0,"gold_loss":0.0,"damage_taken":0.0,"relics_obtained":["WarpedTongs"],"cards_obtained":["Pain"]},{"damage_healed":0.0,"max_hp_gain":0.0,"max_hp_loss":0.0,"gold_gain":0.0,"event_name":"Shining Light","player_choice":"Entered Light","floor":7.0,"gold_loss":0.0,"damage_taken":16.0,"cards_upgraded":["Inflame","Disarm"]},{"damage_healed":0.0,"max_hp_gain":0.0,"max_hp_loss":0.0,"gold_gain":0.0,"event_name":"World of Goop","player_choice":"Left Gold","floor":11.0,"gold_loss":16.0,"damage_taken":0.0},{"damage_healed":0.0,"max_hp_gain":0.0,"max_hp_loss":0.0,"gold_gain":0.0,"event_name":"Upgrade Shrine","player_choice":"Upgraded","floor":13.0,"gold_loss":0.0,"damage_taken":0.0,"cards_upgraded":["Bash"]},{"damage_healed":0.0,"max_hp_gain":0.0,"max_hp_loss":0.0,"gold_gain":0.0,"event_name":"The Library","player_choice":"Read","floor":22.0,"gold_loss":0.0,"damage_taken":0.0,"cards_obtained":["Pommel Strike"]},{"damage_healed":0.0,"max_hp_gain":0.0,"max_hp_loss":0.0,"gold_gain":0.0,"event_name":"Ghosts","player_choice":"Ignored","floor":24.0,"gold_loss":0.0,"damage_taken":0.0},{"damage_healed":0.0,"max_hp_gain":0.0,"max_hp_loss":0.0,"gold_gain":0.0,"event_name":"Forgotten Altar","player_choice":"Gave Idol","floor":30.0,"relics_lost":["Golden Idol"],"gold_loss":0.0,"damage_taken":0.0,"relics_obtained":["Bloody Idol"]},{"damage_healed":0.0,"max_hp_gain":0.0,"max_hp_loss":0.0,"gold_gain":0.0,"event_name":"Tomb of Lord Red Mask","player_choice":"Paid","floor":37.0,"gold_loss":9.0,"damage_taken":0.0,"relics_obtained":["Red Mask"]},{"cards_removed":["Defend_R"],"damage_healed":0.0,"max_hp_gain":0.0,"max_hp_loss":0.0,"gold_gain":0.0,"event_name":"Purifier","player_choice":"Purged","floor":38.0,"gold_loss":0.0,"damage_taken":0.0},{"damage_healed":24.0,"max_hp_gain":0.0,"max_hp_loss":0.0,"gold_gain":0.0,"event_name":"Winding Halls","player_choice":"Writhe","floor":39.0,"gold_loss":0.0,"damage_taken":0.0,"cards_obtained":["Writhe"]}],"is_beta":false,"boss_relics":[{"not_picked":["Velvet Choker","Black Star"],"picked":"Sozu"},{"not_picked":["Runic Dome","Empty Cage"],"picked":"Tiny House"}],"items_purged_floors":[8,29,36],"is_endless":false,"potions_floor_spawned":[1,14,16,18,21,27,35],"killed_by":"Reptomancer","ascension_level":2}