{"gold_per_floor":[114,134,152,152,162,177,177,203,203,215,234,267,267,280,280,375,375,390,402,157,157,157,157,7,36,36,55,71,106,106,106,106,106],"floor_reached":33,"playtime":2570,"items_purged":["Strike_R","Strike_R"],"score":340,"play_id":"7502268c-da9a-44a6-b6fa-b37302293022","local_time":"20190612220204","is_ascension_mode":true,"campfire_choices":[{"data":"Demon Form","floor":7,"key":"SMITH"},{"data":"Warcry","floor":13,"key":"SMITH"},{"data":"Havoc","floor":15,"key":"SMITH"},{"data":"Limit Break","floor":23,"key":"SMITH"},{"floor":30,"key":"REST"},{"data":"Pommel Strike","floor":32,"key":"SMITH"}],"neow_cost":"NONE","seed_source_timestamp":8914378037076,"circlet_count":0,"master_deck":["Strike_R","Strike_R","Defend_R","Defend_R","Defend_R","Defend_R","Bash","Limit Break+1","Shrug It Off","Sword Boomerang","Headbutt","Demon Form+1","Pommel Strike+1","Clothesline","Havoc+1","Pummel","Warcry+1","Shockwave","Warcry+1","Headbutt","Heavy Blade","Regret","True Grit+1","Havoc+1"],"relics":["Burning Blood","Anchor","Blue Candle","Paper Frog","Cursed Key","Membership Card","Blood Vial","Toxic Egg 2","Darkstone Periapt","Bag of Preparation"],"potions_floor_usage":[12,19,25,33],"damage_taken":[{"damage":6,"enemies":"Small Slimes","floor":1,"turns":4},{"damage":0,"enemies":"Cultist","floor":2,"turns":3},{"damage":0,"enemies":"2 Louse","floor":3,"turns":2},{"damage":23,"enemies":"Lots of Slimes","floor":5,"turns":5},{"damage":8,"enemies":"2 Fungi Beasts","floor":6,"turns":4},{"damage":11,"enemies":"Gremlin Nob","floor":8,"turns":4},{"damage":0,"enemies":"Large Slime","floor":10,"turns":3},{"damage":1,"enemies":"Exordium Wildlife","floor":11,"turns":4},{"damage":22,"enemies":"3 Sentries","floor":12,"turns":8},{"damage":6,"enemies":"Red Slaver","floor":14,"turns":3},{"damage":26,"enemies":"Slime Boss","floor":16,"turns":6},{"damage":11,"enemies":"Shell Parasite","floor":18,"turns":5},{"damage":6,"enemies":"2 Thieves","floor":19,"turns":3},{"damage":0,"enemies":"Gremlin Leader","floor":25,"turns":3},{"damage":3,"enemies":"Snake Plant","floor":27,"turns":2},{"damage":12,"enemies":"Centurion and Healer","floor":28,"turns":4},{"damage":42,"enemies":"Book of Stabbing","floor":29,"turns":7},{"damage":73,"enemies":"Collector","floor":33,"turns":5}],"seed_played":"-7355992981857347211","potions_obtained":[{"floor":1,"key":"Dexterity Potion"},{"floor":5,"key":"Ancient Potion"},{"floor":6,"key":"EssenceOfSteel"},{"floor":8,"key":"Energy Potion"},{"floor":16,"key":"Ancient Potion"},{"floor":25,"key":"Ancient Potion"}],"is_trial":false,"path_per_floor":["M","M","M","?","M","M","R","E","T","M","M","E","R","M","R","B",null,"M","M","$","?","?","R","$","E","T","M","M","E","R","?","R","B"],"character_chosen":"IRONCLAD","items_purchased":["Membership Card","Blood Vial","AttackPotion"],"campfire_rested":1,"item_purchase_floors":[20,24,24],"current_hp_per_floor":[80,80,80,80,63,61,61,56,56,62,67,51,51,51,51,31,80,75,75,75,75,75,75,75,80,80,80,74,40,64,64,64,0],"gold":106,"neow_bonus":"ONE_RANDOM_RARE_CARD","is_prod":false,"is_daily":false,"chose_seed":false,"campfire_upgraded":5,"win_rate":0,"timestamp":1560369724,"path_taken":["M","M","M","?","M","M","R","E","T","M","M","E","R","M","R","BOSS","M","M","$","?","?","R","$","E","T","M","?","E","R","?","R","BOSS"],"build_version":"2019-01-23","purchased_purges":2,"victory":false,"max_hp_per_floor":[80,80,80,80,80,80,80,80,80,80,80,80,80,80,80,80,80,80,80,80,80,80,80,80,80,80,80,80,80,80,80,80,80],"card_choices":[{"not_picked":["Corruption","Searing Blow"],"picked":"Shrug It Off","floor":1},{"not_picked":["Searing Blow","Combust"],"picked":"Sword Boomerang","floor":2},{"not_picked":["Heavy Blade","Iron Wave"],"picked":"Headbutt","floor":3},{"not_picked":["Twin Strike","Sever Soul"],"picked":"Pommel Strike","floor":5},{"not_picked":["Rupture","Demon Form"],"picked":"Clothesline","floor":6},{"not_picked":["Pommel Strike","Limit Break"],"picked":"Havoc","floor":8},{"not_picked":["Iron Wave","Warcry"],"picked":"Pummel","floor":10},{"not_picked":["Clothesline","Rupture"],"picked":"Warcry","floor":11},{"not_picked":["Shrug It Off","Pommel Strike"],"picked":"Shockwave","floor":12},{"not_picked":["Iron Wave","Limit Break","Body Slam"],"picked":"SKIP","floor":14},{"not_picked":["Anger+1","Intimidate"],"picked":"Warcry+1","floor":18},{"not_picked":["Pommel Strike","Burning Pact","Iron Wave"],"picked":"SKIP","floor":19},{"not_picked":["Sentinel","Rage"],"picked":"Heavy Blade","floor":25},{"not_picked":["Rampage+1","Sever Soul"],"picked":"True Grit+1","floor":27},{"not_picked":["Clothesline+1","Anger"],"picked":"Havoc+1","floor":28},{"not_picked":["Twin Strike","Spot Weakness+1","Perfected Strike"],"picked":"SKIP","floor":29}],"player_experience":402462,"relics_obtained":[{"floor":8,"key":"Anchor"},{"floor":9,"key":"Blue Candle"},{"floor":12,"key":"Paper Frog"},{"floor":25,"key":"Toxic Egg 2"},{"floor":26,"key":"Darkstone Periapt"},{"floor":29,"key":"Bag of Preparation"}],"event_choices":[{"damage_healed":0,"gold_gain":0,"cards_transformed":["Strike_R"],"player_choice":"Transformed","damage_taken":0,"max_hp_gain":0,"max_hp_loss":0,"event_name":"Transmorgrifier","floor":4,"gold_loss":0,"cards_obtained":["Demon Form"]},{"damage_healed":0,"gold_gain":0,"player_choice":"Ignored","damage_taken":0,"max_hp_gain":0,"max_hp_loss":0,"event_name":"The Mausoleum","floor":21,"gold_loss":0},{"damage_healed":0,"gold_gain":0,"player_choice":"1 cards matched","damage_taken":0,"max_hp_gain":0,"max_hp_loss":0,"event_name":"Match and Keep!","floor":22,"gold_loss":0,"cards_obtained":["Headbutt"]},{"damage_healed":0,"gold_gain":0,"player_choice":"Ignored","damage_taken":0,"max_hp_gain":0,"max_hp_loss":0,"event_name":"Ghosts","floor":31,"gold_loss":0}],"is_beta":false,"boss_relics":[{"not_picked":["Philosopher\u0027s Stone","Coffee Dripper"],"picked":"Cursed Key"}],"items_purged_floors":[20,24],"is_endless":false,"potions_floor_spawned":[1,5,6,8,16,25],"killed_by":"Collector","ascension_level":1}