{"gold_per_floor":[114,289,364,139,89,89,119,119,144,159,159,189,189,219,219,319,319,334,249,249,49,49,49,49],"floor_reached":24,"playtime":1608,"items_purged":["Doubt"],"score":231,"play_id":"63361958-a991-417c-9733-7dd5101baba8","local_time":"20190626172730","daily_mods":["Heirloom","Flight","Lethality"],"is_ascension_mode":false,"campfire_choices":[{"data":"Infinite Blades","floor":6,"key":"SMITH"},{"floor":8,"key":"REST"},{"floor":15,"key":"REST"},{"floor":23,"key":"REST"}],"neow_cost":"","seed_source_timestamp":764801529853400,"circlet_count":0,"master_deck":["Defend_G","Defend_G","Defend_G","Defend_G","Survivor","Neutralize","Infinite Blades+1","Blade Dance","Infinite Blades","Choke","Infinite Blades","Poisoned Stab","Tools of the Trade","Poisoned Stab","Bite","Bite","Bite","Bite","Bite","Dash"],"special_seed":18073,"relics":["Ring of the Snake","Unceasing Top","Orichalcum","Centennial Puzzle","Dream Catcher","Bronze Scales","Omamori","Letter Opener","Black Star","Snake Skull","OrangePellets"],"potions_floor_usage":[12,16,16],"damage_taken":[{"damage":0,"enemies":"Jaw Worm","floor":1,"turns":5},{"damage":12,"enemies":"Lagavulin","floor":7,"turns":6},{"damage":0,"enemies":"Small Slimes","floor":10,"turns":2},{"damage":18,"enemies":"3 Sentries","floor":12,"turns":4},{"damage":15,"enemies":"Lagavulin","floor":14,"turns":5},{"damage":52,"enemies":"Hexaghost","floor":16,"turns":5},{"damage":38,"enemies":"2 Thieves","floor":18,"turns":3},{"damage":45,"enemies":"Slavers","floor":24,"turns":2}],"seed_played":"4741971329667515529","potions_obtained":[{"floor":1,"key":"Block Potion"},{"floor":10,"key":"LiquidBronze"},{"floor":12,"key":"EssenceOfSteel"},{"floor":16,"key":"SneckoOil"}],"is_trial":false,"path_per_floor":["M","?","?","$","?","R","E","R","T","M","?","E","?","E","R","B",null,"M","?","?","$","?","R","E"],"character_chosen":"THE_SILENT","items_purchased":["Orichalcum","OrangePellets"],"campfire_rested":3,"item_purchase_floors":[4,21],"current_hp_per_floor":[70,70,59,59,59,59,47,68,68,68,56,38,55,40,61,9,70,32,32,19,19,19,34,0],"gold":49,"neow_bonus":"","is_prod":false,"is_daily":true,"chose_seed":false,"campfire_upgraded":1,"win_rate":0.0,"timestamp":1561562850,"path_taken":["M","?","?","$","?","R","E","R","T","?","?","E","?","E","R","BOSS","M","?","?","$","?","R","E"],"build_version":"2019-01-23","purchased_purges":1,"victory":false,"max_hp_per_floor":[70,70,70,70,70,70,70,70,70,70,70,70,70,70,70,70,70,70,70,75,75,52,52,52],"card_choices":[{"not_picked":["Calculated Gamble","PiercingWail"],"picked":"Infinite Blades","floor":1},{"not_picked":["Terror","Predator"],"picked":"Blade Dance","floor":7},{"not_picked":["PiercingWail","Slice"],"picked":"Infinite Blades","floor":10},{"not_picked":["Cloak And Dagger","Backflip"],"picked":"Choke","floor":12},{"not_picked":["Quick Slash","Dodge and Roll"],"picked":"Infinite Blades","floor":14},{"not_picked":["Expertise","Deflect"],"picked":"Poisoned Stab","floor":15},{"not_picked":["Venomology","Glass Knife"],"picked":"Tools of the Trade","floor":16},{"not_picked":["Dodge and Roll","Sucker Punch"],"picked":"Poisoned Stab","floor":18},{"not_picked":["Backflip","Blur"],"picked":"Dash","floor":23}],"player_experience":10202,"relics_obtained":[{"floor":7,"key":"Centennial Puzzle"},{"floor":9,"key":"Dream Catcher"},{"floor":12,"key":"Omamori"},{"floor":14,"key":"Letter Opener"}],"event_choices":[{"damage_healed":0,"gold_gain":175,"player_choice":"AGREE","damage_taken":0,"max_hp_gain":0,"max_hp_loss":0,"event_name":"Liars Game","floor":2,"gold_loss":0,"cards_obtained":["Doubt"]},{"damage_healed":0,"gold_gain":75,"player_choice":"Gather Gold","damage_taken":11,"max_hp_gain":0,"max_hp_loss":0,"event_name":"World of Goop","floor":3,"gold_loss":0},{"cards_removed":["Defend_G"],"damage_healed":0,"gold_gain":0,"player_choice":"Card Removal","damage_taken":0,"max_hp_gain":0,"max_hp_loss":0,"event_name":"The Cleric","floor":5,"gold_loss":50},{"damage_healed":0,"gold_gain":0,"player_choice":"Success","damage_taken":12,"relics_obtained":["Bronze Scales"],"max_hp_gain":0,"max_hp_loss":0,"event_name":"Scrap Ooze","floor":11,"gold_loss":0},{"damage_healed":17,"gold_gain":0,"player_choice":"Healed and dodged fight","damage_taken":0,"max_hp_gain":0,"max_hp_loss":0,"event_name":"Mushrooms","floor":13,"gold_loss":0,"cards_obtained":["Parasite"]},{"damage_healed":0,"gold_gain":0,"player_choice":"Obtained Relic","damage_taken":0,"relics_obtained":["Snake Skull"],"max_hp_gain":0,"max_hp_loss":0,"event_name":"Addict","floor":19,"gold_loss":85},{"damage_healed":0,"gold_gain":0,"player_choice":"Shed Blood","damage_taken":18,"max_hp_gain":5,"max_hp_loss":0,"event_name":"Forgotten Altar","floor":20,"gold_loss":0},{"damage_healed":0,"gold_gain":0,"player_choice":"Became a vampire","damage_taken":0,"max_hp_gain":0,"max_hp_loss":23,"event_name":"Vampires","floor":22,"gold_loss":0,"cards_obtained":["Bite","Bite","Bite","Bite","Bite"]}],"is_beta":false,"boss_relics":[{"not_picked":["Sozu","White Beast Statue"],"picked":"Black Star"}],"items_purged_floors":[4],"is_endless":false,"potions_floor_spawned":[1,10,12,16],"killed_by":"Slavers","ascension_level":0}