{"path_per_floor":["M","M","?","M","$","R","E","R","T","R","?","?","?","M","R","B",null,"M","?","M","?","M","E","M","R","T"],"character_chosen":"THE_SILENT","items_purchased":[],"gold_per_floor":[116,132,132,144,69,69,102,102,102,102,102,82,111,126,126,223,223,233,233,245,245,261,295,311,311,338,338],"floor_reached":27,"campfire_rested":1,"playtime":3929,"current_hp_per_floor":[70,68,61,60,60,60,40,40,40,40,40,40,41,41,62,44,70,70,70,70,70,52,38,35,35,35,0],"items_purged":["Defend_G"],"gold":338,"score":231,"play_id":"071802da-cae9-4e8d-a924-36ce4a7a1a50","local_time":"20180415214708","is_prod":false,"is_daily":false,"chose_seed":false,"is_ascension_mode":false,"campfire_upgraded":4,"timestamp":1523821628,"path_taken":["M","M","?","?","?","R","E","R","T","R","?","?","?","M","R","BOSS","M","?","M","?","?","E","M","R","T","E"],"build_version":"2018-04-12","seed_source_timestamp":10775425415952,"purchased_purges":2,"victory":false,"master_deck":["Defend_G","Defend_G","Defend_G","Strike_G","Strike_G","Strike_G","Survivor","Neutralize","All Out Attack","Outmaneuver+1","Doppelganger+1","Skewer+1","Cloak And Dagger","Acrobatics","Adrenaline+1","Blur","Well Laid Plans","Tactician","Doubt"],"max_hp_per_floor":[70,70,70,70,70,70,70,70,70,70,70,70,70,70,70,70,70,70,70,70,70,70,70,70,70,70,70],"relics":["Ring of the Snake","Ornamental Fan","Meat on the Bone","Odd Mushroom","Cursed Key","Juzu Bracelet","Bag of Preparation"],"card_choices":[{"not_picked":["Underhanded Strike","Backflip"],"picked":"Outmaneuver","floor":1},{"not_picked":["Poisoned Stab","Finisher"],"picked":"Doppelganger","floor":2},{"not_picked":["Choke","Quick Slash"],"picked":"Skewer","floor":4},{"not_picked":["Slice","Expertise"],"picked":"Cloak And Dagger","floor":7},{"not_picked":["Bane","Finisher"],"picked":"Acrobatics","floor":13},{"not_picked":["Phantasmal Killer","Glass Knife"],"picked":"Adrenaline","floor":16},{"not_picked":["Eviscerate","Backstab"],"picked":"Blur","floor":18},{"not_picked":["Leg Sweep","Finisher"],"picked":"Tactician","floor":23}],"player_experience":181524,"potions_floor_usage":[16,16,22,27,27,27],"damage_taken":[{"damage":0,"enemies":"2 Louse","floor":1,"turns":2},{"damage":2,"enemies":"Jaw Worm","floor":2,"turns":3},{"damage":1,"enemies":"Cultist","floor":4,"turns":5},{"damage":20,"enemies":"3 Sentries","floor":7,"turns":7},{"damage":11,"enemies":"The Mushroom Lair","floor":13,"turns":3},{"damage":0,"enemies":"Red Slaver","floor":14,"turns":3},{"damage":30,"enemies":"The Guardian","floor":16,"turns":7},{"damage":0,"enemies":"Shell Parasite","floor":18,"turns":3},{"damage":0,"enemies":"3 Byrds","floor":20,"turns":4},{"damage":18,"enemies":"Slaver and Parasite","floor":22,"turns":7},{"damage":26,"enemies":"Book of Stabbing","floor":23,"turns":7},{"damage":15,"enemies":"Snake Plant","floor":24,"turns":3},{"damage":45,"enemies":"Slavers","floor":27,"turns":6}],"event_choices":[{"event_name":"Golden Wing","player_choice":"Card Removal","floor":3,"damage_taken":0},{"event_name":"Living Wall","player_choice":"Forget","floor":11,"damage_taken":0},{"event_name":"The Woman in Blue","player_choice":"Bought 1 Potion","floor":12,"damage_taken":0},{"event_name":"Mushrooms","player_choice":"Fought Mushrooms","floor":13,"damage_taken":0},{"event_name":"N\u0027loth","player_choice":"Ignored","floor":19,"damage_taken":0},{"event_name":"The Library","player_choice":"Read","floor":21,"damage_taken":0}],"boss_relics":[{"not_picked":["Ectoplasm","Black Star"],"picked":"Cursed Key"}],"potions_floor_spawned":[4,14,16,23,24],"seed_played":"-2154907362140941448","killed_by":"Slavers","ascension_level":0,"is_trial":false}