{"gold_per_floor":[111,26,26,26,26,59,30,30,30,30,58,38,38,68,68,142,142,162,212,228,153,78,78,106,21,21,31,31],"floor_reached":28,"playtime":1259,"items_purged":["Strike_R"],"score":596,"play_id":"46cdbea2-3b0e-44f0-863e-4686145d927e","local_time":"20190623100000","is_ascension_mode":true,"campfire_choices":[{"data":"Body Slam","floor":8,"key":"SMITH"},{"data":"Combust","floor":13,"key":"SMITH"},{"data":"Bash","floor":15,"key":"SMITH"},{"data":"Offering","floor":23,"key":"SMITH"}],"neow_cost":"NONE","seed_source_timestamp":474342960895402,"circlet_count":0,"master_deck":["AscendersBane","Strike_R+1","Strike_R+1","Defend_R","Defend_R","Defend_R","Defend_R","Bash+1","Shrug It Off","Combust+1","Shrug It Off","Body Slam+1","Offering+1","Battle Trance"],"relics":["Burning Blood","NeowsBlessing","Juzu Bracelet","Kunai","Mercury Hourglass","Cursed Key","Darkstone Periapt","Boot"],"potions_floor_usage":[27,28],"damage_taken":[{"damage":0,"enemies":"Small Slimes","floor":1,"turns":1},{"damage":0,"enemies":"3 Sentries","floor":6,"turns":2},{"damage":0,"enemies":"Gremlin Nob","floor":11,"turns":1},{"damage":14,"enemies":"3 Sentries","floor":14,"turns":6},{"damage":44,"enemies":"Slime Boss","floor":16,"turns":9},{"damage":20,"enemies":"Spheric Guardian","floor":18,"turns":4},{"damage":3,"enemies":"3 Byrds","floor":20,"turns":3},{"damage":15,"enemies":"Book of Stabbing","floor":24,"turns":4},{"damage":21,"enemies":"Snecko","floor":27,"turns":4},{"damage":37,"enemies":"Slavers","floor":28,"turns":3}],"seed_played":"4775693041678356114","potions_obtained":[{"floor":1,"key":"Energy Potion"},{"floor":12,"key":"SkillPotion"},{"floor":14,"key":"Weak Potion"},{"floor":16,"key":"Explosive Potion"}],"is_trial":false,"path_per_floor":["M","$","?","?","?","E","$","R","T","?","E","?","R","E","R","B",null,"M","?","M","$","?","R","E","?","T","M","E"],"character_chosen":"IRONCLAD","items_purchased":["Combust","Body Slam"],"campfire_rested":0,"item_purchase_floors":[2,7],"current_hp_per_floor":[74,74,74,51,51,57,57,57,57,57,63,63,63,55,55,17,61,47,47,50,50,50,50,41,41,41,26,0],"gold":31,"neow_bonus":"THREE_ENEMY_KILL","is_prod":false,"is_daily":false,"chose_seed":false,"campfire_upgraded":4,"win_rate":0,"timestamp":1561251600,"path_taken":["M","$","?","?","?","E","$","R","T","?","E","?","R","E","R","BOSS","M","?","M","?","?","R","E","?","T","M","E"],"build_version":"2019-01-23","purchased_purges":1,"victory":false,"max_hp_per_floor":[75,75,75,75,75,75,75,75,75,75,75,75,75,75,75,75,75,75,75,75,75,75,75,75,75,75,75,75],"card_choices":[{"not_picked":["Blood for Blood","Rupture"],"picked":"Shrug It Off","floor":1},{"not_picked":["Burning Pact","Warcry"],"picked":"Shrug It Off","floor":6},{"not_picked":["Anger","Thunderclap","Combust"],"picked":"SKIP","floor":11},{"not_picked":["Wild Strike","Carnage","Twin Strike"],"picked":"SKIP","floor":14},{"not_picked":["Berserk","Bludgeon"],"picked":"Offering","floor":16},{"not_picked":["Infernal Blade","Armaments","Perfected Strike"],"picked":"SKIP","floor":18},{"not_picked":["Clothesline","Ghostly Armor","Blood for Blood"],"picked":"SKIP","floor":20},{"not_picked":["Ghostly Armor","Hemokinesis+1"],"picked":"Battle Trance","floor":24},{"not_picked":["Cleave","Iron Wave","Twin Strike"],"picked":"SKIP","floor":27}],"player_experience":536451,"relics_obtained":[{"floor":6,"key":"Juzu Bracelet"},{"floor":9,"key":"Kunai"},{"floor":14,"key":"Mercury Hourglass"},{"floor":24,"key":"Darkstone Periapt"}],"event_choices":[{"damage_healed":0,"gold_gain":0,"player_choice":"Ignored","damage_taken":0,"max_hp_gain":0,"max_hp_loss":0,"event_name":"Liars Game","floor":3,"gold_loss":0},{"damage_healed":0,"gold_gain":0,"player_choice":"Entered Light","damage_taken":23,"max_hp_gain":0,"max_hp_loss":0,"event_name":"Shining Light","floor":4,"gold_loss":0,"cards_upgraded":["Strike_R","Strike_R"]},{"cards_removed":["Strike_R"],"damage_healed":0,"gold_gain":0,"player_choice":"Purged","damage_taken":0,"max_hp_gain":0,"max_hp_loss":0,"event_name":"Purifier","floor":5,"gold_loss":0},{"damage_healed":0,"gold_gain":0,"player_choice":"Leave","damage_taken":0,"max_hp_gain":0,"max_hp_loss":0,"event_name":"The Cleric","floor":10,"gold_loss":0},{"damage_healed":0,"gold_gain":0,"player_choice":"Bought 1 Potion","damage_taken":0,"max_hp_gain":0,"max_hp_loss":0,"event_name":"The Woman in Blue","floor":12,"gold_loss":0},{"damage_healed":0,"gold_gain":50,"player_choice":"Pray","damage_taken":0,"max_hp_gain":0,"max_hp_loss":0,"event_name":"Golden Shrine","floor":19,"gold_loss":0},{"cards_removed":["Strike_R"],"damage_healed":0,"gold_gain":0,"player_choice":"Gave Gold","damage_taken":0,"max_hp_gain":0,"max_hp_loss":0,"event_name":"Beggar","floor":22,"gold_loss":75},{"damage_healed":0,"gold_gain":0,"player_choice":"Obtained Relic","damage_taken":0,"relics_obtained":["Boot"],"max_hp_gain":0,"max_hp_loss":0,"event_name":"Addict","floor":25,"gold_loss":85}],"is_beta":false,"boss_relics":[{"not_picked":["Black Star","Empty Cage"],"picked":"Cursed Key"}],"items_purged_floors":[21],"is_endless":false,"potions_floor_spawned":[1,14,16,18],"killed_by":"Slavers","ascension_level":20}