{"gold_per_floor":[117,127,140,153,168,168,197,197,197,32,32,107,72,112,112,202,202,218,242,107,126,251,251,166,166,166,166,216,75,75,109,109,208,208,224,349,682,701,102,134,134,144,144,144,144,178,191,210,210,210,210,210,134,160,160],"floor_reached":56,"playtime":4865,"items_purged":["Strike_G","Strike_G","Strike_G"],"score":1948,"play_id":"7e0aa755-f308-430b-9b21-12c7496f83d0","local_time":"20190216123816","is_ascension_mode":true,"campfire_choices":[{"data":"Dagger Spray","floor":6,"key":"SMITH"},{"data":"Neutralize","floor":8,"key":"SMITH"},{"data":"Well Laid Plans","floor":15,"key":"SMITH"},{"data":"Footwork","floor":23,"key":"SMITH"},{"floor":25,"key":"REST"},{"data":"Burst","floor":27,"key":"SMITH"},{"data":"Catalyst","floor":30,"key":"SMITH"},{"floor":32,"key":"REST"},{"floor":45,"key":"RECALL"},{"data":"Corpse Explosion","floor":49,"key":"SMITH"},{"data":"Footwork","floor":52,"key":"SMITH"}],"neow_cost":"NONE","seed_source_timestamp":105936548552250,"circlet_count":0,"master_deck":["AscendersBane","Defend_G","Defend_G","Defend_G","Defend_G","Survivor","Neutralize+1","Bullet Time+1","Dodge and Roll+1","PiercingWail+1","Crippling Poison","Dagger Spray+1","Poisoned Stab","Predator","Well Laid Plans+1","Acrobatics","Burst+1","Corpse Explosion+1","Backflip","Well Laid Plans","PiercingWail","Footwork+1","Catalyst+1","Footwork+1","Backflip","Acrobatics+1","PiercingWail+1","Footwork+1","Deflect+1"],"relics":["Astrolabe","Art of War","Shuriken","Question Card","Busted Crown","Gambling Chip","Darkstone Periapt","Sundial","Incense Burner","Strawberry","Snecko Eye","Bird Faced Urn","Toxic Egg 2","Regal Pillow","Bottled Tornado","Blood Vial","Bag of Marbles"],"potions_floor_usage":[7,16,16,16,31,55,55],"damage_taken":[{"damage":14,"enemies":"Cultist","floor":1,"turns":8},{"damage":0,"enemies":"2 Louse","floor":2,"turns":3},{"damage":0,"enemies":"Small Slimes","floor":3,"turns":4},{"damage":0,"enemies":"2 Fungi Beasts","floor":4,"turns":4},{"damage":3,"enemies":"Looter","floor":5,"turns":4},{"damage":12,"enemies":"Gremlin Nob","floor":7,"turns":4},{"damage":1,"enemies":"Lagavulin","floor":14,"turns":6},{"damage":1,"enemies":"The Guardian","floor":16,"turns":10},{"damage":1,"enemies":"Spheric Guardian","floor":18,"turns":5},{"damage":0,"enemies":"Chosen","floor":19,"turns":5},{"damage":13,"enemies":"Snake Plant","floor":21,"turns":4},{"damage":8,"enemies":"Colosseum Slavers","floor":22,"turns":4},{"damage":10,"enemies":"Colosseum Nobs","floor":22,"turns":4},{"damage":17,"enemies":"Slavers","floor":31,"turns":3},{"damage":15,"enemies":"Collector","floor":33,"turns":6},{"damage":12,"enemies":"3 Darklings","floor":35,"turns":5},{"damage":0,"enemies":"Mind Bloom Boss Battle","floor":36,"turns":7},{"damage":12,"enemies":"3 Shapes","floor":38,"turns":6},{"damage":6,"enemies":"Giant Head","floor":40,"turns":6},{"damage":0,"enemies":"Jaw Worm Horde","floor":42,"turns":2},{"damage":0,"enemies":"Reptomancer","floor":46,"turns":4},{"damage":1,"enemies":"Transient","floor":47,"turns":5},{"damage":0,"enemies":"Spire Growth","floor":48,"turns":5},{"damage":19,"enemies":"Donu and Deca","floor":50,"turns":3},{"damage":4,"enemies":"Shield and Spear","floor":54,"turns":2},{"damage":49,"enemies":"The Heart","floor":55,"turns":5}],"seed_played":"-5077480432767857360","potions_obtained":[{"floor":2,"key":"Poison Potion"},{"floor":4,"key":"LiquidBronze"},{"floor":7,"key":"EntropicBrew"},{"floor":18,"key":"Weak Potion"},{"floor":22,"key":"EssenceOfSteel"},{"floor":40,"key":"Strength Potion"}],"is_trial":false,"path_per_floor":["M","M","M","M","M","R","E","R","T","$","?","?","?","E","R","B",null,"M","M","$","M","?","R","?","R","T","R","?","$","R","E","R","B",null,"M","?","?","M","$","E","?","M","T","?","R","E","M","M","R","B",null,"R","$","E","B",null],"character_chosen":"THE_SILENT","items_purchased":["Well Laid Plans","Acrobatics","Well Laid Plans","Catalyst","Footwork","Toxic Egg 2","Acrobatics+1","PiercingWail+1","Regal Pillow","LiquidBronze"],"campfire_rested":2,"item_purchase_floors":[10,10,20,29,29,39,39,39,39,53],"current_hp_per_floor":[45,45,45,45,42,42,30,30,30,30,30,19,34,33,33,32,53,52,52,52,39,21,21,21,39,39,39,39,39,39,29,49,34,59,47,47,47,43,43,45,45,51,51,51,51,61,64,64,64,51,61,61,61,60,17],"gold":160,"neow_bonus":"BOSS_RELIC","is_prod":false,"is_daily":false,"chose_seed":false,"campfire_upgraded":8,"win_rate":0,"timestamp":1550288296,"path_taken":["M","M","M","M","M","R","E","R","T","$","?","?","?","E","R","BOSS","M","M","$","M","?","R","?","R","T","R","?","?","R","E","R","BOSS","M","?","?","M","$","E","?","?","T","?","R","E","M","M","R","BOSS","R","$","E","BOSS"],"build_version":"2019-01-23","purchased_purges":3,"victory":true,"max_hp_per_floor":[66,66,66,66,66,66,66,66,66,66,60,60,60,60,60,60,60,60,60,60,60,60,60,60,60,60,60,60,60,60,67,67,67,67,67,67,67,67,67,67,67,67,67,64,64,64,64,64,64,64,64,64,64,64,64],"card_choices":[{"not_picked":["Deflect","PiercingWail"],"picked":"Crippling Poison","floor":1},{"not_picked":["Masterful Stab","Cloak And Dagger","Deflect"],"picked":"SKIP","floor":2},{"not_picked":["Blade Dance","Sucker Punch"],"picked":"Dagger Spray","floor":3},{"not_picked":["Masterful Stab","Bane"],"picked":"Poisoned Stab","floor":4},{"not_picked":["Setup","Eviscerate","Outmaneuver"],"picked":"SKIP","floor":5},{"not_picked":["Quick Slash","Flechettes"],"picked":"Predator","floor":7},{"not_picked":["Distraction","Slice"],"picked":"Burst","floor":14},{"not_picked":["A Thousand Cuts","Envenom","Storm of Steel"],"picked":"Corpse Explosion","floor":16},{"not_picked":["Masterful Stab","Deflect"],"picked":"SKIP","floor":18},{"not_picked":["Distraction"],"picked":"Backflip","floor":19},{"not_picked":["Poisoned Stab"],"picked":"PiercingWail","floor":21},{"not_picked":["Sucker Punch"],"picked":"Footwork","floor":22},{"not_picked":["Bane","Phantasmal Killer"],"picked":"SKIP","floor":31},{"not_picked":["Sucker Punch+1","Deadly Poison"],"picked":"SKIP","floor":35},{"not_picked":["Sucker Punch"],"picked":"Backflip","floor":38},{"not_picked":["Poisoned Stab","Phantasmal Killer+1"],"picked":"SKIP","floor":40},{"not_picked":["Cloak And Dagger+1"],"picked":"Footwork+1","floor":42},{"not_picked":["Dagger Spray+1"],"picked":"Deflect+1","floor":46},{"not_picked":["Blade Dance+1","Caltrops"],"picked":"SKIP","floor":47},{"not_picked":["Dagger Spray+1","Acrobatics+1"],"picked":"SKIP","floor":48},{"not_picked":["Slice+1","Dodge and Roll+1"],"picked":"SKIP","floor":54}],"player_experience":495887,"relics_obtained":[{"floor":7,"key":"Art of War"},{"floor":9,"key":"Shuriken"},{"floor":14,"key":"Question Card"},{"floor":22,"key":"Gambling Chip"},{"floor":22,"key":"Darkstone Periapt"},{"floor":26,"key":"Incense Burner"},{"floor":31,"key":"Strawberry"},{"floor":36,"key":"Bird Faced Urn"},{"floor":40,"key":"Bottled Tornado"},{"floor":46,"key":"Blood Vial"},{"floor":54,"key":"Bag of Marbles"}],"event_choices":[{"damage_healed":0,"gold_gain":0,"player_choice":"Lose Max HP","damage_taken":0,"relics_obtained":["Golden Idol"],"max_hp_gain":0,"max_hp_loss":6,"event_name":"Golden Idol","floor":11,"gold_loss":0},{"damage_healed":0,"gold_gain":75,"player_choice":"Gather Gold","damage_taken":11,"max_hp_gain":0,"max_hp_loss":0,"event_name":"World of Goop","floor":12,"gold_loss":0},{"damage_healed":15,"gold_gain":0,"player_choice":"Healed","damage_taken":0,"max_hp_gain":0,"max_hp_loss":0,"event_name":"The Cleric","floor":13,"gold_loss":35},{"damage_healed":0,"gold_gain":0,"player_choice":"Fight","damage_taken":0,"max_hp_gain":0,"max_hp_loss":0,"event_name":"Colosseum","floor":22,"gold_loss":0},{"damage_healed":0,"gold_gain":0,"player_choice":"Fought Nobs","damage_taken":0,"max_hp_gain":0,"max_hp_loss":0,"event_name":"Colosseum","floor":22,"gold_loss":0},{"damage_healed":0,"gold_gain":0,"player_choice":"Obtained Relic","damage_taken":0,"relics_obtained":["Sundial"],"max_hp_gain":0,"max_hp_loss":0,"event_name":"Addict","floor":24,"gold_loss":85},{"damage_healed":0,"gold_gain":50,"player_choice":"Stole From Cult","damage_taken":0,"max_hp_gain":0,"max_hp_loss":0,"event_name":"Nest","floor":28,"gold_loss":0},{"damage_healed":0,"gold_gain":0,"player_choice":"Fight","damage_taken":0,"max_hp_gain":0,"max_hp_loss":0,"event_name":"MindBloom","floor":36,"gold_loss":0},{"damage_healed":0,"gold_gain":333,"player_choice":"Gave Idol","damage_taken":0,"max_hp_gain":0,"max_hp_loss":0,"event_name":"The Moai Head","floor":37,"relics_lost":["Golden Idol"],"gold_loss":0},{"damage_healed":0,"gold_gain":0,"player_choice":"0 cards matched","damage_taken":0,"max_hp_gain":0,"max_hp_loss":0,"event_name":"Match and Keep!","floor":41,"gold_loss":0,"cards_obtained":[]},{"damage_healed":0,"gold_gain":0,"player_choice":"Max HP","damage_taken":0,"max_hp_gain":0,"max_hp_loss":3,"event_name":"Winding Halls","floor":44,"gold_loss":0}],"is_beta":false,"boss_relics":[{"not_picked":["Black Star","Fusion Hammer"],"picked":"Busted Crown"},{"not_picked":["Runic Dome","Runic Pyramid"],"picked":"Snecko Eye"}],"items_purged_floors":[10,20,39],"is_endless":false,"potions_floor_spawned":[2,4,5,7,18,19,22,40,47,48],"ascension_level":15}