{"gold_per_floor":[114,126,126,15,27,27,37,37,37,49,49,63,63,90,90,193,193,203,203,217,217,117,117,117,117,141,158,169,169,0,14,14,114,114,133,133,133,59,74,74,74],"floor_reached":41,"playtime":1533,"items_purged":["Strike_B","Strike_B"],"score":514,"play_id":"add53877-dec2-4c48-91ae-5aa2b6c0b82d","local_time":"20190712191510","is_ascension_mode":true,"campfire_choices":[{"data":"Scrape","floor":6.0,"key":"SMITH"},{"data":"Coolheaded","floor":11.0,"key":"SMITH"},{"data":"Gash","floor":13.0,"key":"SMITH"},{"floor":15.0,"key":"REST"},{"floor":23.0,"key":"REST"},{"floor":25.0,"key":"REST"},{"floor":29.0,"key":"REST"},{"floor":32.0,"key":"REST"},{"floor":40,"key":"REST"}],"neow_cost":"NONE","seed_source_timestamp":1373001171123700,"circlet_count":0,"master_deck":["Strike_B","Defend_B","Defend_B","Defend_B","Defend_B","Zap+1","Dualcast+1","Gash+1","Scrape+1","Coolheaded+1","Rebound","Scrape","Electrodynamics","Genetic Algorithm","Gash+1","Gash","Go for the Eyes","Glacier","Go for the Eyes","Defragment","Seek","Loop","Conserve Battery+1"],"special_seed":0,"relics":["Cracked Core","NeowsBlessing","Dodecahedron","Odd Mushroom","Inserter","Nilry\u0027s Codex","Bird Faced Urn","Vajra","White Beast Statue"],"potions_floor_usage":[35,39,41],"damage_taken":[{"damage":0.0,"enemies":"Cultist","floor":1.0,"turns":1.0},{"damage":0.0,"enemies":"Jaw Worm","floor":2.0,"turns":1.0},{"damage":0.0,"enemies":"Small Slimes","floor":5.0,"turns":1.0},{"damage":0.0,"enemies":"Red Slaver","floor":7.0,"turns":3.0},{"damage":2.0,"enemies":"3 Louse","floor":10.0,"turns":3.0},{"damage":0.0,"enemies":"2 Fungi Beasts","floor":12.0,"turns":2.0},{"damage":11.0,"enemies":"The Mushroom Lair","floor":14.0,"turns":3.0},{"damage":42.0,"enemies":"The Guardian","floor":16.0,"turns":8.0},{"damage":21.0,"enemies":"Shell Parasite","floor":18.0,"turns":4.0},{"damage":10.0,"enemies":"Spheric Guardian","floor":20.0,"turns":3.0},{"damage":2.0,"enemies":"Cultist and Chosen","floor":27.0,"turns":3.0},{"damage":41.0,"enemies":"Snake Plant","floor":28.0,"turns":5.0},{"damage":12.0,"enemies":"Shelled Parasite and Fungi","floor":31.0,"turns":4.0},{"damage":34.0,"enemies":"Automaton","floor":33.0,"turns":10.0},{"damage":49,"enemies":"3 Darklings","floor":35,"turns":8},{"damage":22,"enemies":"Orb Walker","floor":39,"turns":4},{"damage":45,"enemies":"Spire Growth","floor":41,"turns":4}],"seed_played":"2795675589092182659","potions_obtained":[{"floor":5.0,"key":"Weak Potion"},{"floor":7.0,"key":"Ancient Potion"},{"floor":10.0,"key":"FearPotion"},{"floor":12.0,"key":"Regen Potion"},{"floor":28.0,"key":"Explosive Potion"},{"floor":31.0,"key":"SkillPotion"},{"floor":35,"key":"GamblersBrew"},{"floor":39,"key":"Poison Potion"}],"is_trial":false,"path_per_floor":["M","M","?","$","M","R","M","?","T","M","R","M","R","?","R","B",null,"M","?","M","?","$","R","?","R","T","M","M","R","?","M","R","B",null,"M","?","$","$","M","R","M"],"character_chosen":"DEFECT","items_purchased":["Scrape","Loop"],"campfire_rested":6,"item_purchase_floors":[4,38],"current_hp_per_floor":[68,68,68,68,68,68,68,68,68,66,66,66,66,55,75,45,68,47,47,37,21,21,43,43,65,65,63,24,46,46,36,58,34,65,28,28,28,28,14,36,0],"gold":74,"neow_bonus":"THREE_ENEMY_KILL","is_prod":false,"is_daily":false,"chose_seed":false,"campfire_upgraded":3,"win_rate":0,"timestamp":1562951710,"path_taken":["M","?","?","$","M","R","M","?","T","M","R","?","R","?","R","BOSS","M","?","?","?","$","R","?","R","T","?","M","R","?","M","R","BOSS","M","?","?","$","?","R","M"],"build_version":"2019-07-05","purchased_purges":2,"victory":false,"max_hp_per_floor":[75,75,75,75,75,75,75,75,75,75,75,75,75,75,75,75,75,75,75,75,75,75,75,75,75,75,75,75,75,75,75,75,75,75,75,75,75,75,75,75,75],"card_choices":[{"not_picked":["Leap","Rebound"],"picked":"Gash","floor":1.0},{"not_picked":["Chaos","Fusion","Beam Cell"],"picked":"SKIP","floor":2.0},{"not_picked":["Streamline","Steam","Leap"],"picked":"SKIP","floor":5.0},{"not_picked":["Leap","Consume"],"picked":"Coolheaded","floor":7.0},{"not_picked":["Leap","Melter","Sweeping Beam"],"picked":"SKIP","floor":10.0},{"not_picked":["Leap","Compile Driver"],"picked":"Rebound","floor":12.0},{"not_picked":["Amplify","Streamline"],"picked":"Scrape","floor":14.0},{"not_picked":["Multi-Cast","Thunder Strike"],"picked":"Electrodynamics","floor":16.0},{"not_picked":["Conserve Battery","Steam Power"],"picked":"Genetic Algorithm","floor":18.0},{"not_picked":["Hologram","Steam Power"],"picked":"Gash","floor":20.0},{"not_picked":["Double Energy","Compile Driver"],"picked":"Go for the Eyes","floor":27.0},{"not_picked":["Gash","Go for the Eyes"],"picked":"Glacier","floor":28.0},{"not_picked":["Stack","Conserve Battery"],"picked":"Go for the Eyes","floor":31.0},{"not_picked":["Stack","Ball Lightning"],"picked":"Defragment","floor":35},{"not_picked":["Thunder Strike","Hologram"],"picked":"Conserve Battery+1","floor":39}],"player_experience":320830,"relics_obtained":[{"floor":9.0,"key":"Dodecahedron"},{"floor":14.0,"key":"Odd Mushroom"},{"floor":21.0,"key":"Nilry\u0027s Codex"},{"floor":26.0,"key":"Vajra"}],"event_choices":[{"damage_healed":0.0,"max_hp_gain":0.0,"max_hp_loss":0.0,"gold_gain":0.0,"event_name":"Living Wall","player_choice":"Grow","floor":3.0,"gold_loss":0.0,"damage_taken":0.0,"cards_upgraded":["Zap"]},{"damage_healed":0.0,"max_hp_gain":0.0,"max_hp_loss":0.0,"gold_gain":0.0,"event_name":"Upgrade Shrine","player_choice":"Upgraded","floor":8.0,"gold_loss":0.0,"damage_taken":0.0,"cards_upgraded":["Dualcast"]},{"damage_healed":0.0,"max_hp_gain":0.0,"max_hp_loss":0.0,"gold_gain":0.0,"event_name":"Mushrooms","player_choice":"Fought Mushrooms","floor":14.0,"gold_loss":0.0,"damage_taken":0.0},{"damage_healed":0.0,"max_hp_gain":0.0,"max_hp_loss":0.0,"gold_gain":0.0,"event_name":"Duplicator","player_choice":"Copied","floor":19.0,"gold_loss":0.0,"damage_taken":0.0,"cards_obtained":["Gash"]},{"damage_healed":0.0,"max_hp_gain":0.0,"max_hp_loss":0.0,"gold_gain":0.0,"event_name":"Cursed Tome","player_choice":"Obtained Book","floor":21.0,"gold_loss":0.0,"damage_taken":16.0},{"damage_healed":0.0,"max_hp_gain":0.0,"max_hp_loss":0.0,"gold_gain":0.0,"event_name":"WeMeetAgain","player_choice":"Gave Potion","floor":24.0,"gold_loss":0.0,"damage_taken":0.0,"relics_obtained":["Bird Faced Urn"]},{"damage_healed":0.0,"max_hp_gain":0.0,"max_hp_loss":0.0,"gold_gain":0.0,"event_name":"Masked Bandits","player_choice":"Paid Fearfully","floor":30.0,"gold_loss":169.0,"damage_taken":0.0},{"damage_healed":0,"gold_gain":0,"cards_transformed":["Strike_B"],"player_choice":"Transformed","damage_taken":0,"max_hp_gain":0,"max_hp_loss":0,"event_name":"Transmorgrifier","floor":36,"gold_loss":0,"cards_obtained":["Seek"]}],"is_beta":false,"boss_relics":[{"not_picked":["Tiny House","Eternal Feather"],"picked":"Inserter"},{"not_picked":["Nuclear Battery","Fusion Hammer"],"picked":"White Beast Statue"}],"items_purged_floors":[4,22],"is_endless":false,"potions_floor_spawned":[5,7,10,12,28,31,35,39],"killed_by":"Spire Growth","ascension_level":7}