{"gold_per_floor":[217,217,217,95,95,128,128,148,148,126,142,142,157,60,60,163,213,233,249,106,124,135,135,152,181,204,204,220,21,0,29,29,127,127,142,153,170,170,180,180,180,180,180,211,128,128,28,38,38,38],"floor_reached":51,"playtime":3423,"items_purged":["Strike_G","Strike_G"],"score":1016,"play_id":"125f1a2d-d3b4-4114-86b7-2fe91c62dae7","local_time":"20190711235325","is_ascension_mode":true,"campfire_choices":[{"floor":7,"key":"REST"},{"data":"Deadly Poison","floor":12,"key":"SMITH"},{"data":"Bane","floor":15,"key":"SMITH"},{"data":"Footwork","floor":23,"key":"SMITH"},{"floor":27,"key":"REST"},{"floor":32,"key":"REST"},{"floor":40,"key":"REST"},{"floor":42,"key":"REST"},{"floor":49,"key":"REST"}],"neow_cost":"NONE","seed_source_timestamp":19053584323200,"circlet_count":0,"master_deck":["Strike_G","Defend_G","Defend_G","Defend_G+1","Defend_G","Survivor","Neutralize","Infinite Blades","Dagger Spray","Quick Slash","Poisoned Stab","Bane+1","Deadly Poison+1","PiercingWail","Adrenaline","Deadly Poison","Deflect","Escape Plan","Backflip","Footwork+1","Noxious Fumes","Acrobatics","Leg Sweep","Malaise","PiercingWail","Dodge and Roll+1","Escape Plan","Apotheosis","Panacea","Catalyst","Backflip","Tactician"],"relics":["Ring of the Snake","Singing Bowl","Pear","Gambling Chip","FossilizedHelix","Tiny House","Bag of Marbles","Molten Egg 2","Happy Flower","Darkstone Periapt","Fusion Hammer","Bottled Flame","Bird Faced Urn"],"potions_floor_usage":[16,25,25,31,31,33,33,39,44,50],"damage_taken":[{"damage":3,"enemies":"2 Louse","floor":1,"turns":3},{"damage":41,"enemies":"3 Sentries","floor":6,"turns":11},{"damage":0,"enemies":"Small Slimes","floor":8,"turns":3},{"damage":0,"enemies":"Jaw Worm","floor":11,"turns":3},{"damage":3,"enemies":"Blue Slaver","floor":13,"turns":3},{"damage":26,"enemies":"The Guardian","floor":16,"turns":10},{"damage":8,"enemies":"Shell Parasite","floor":18,"turns":5},{"damage":11,"enemies":"Spheric Guardian","floor":19,"turns":5},{"damage":17,"enemies":"3 Cultists","floor":21,"turns":7},{"damage":1,"enemies":"Centurion and Healer","floor":22,"turns":8},{"damage":11,"enemies":"Snecko","floor":24,"turns":6},{"damage":22,"enemies":"Slavers","floor":25,"turns":7},{"damage":23,"enemies":"Chosen and Byrds","floor":28,"turns":8},{"damage":0,"enemies":"Gremlin Leader","floor":31,"turns":6},{"damage":50,"enemies":"Champ","floor":33,"turns":13},{"damage":0,"enemies":"Orb Walker","floor":35,"turns":4},{"damage":1,"enemies":"3 Shapes","floor":36,"turns":7},{"damage":6,"enemies":"Spire Growth","floor":37,"turns":7},{"damage":32,"enemies":"4 Shapes","floor":39,"turns":9},{"damage":25,"enemies":"Reptomancer","floor":44,"turns":9},{"damage":0,"enemies":"Writhing Mass","floor":48,"turns":5},{"damage":93,"enemies":"Donu and Deca","floor":50,"turns":13}],"seed_played":"-1479388335879556593","potions_obtained":[{"floor":1,"key":"Weak Potion"},{"floor":13,"key":"Strength Potion"},{"floor":16,"key":"SteroidPotion"},{"floor":17,"key":"Strength Potion"},{"floor":18,"key":"Dexterity Potion"},{"floor":21,"key":"PowerPotion"},{"floor":24,"key":"GhostInAJar"},{"floor":28,"key":"FearPotion"},{"floor":31,"key":"Swift Potion"},{"floor":35,"key":"Swift Potion"},{"floor":36,"key":"GhostInAJar"},{"floor":37,"key":"FairyPotion"},{"floor":48,"key":"Ancient Potion"}],"is_trial":false,"path_per_floor":["M","?","?","$","T","E","R","M","T","$","M","R","M","$","R","B",null,"M","M","$","M","M","R","M","E","T","R","M","$","?","E","R","B",null,"M","M","M","?","M","R","?","R","T","E","$","?","$","M","R","B",null],"character_chosen":"THE_SILENT","items_purchased":["Infinite Blades","Dagger Spray","Bane","PiercingWail","Bag of Marbles","Noxious Fumes","Acrobatics","Regen Potion","Catalyst","Backflip"],"campfire_rested":6,"item_purchase_floors":[4,4,10,14,20,29,29,29,45,45],"current_hp_per_floor":[60,53,50,50,60,19,43,43,43,43,43,43,42,42,42,16,71,63,52,52,35,34,34,25,5,5,32,11,11,11,26,53,3,71,71,70,66,66,34,62,57,85,85,62,62,62,62,68,97,10],"gold":38,"neow_bonus":"HUNDRED_GOLD","is_prod":false,"is_daily":false,"chose_seed":false,"campfire_upgraded":3,"win_rate":0,"timestamp":1562882005,"path_taken":["M","?","?","?","?","E","R","M","T","$","?","R","M","$","R","BOSS","M","?","$","M","M","R","M","E","T","R","M","$","?","E","R","BOSS","M","M","M","?","M","R","?","R","T","E","$","?","$","M","R","BOSS"],"build_version":"2019-07-05","purchased_purges":2,"victory":true,"max_hp_per_floor":[70,70,70,70,80,80,80,80,80,80,80,80,82,82,82,82,87,87,87,87,87,87,87,89,91,91,91,93,93,93,93,93,93,93,93,93,95,95,95,95,95,95,95,97,97,97,97,99,99,99],"card_choices":[{"not_picked":["Expertise","Bane","Slice"],"picked":"SKIP","floor":1},{"not_picked":["Grand Finale","Deflect"],"picked":"Quick Slash","floor":6},{"not_picked":["Expertise","Dagger Spray"],"picked":"Poisoned Stab","floor":8},{"not_picked":["Infinite Blades","Caltrops"],"picked":"Deadly Poison","floor":11},{"not_picked":["Reflex","Tactician","Grand Finale"],"picked":"Singing Bowl","floor":13},{"not_picked":["Doppelganger","Envenom"],"picked":"Adrenaline","floor":16},{"not_picked":["Predator","Quick Slash"],"picked":"Deadly Poison","floor":17},{"not_picked":["Sucker Punch","Blade Dance+1"],"picked":"Deflect","floor":18},{"not_picked":["Sucker Punch","Finisher"],"picked":"Escape Plan","floor":19},{"not_picked":["Riddle With Holes","Outmaneuver+1"],"picked":"Backflip","floor":21},{"not_picked":["Skewer","Blade Dance+1"],"picked":"Footwork","floor":22},{"not_picked":["Flying Knee+1","Outmaneuver","Backflip"],"picked":"Singing Bowl","floor":24},{"not_picked":["Caltrops+1","A Thousand Cuts","Bane"],"picked":"Singing Bowl","floor":25},{"not_picked":["Deadly Poison","Sucker Punch+1","Terror"],"picked":"Singing Bowl","floor":28},{"not_picked":["Predator+1","Quick Slash+1"],"picked":"Leg Sweep","floor":31},{"not_picked":["Burst","Doppelganger"],"picked":"Malaise","floor":33},{"not_picked":["Flying Knee+1","Quick Slash+1"],"picked":"PiercingWail","floor":35},{"not_picked":["All Out Attack+1","Cloak And Dagger+1"],"picked":"Dodge and Roll+1","floor":36},{"not_picked":["Bane+1","Outmaneuver","Cloak And Dagger+1"],"picked":"Singing Bowl","floor":37},{"not_picked":["Terror+1","Expertise+1"],"picked":"Escape Plan","floor":39},{"not_picked":["Panacea","Purity"],"picked":"Apotheosis","floor":41},{"not_picked":["Blind","Bandage Up"],"picked":"Panacea","floor":41},{"not_picked":["Dash+1","Dagger Throw+1","Bane+1"],"picked":"Singing Bowl","floor":44},{"not_picked":["Backstab+1","All Out Attack+1","Concentrate+1"],"picked":"Singing Bowl","floor":48}],"player_experience":217974,"relics_obtained":[{"floor":5,"key":"Pear"},{"floor":6,"key":"Gambling Chip"},{"floor":9,"key":"FossilizedHelix"},{"floor":25,"key":"Molten Egg 2"},{"floor":26,"key":"Happy Flower"},{"floor":31,"key":"Darkstone Periapt"},{"floor":43,"key":"Bottled Flame"},{"floor":44,"key":"Bird Faced Urn"}],"event_choices":[{"cards_removed":["Strike_G"],"damage_healed":0,"gold_gain":0,"player_choice":"Card Removal","damage_taken":7,"max_hp_gain":0,"max_hp_loss":0,"event_name":"Golden Wing","floor":2,"gold_loss":0},{"damage_healed":0,"gold_gain":0,"player_choice":"Success","damage_taken":3,"relics_obtained":["Singing Bowl"],"max_hp_gain":0,"max_hp_loss":0,"event_name":"Scrap Ooze","floor":3,"gold_loss":0},{"damage_healed":0,"gold_gain":0,"player_choice":"Paid Fearfully","damage_taken":0,"max_hp_gain":0,"max_hp_loss":0,"event_name":"Masked Bandits","floor":30,"gold_loss":21},{"cards_removed":["Defend_G"],"damage_healed":0,"gold_gain":0,"player_choice":"Removed Skill","damage_taken":0,"max_hp_gain":0,"max_hp_loss":0,"event_name":"Falling","floor":38,"gold_loss":0},{"damage_healed":0,"gold_gain":0,"player_choice":"Memory 2","damage_taken":5,"max_hp_gain":0,"max_hp_loss":0,"event_name":"SensoryStone","floor":41,"gold_loss":0},{"damage_healed":0,"gold_gain":0,"cards_transformed":["Strike_G"],"player_choice":"Transformed","damage_taken":0,"max_hp_gain":0,"max_hp_loss":0,"event_name":"Transmorgrifier","floor":46,"gold_loss":0,"cards_obtained":["Tactician"]}],"is_beta":false,"boss_relics":[{"not_picked":["HoveringKite","Ring of the Serpent"],"picked":"Tiny House"},{"not_picked":["White Beast Statue","Runic Dome"],"picked":"Fusion Hammer"}],"items_purged_floors":[14,47],"is_endless":false,"potions_floor_spawned":[1,13,16,18,21,24,28,31,35,36,37,48],"ascension_level":8}