{"gold_per_floor":[113,188,43,218,236,236,262,262,262,272,272,283,300,316,316,316],"floor_reached":16,"playtime":1124,"items_purged":[],"score":107,"play_id":"ef1275ab-77ce-4707-9c34-4152fc7d35b8","local_time":"20190620030949","is_ascension_mode":true,"campfire_choices":[{"data":"Cloak And Dagger","floor":6,"key":"SMITH"},{"floor":11,"key":"REST"},{"data":"Blade Dance","floor":15,"key":"SMITH"}],"neow_cost":"NONE","seed_source_timestamp":724681975988167,"circlet_count":0,"master_deck":["Defend_G","Defend_G","Defend_G","Defend_G","Defend_G","Strike_G","Strike_G","Strike_G","Strike_G","Strike_G","Survivor","Neutralize","Infinite Blades","Cloak And Dagger+1","Blade Dance","Blade Dance","Blade Dance+1","Outmaneuver","Infinite Blades"],"relics":["White Beast Statue","Anchor","Juzu Bracelet"],"potions_floor_usage":[7,12,16],"damage_taken":[{"damage":2,"enemies":"2 Louse","floor":1,"turns":4},{"damage":5,"enemies":"Jaw Worm","floor":5,"turns":6},{"damage":50,"enemies":"Lagavulin","floor":7,"turns":13},{"damage":0,"enemies":"Cultist","floor":10,"turns":4},{"damage":4,"enemies":"Exordium Wildlife","floor":12,"turns":4},{"damage":0,"enemies":"Red Slaver","floor":13,"turns":5},{"damage":0,"enemies":"3 Louse","floor":14,"turns":4},{"damage":22,"enemies":"The Guardian","floor":16,"turns":10}],"seed_played":"8110182979424020561","potions_obtained":[{"floor":1,"key":"Energy Potion"},{"floor":5,"key":"Poison Potion"},{"floor":7,"key":"Fire Potion"},{"floor":10,"key":"Fire Potion"},{"floor":12,"key":"GhostInAJar"},{"floor":13,"key":"AttackPotion"}],"is_trial":false,"path_per_floor":["M","?","$","?","M","R","E","?","T","M","R","M","M","M","R","B"],"character_chosen":"THE_SILENT","items_purchased":["Anchor"],"campfire_rested":1,"item_purchase_floors":[3],"current_hp_per_floor":[68,57,57,57,52,52,2,2,2,2,23,19,19,19,19,0],"gold":316,"neow_bonus":"BOSS_RELIC","is_prod":false,"is_daily":false,"chose_seed":false,"campfire_upgraded":2,"win_rate":0,"timestamp":1561025389,"path_taken":["M","?","$","?","M","R","E","?","T","M","R","M","M","M","R","BOSS"],"build_version":"2019-01-23","purchased_purges":0,"victory":false,"max_hp_per_floor":[70,70,70,70,70,70,70,70,70,70,70,70,70,70,70,70],"card_choices":[{"not_picked":["Acrobatics","Backflip"],"picked":"Infinite Blades","floor":1},{"not_picked":["Quick Slash","Prepared"],"picked":"Cloak And Dagger","floor":5},{"not_picked":["Predator","Flying Knee"],"picked":"Blade Dance","floor":7},{"not_picked":["Outmaneuver","Skewer"],"picked":"Blade Dance","floor":10},{"not_picked":["Backflip","Heel Hook"],"picked":"Blade Dance","floor":12},{"not_picked":["Predator","Concentrate"],"picked":"Outmaneuver","floor":13},{"not_picked":["Leg Sweep","Reflex"],"picked":"Infinite Blades","floor":14}],"player_experience":98367,"relics_obtained":[{"floor":7,"key":"Juzu Bracelet"}],"event_choices":[{"damage_healed":0,"gold_gain":75,"player_choice":"Gather Gold","damage_taken":11,"max_hp_gain":0,"max_hp_loss":0,"event_name":"World of Goop","floor":2,"gold_loss":0},{"damage_healed":0,"gold_gain":175,"player_choice":"AGREE","damage_taken":0,"max_hp_gain":0,"max_hp_loss":0,"event_name":"Liars Game","floor":4,"gold_loss":0,"cards_obtained":["Doubt"]},{"cards_removed":["Doubt"],"damage_healed":0,"gold_gain":0,"player_choice":"Removed Curses","damage_taken":0,"max_hp_gain":0,"max_hp_loss":0,"event_name":"Fountain of Cleansing","floor":8,"gold_loss":0}],"is_beta":false,"boss_relics":[],"items_purged_floors":[],"is_endless":false,"potions_floor_spawned":[1,5,7,10,12,13,14],"killed_by":"The Guardian","ascension_level":1}