{"gold_per_floor":[111,127,142,67,83,83,94,111,138,150,150,164,176,76,76,179,179,189,64,81,81,81,81,96,96,146,146,162,261,279,279,279,374,374,386,397,247,258,258,273,273,293,317,330,349,23,52,67,67,67],"floor_reached":51,"playtime":2436,"items_purged":["Strike_R","Strike_R","Defend_R","Defend_R+1","Defend_R+1"],"score":704,"play_id":"adb821de-0f0f-4324-9688-a13041ff2621","local_time":"20180702230704","is_ascension_mode":false,"campfire_choices":[{"data":"Whirlwind","floor":6,"key":"SMITH"},{"data":"Body Slam","floor":11,"key":"SMITH"},{"data":"Body Slam","floor":15,"key":"SMITH"},{"data":"Bash","floor":23,"key":"SMITH"},{"data":"Shrug It Off","floor":27,"key":"SMITH"},{"data":"Impervious","floor":32,"key":"SMITH"},{"floor":41,"key":"REST"},{"floor":49,"key":"REST"}],"neow_cost":"NONE","seed_source_timestamp":5213868505128,"circlet_count":0,"master_deck":["Bash+1","Body Slam+1","Body Slam+1","Shrug It Off+1","Impervious+1","Seeing Red+1","Impervious+1","Bloodletting+1","Body Slam+1","Dual Wield+1"],"relics":["Burning Blood","Lantern","Orichalcum","Astrolabe","War Paint","Runic Pyramid","Potion Belt","Anchor","Bottled Lightning"],"potions_floor_usage":[16,20,33,33,33,44,50,50,50,50,50],"damage_taken":[{"damage":1,"enemies":"Cultist","floor":1,"turns":3},{"damage":6,"enemies":"Jaw Worm","floor":2,"turns":4},{"damage":0,"enemies":"Small Slimes","floor":3,"turns":3},{"damage":11,"enemies":"Exordium Wildlife","floor":5,"turns":5},{"damage":8,"enemies":"Red Slaver","floor":7,"turns":3},{"damage":0,"enemies":"2 Fungi Beasts","floor":8,"turns":1},{"damage":0,"enemies":"Lots of Slimes","floor":10,"turns":1},{"damage":7,"enemies":"3 Louse","floor":12,"turns":2},{"damage":0,"enemies":"Gremlin Gang","floor":13,"turns":1},{"damage":72,"enemies":"Hexaghost","floor":16,"turns":13},{"damage":3,"enemies":"Shell Parasite","floor":18,"turns":2},{"damage":0,"enemies":"3 Byrds","floor":20,"turns":3},{"damage":3,"enemies":"Snake Plant","floor":24,"turns":2},{"damage":14,"enemies":"Snecko","floor":28,"turns":5},{"damage":3,"enemies":"Centurion and Healer","floor":30,"turns":2},{"damage":20,"enemies":"Collector","floor":33,"turns":4},{"damage":4,"enemies":"Orb Walker","floor":35,"turns":2},{"damage":0,"enemies":"3 Shapes","floor":36,"turns":2},{"damage":4,"enemies":"Sphere and 2 Shapes","floor":38,"turns":2},{"damage":3,"enemies":"Maw","floor":40,"turns":2},{"damage":5,"enemies":"3 Darklings","floor":42,"turns":2},{"damage":4,"enemies":"4 Shapes","floor":44,"turns":2},{"damage":3,"enemies":"Maw","floor":45,"turns":2},{"damage":18,"enemies":"Nemesis","floor":47,"turns":3},{"damage":3,"enemies":"3 Darklings","floor":48,"turns":2},{"damage":13,"enemies":"Donu and Deca","floor":50,"turns":2}],"seed_played":"-4559915357759835920","potions_obtained":[{"floor":1,"key":"Poison Potion"},{"floor":3,"key":"Dexterity Potion"},{"floor":8,"key":"Fire Potion"},{"floor":12,"key":"Swift Potion"},{"floor":18,"key":"SpeedPotion"},{"floor":24,"key":"Dexterity Potion"},{"floor":33,"key":"Dexterity Potion"},{"floor":35,"key":"LiquidBronze"},{"floor":38,"key":"Swift Potion"},{"floor":45,"key":"FearPotion"},{"floor":47,"key":"Ancient Potion"},{"floor":48,"key":"SkillPotion"}],"is_trial":false,"path_per_floor":["M","M","M","$","M","R","M","M","T","M","R","M","M","$","R","B",null,"M","$","M","?","?","R","M","$","T","R","M","?","M","?","R","B",null,"M","M","$","M","?","M","R","M","T","M","M","$","E","M","R","B"],"character_chosen":"IRONCLAD","items_purchased":["Anchor"],"campfire_rested":2,"item_purchase_floors":[46],"current_hp_per_floor":[80,80,80,80,75,75,73,79,79,80,80,79,80,80,80,14,80,80,80,80,80,80,80,80,80,80,80,72,72,75,75,75,61,80,80,80,80,80,80,80,80,80,80,80,80,80,68,71,80,73],"gold":67,"neow_bonus":"RANDOM_COMMON_RELIC","is_prod":false,"is_daily":false,"chose_seed":false,"campfire_upgraded":6,"win_rate":0,"timestamp":1530565624,"path_taken":["M","M","M","$","M","R","M","M","T","M","R","M","?","$","R","BOSS","M","$","M","?","?","R","?","$","T","R","M","?","M","?","R","BOSS","M","M","$","?","?","M","R","M","T","?","M","$","E","M","R","BOSS"],"build_version":"2018-06-21v2","purchased_purges":5,"victory":true,"max_hp_per_floor":[80,80,80,80,80,80,80,80,80,80,80,80,80,80,80,80,80,80,80,80,80,80,80,80,80,80,80,80,80,80,80,80,80,80,80,80,80,80,80,80,80,80,80,80,80,80,80,80,80,80],"card_choices":[{"not_picked":["Sentinel","Havoc"],"picked":"Whirlwind","floor":1},{"not_picked":["Clash","Flex","Iron Wave"],"picked":"SKIP","floor":2},{"not_picked":["Pommel Strike","Second Wind"],"picked":"Body Slam","floor":3},{"not_picked":["Infernal Blade","Heavy Blade","Thunderclap"],"picked":"SKIP","floor":5},{"not_picked":["Infernal Blade","Heavy Blade","Thunderclap"],"picked":"SKIP","floor":5},{"not_picked":["Seeing Red","Heavy Blade"],"picked":"Body Slam","floor":7},{"not_picked":["Headbutt","Iron Wave"],"picked":"Shrug It Off","floor":8},{"not_picked":["Iron Wave","Blood for Blood","Perfected Strike"],"picked":"SKIP","floor":10},{"not_picked":["Whirlwind","Perfected Strike","Demon Form"],"picked":"SKIP","floor":12},{"not_picked":["Carnage","Disarm","Sentinel"],"picked":"SKIP","floor":13},{"not_picked":["Offering","Brutality"],"picked":"Impervious","floor":16},{"not_picked":["Pummel+1","Shrug It Off","Feel No Pain+1"],"picked":"SKIP","floor":18},{"not_picked":["Perfected Strike","Feel No Pain","Thunderclap"],"picked":"SKIP","floor":20},{"not_picked":["Shockwave","Flex","Blood for Blood"],"picked":"SKIP","floor":24},{"not_picked":["Dual Wield","Headbutt","Flex"],"picked":"SKIP","floor":28},{"not_picked":["Flex+1","Power Through+1","Rupture"],"picked":"SKIP","floor":30},{"not_picked":["Flex+1","Power Through+1","Rupture"],"picked":"SKIP","floor":30},{"not_picked":["Armaments","Twin Strike","Spot Weakness+1"],"picked":"SKIP","floor":35},{"not_picked":["True Grit+1","Shrug It Off"],"picked":"Dual Wield+1","floor":36},{"not_picked":["Clash+1","Metallicize","Fire Breathing+1"],"picked":"SKIP","floor":38},{"not_picked":["Iron Wave+1","Wild Strike+1","Perfected Strike+1"],"picked":"SKIP","floor":40},{"not_picked":["Anger+1","Twin Strike","Heavy Blade"],"picked":"SKIP","floor":42},{"not_picked":["Seeing Red","Thunderclap+1","Iron Wave"],"picked":"SKIP","floor":44},{"not_picked":["Body Slam","Carnage","Clothesline+1"],"picked":"SKIP","floor":45},{"not_picked":["Immolate","Perfected Strike","Fiend Fire"],"picked":"SKIP","floor":47},{"not_picked":["Thunderclap+1","Fire Breathing+1","Spot Weakness"],"picked":"SKIP","floor":48}],"player_experience":295116,"relics_obtained":[{"floor":9,"key":"Orichalcum"},{"floor":26,"key":"War Paint"},{"floor":43,"key":"Potion Belt"},{"floor":47,"key":"Bottled Lightning"}],"event_choices":[{"event_name":"Purifier","player_choice":"One Purge","floor":21,"damage_taken":0},{"event_name":"Duplicator","player_choice":"One dupe","floor":22,"damage_taken":0},{"event_name":"Nest","player_choice":"Stole From Cult","floor":29,"damage_taken":0},{"event_name":"Match and Keep!","player_choice":"0 cards matched","floor":31,"damage_taken":0},{"event_name":"Falling","player_choice":"Removed Attack","floor":39,"damage_taken":0}],"boss_relics":[{"not_picked":["Busted Crown","Black Star"],"picked":"Astrolabe"},{"not_picked":["Orrery","Runic Dome"],"picked":"Runic Pyramid"}],"items_purged_floors":[4,14,19,37,46],"is_endless":false,"potions_floor_spawned":[1,3,8,12,13,18,24,33,35,38,45,47,48],"ascension_level":0}