{"gold_per_floor":[116,135,151,163,179,179,196,260,312,312,328,362,362,79,79,177,177,164,164,192,210,220,220],"floor_reached":23,"playtime":2261,"items_purged":["Strike_B"],"score":293,"play_id":"861331aa-f738-4562-ac7d-77eec6f322ea","local_time":"20190708173137","is_ascension_mode":true,"campfire_choices":[{"data":"Hologram","floor":6.0,"key":"SMITH"},{"floor":10.0,"key":"REST"},{"floor":13,"key":"REST"},{"floor":15,"key":"RECALL"}],"neow_cost":"NONE","seed_source_timestamp":0,"circlet_count":0,"master_deck":["AscendersBane","Strike_B","Strike_B","Strike_B","Defend_B","Defend_B","Defend_B","Defend_B","Zap","Dualcast","Cold Snap","Hologram+1","Capacitor","Genetic Algorithm","Go for the Eyes","Heatsinks","Exhume","Backstab","Self Repair"],"special_seed":0,"relics":["FrozenCore","Centennial Puzzle","Orichalcum","Symbiotic Virus","PrismaticShard","Red Mask"],"potions_floor_usage":[20,23,23],"damage_taken":[{"damage":1.0,"enemies":"Cultist","floor":1.0,"turns":4.0},{"damage":5.0,"enemies":"Small Slimes","floor":2.0,"turns":3.0},{"damage":7.0,"enemies":"Jaw Worm","floor":3.0,"turns":3.0},{"damage":8.0,"enemies":"3 Louse","floor":4.0,"turns":4.0},{"damage":16.0,"enemies":"Large Slime","floor":5.0,"turns":5.0},{"damage":11.0,"enemies":"2 Fungi Beasts","floor":7.0,"turns":3.0},{"damage":26.0,"enemies":"Gremlin Nob","floor":8.0,"turns":4.0},{"damage":11.0,"enemies":"Red Slaver","floor":11.0,"turns":4.0},{"damage":1.0,"enemies":"Lagavulin","floor":12.0,"turns":5.0},{"damage":26,"enemies":"Slime Boss","floor":16,"turns":7},{"damage":20,"enemies":"2 Thieves","floor":18,"turns":4},{"damage":33,"enemies":"Masked Bandits","floor":20,"turns":7},{"damage":2,"enemies":"Shell Parasite","floor":21,"turns":11},{"damage":14,"enemies":"Shelled Parasite and Fungi","floor":22,"turns":13},{"damage":18,"enemies":"Book of Stabbing","floor":23,"turns":7}],"seed_played":"7740795343517638087","potions_obtained":[{"floor":2.0,"key":"FocusPotion"},{"floor":3.0,"key":"AttackPotion"},{"floor":4.0,"key":"PowerPotion"},{"floor":11.0,"key":"AttackPotion"},{"floor":16,"key":"Regen Potion"},{"floor":21,"key":"EssenceOfSteel"},{"floor":22,"key":"Weak Potion"}],"is_trial":false,"path_per_floor":["M","M","M","M","M","R","M","?","T","R","M","E","R","$","R","B",null,"M","?","?","M","M","E"],"character_chosen":"DEFECT","items_purchased":["PrismaticShard"],"campfire_rested":2,"item_purchase_floors":[14],"current_hp_per_floor":[74,69,62,54,38,38,27,1,1,25,14,13,37,37,37,11,64,44,44,26,24,17,0],"gold":220,"neow_bonus":"TEN_PERCENT_HP_BONUS","is_prod":false,"is_daily":false,"chose_seed":false,"campfire_upgraded":1,"win_rate":0,"timestamp":1562621497,"path_taken":["M","M","M","M","M","R","?","?","T","R","M","E","R","$","R","BOSS","M","?","?","M","M","E"],"build_version":"2019-07-05","purchased_purges":1,"victory":false,"max_hp_per_floor":[82,82,82,82,82,82,82,82,82,82,82,82,82,82,82,82,82,82,82,82,82,82,82],"card_choices":[{"not_picked":["Turbo","Fusion"],"picked":"Cold Snap","floor":1.0},{"not_picked":["Aggregate","Hello World","Steam Power"],"picked":"SKIP","floor":2.0},{"not_picked":["Steam Power","Aggregate"],"picked":"Hologram","floor":3.0},{"not_picked":["Sweeping Beam","Redo","Stack"],"picked":"SKIP","floor":4.0},{"not_picked":["Sweeping Beam","Aggregate","Compile Driver"],"picked":"SKIP","floor":5.0},{"not_picked":["Cold Snap","Coolheaded"],"picked":"Capacitor","floor":7.0},{"not_picked":["Go for the Eyes","Conserve Battery"],"picked":"Genetic Algorithm","floor":8.0},{"not_picked":["Gash","Steam"],"picked":"Go for the Eyes","floor":11.0},{"not_picked":["Hello World","Steam"],"picked":"Heatsinks","floor":12},{"not_picked":["Meteor Strike","Core Surge"],"picked":"Exhume","floor":16},{"not_picked":["Warcry","Clothesline+1"],"picked":"Backstab","floor":18},{"not_picked":["Blood for Blood","Conserve Battery"],"picked":"Self Repair","floor":21},{"not_picked":["Body Slam","Deflect+1","Infernal Blade"],"picked":"SKIP","floor":22}],"player_experience":367848,"relics_obtained":[{"floor":9.0,"key":"Orichalcum"},{"floor":12,"key":"Symbiotic Virus"},{"floor":20,"key":"Red Mask"}],"event_choices":[{"damage_healed":0.0,"max_hp_gain":0.0,"max_hp_loss":0.0,"gold_gain":30.0,"event_name":"Dead Adventurer","player_choice":"Searched \u00273\u0027 times","floor":8.0,"gold_loss":0.0,"damage_taken":0.0,"relics_obtained":["Centennial Puzzle"]},{"damage_healed":0,"gold_gain":0,"player_choice":"Ignored","damage_taken":0,"max_hp_gain":0,"max_hp_loss":0,"event_name":"Vampires","floor":19,"gold_loss":0},{"damage_healed":0,"gold_gain":0,"player_choice":"Fought Bandits","damage_taken":0,"max_hp_gain":0,"max_hp_loss":0,"event_name":"Masked Bandits","floor":20,"gold_loss":0}],"is_beta":false,"boss_relics":[{"not_picked":["Runic Pyramid","White Beast Statue"],"picked":"FrozenCore"}],"items_purged_floors":[14],"is_endless":false,"potions_floor_spawned":[2,3,4,11,16,21,22],"killed_by":"Book of Stabbing","ascension_level":10}