{"gold_per_floor":[210,210,227,239,252,283,33,33,33,33,47,47,65,91,91,164,164,176,176,189,189],"floor_reached":21,"playtime":1041,"items_purged":[],"score":382,"play_id":"3ff3d4fd-450b-413d-9bce-be6a9b7c5740","local_time":"20190309215431","is_ascension_mode":true,"campfire_choices":[{"floor":8,"key":"REST"},{"data":"Go for the Eyes","floor":12,"key":"SMITH"},{"data":"Creative AI","floor":15,"key":"SMITH"}],"neow_cost":"NONE","seed_source_timestamp":1957560777819201,"circlet_count":0,"master_deck":["AscendersBane","Strike_B","Strike_B","Strike_B","Defend_B","Defend_B","Defend_B","Defend_B","Zap","Dualcast","Go for the Eyes+1","Sunder","Ball Lightning","Coolheaded","Self Repair","Hologram","Creative AI+1","Gash","Conserve Battery"],"relics":["Cracked Core","DataDisk","Happy Flower","Shuriken","Du-Vu Doll","Inserter"],"potions_floor_usage":[6,11,14,21],"damage_taken":[{"damage":8,"enemies":"2 Louse","floor":1,"turns":3},{"damage":1,"enemies":"Cultist","floor":3,"turns":3},{"damage":4,"enemies":"Jaw Worm","floor":4,"turns":3},{"damage":26,"enemies":"Exordium Thugs","floor":5,"turns":5},{"damage":16,"enemies":"3 Sentries","floor":6,"turns":6},{"damage":0,"enemies":"3 Louse","floor":11,"turns":3},{"damage":0,"enemies":"2 Fungi Beasts","floor":13,"turns":2},{"damage":6,"enemies":"Gremlin Nob","floor":14,"turns":3},{"damage":25,"enemies":"Hexaghost","floor":16,"turns":9},{"damage":24,"enemies":"Spheric Guardian","floor":18,"turns":4},{"damage":0,"enemies":"Chosen","floor":20,"turns":5},{"damage":33,"enemies":"Shelled Parasite and Fungi","floor":21,"turns":4}],"seed_played":"5697770685321377348","potions_obtained":[{"floor":4,"key":"EssenceOfSteel"},{"floor":5,"key":"FearPotion"},{"floor":6,"key":"Dexterity Potion"},{"floor":11,"key":"Fruit Juice"},{"floor":19,"key":"SkillPotion"},{"floor":19,"key":"SteroidPotion"}],"is_trial":false,"path_per_floor":["M","$","M","M","M","E","$","R","T","?","M","R","M","E","R","B",null,"M","?","M","M"],"character_chosen":"DEFECT","items_purchased":["Happy Flower","Self Repair"],"campfire_rested":1,"item_purchase_floors":[7,7],"current_hp_per_floor":[56,56,55,51,25,9,9,30,30,30,42,42,42,36,36,18,62,45,45,52,19],"gold":189,"neow_bonus":"HUNDRED_GOLD","is_prod":false,"is_daily":false,"chose_seed":false,"campfire_upgraded":2,"win_rate":0,"timestamp":1552136071,"path_taken":["M","$","M","M","M","E","$","R","T","?","M","R","M","E","R","BOSS","M","?","?","M"],"build_version":"2019-01-23","purchased_purges":0,"victory":false,"max_hp_per_floor":[71,71,71,71,71,71,71,71,71,71,76,76,76,76,76,76,76,76,76,76,76],"card_choices":[{"not_picked":["Beam Cell","Recycle"],"picked":"Go for the Eyes","floor":1},{"not_picked":["Cold Snap","Chaos"],"picked":"Sunder","floor":3},{"not_picked":["Chaos","Storm","Blizzard"],"picked":"SKIP","floor":4},{"not_picked":["Conserve Battery","Hologram"],"picked":"Ball Lightning","floor":5},{"not_picked":["Steam","Force Field"],"picked":"Coolheaded","floor":6},{"not_picked":["Rebound","Beam Cell","Redo"],"picked":"SKIP","floor":11},{"not_picked":["Static Discharge","Conserve Battery"],"picked":"Creative AI","floor":13},{"not_picked":["Static Discharge","Steam"],"picked":"Gash","floor":14},{"not_picked":["Heatsinks","Tempest","Darkness"],"picked":"SKIP","floor":18},{"not_picked":["Stack","Double Energy"],"picked":"Conserve Battery","floor":20}],"player_experience":530400,"relics_obtained":[{"floor":6,"key":"DataDisk"},{"floor":9,"key":"Shuriken"},{"floor":14,"key":"Du-Vu Doll"}],"event_choices":[{"damage_healed":0,"gold_gain":0,"cards_transformed":["Strike_B"],"player_choice":"Transformed","damage_taken":0,"max_hp_gain":0,"max_hp_loss":0,"event_name":"Transmorgrifier","floor":10,"gold_loss":0,"cards_obtained":["Hologram"]},{"damage_healed":0,"gold_gain":0,"player_choice":"Got Potions","damage_taken":0,"max_hp_gain":0,"max_hp_loss":0,"event_name":"Lab","floor":19,"gold_loss":0}],"is_beta":false,"boss_relics":[{"not_picked":["Sozu","Cursed Key"],"picked":"Inserter"}],"items_purged_floors":[],"is_endless":false,"potions_floor_spawned":[4,5,6,11,20],"killed_by":"Shelled Parasite and Fungi","ascension_level":20}