{"gold_per_floor":[113,113,63,238,163,190,190,220,220,231,242,255,330,341,341,436,436,446,646,659,679,679],"floor_reached":22,"playtime":866,"items_purged":["Doubt"],"score":308,"play_id":"c188d864-8be5-44e2-b258-734c189e501f","local_time":"20190623151938","is_ascension_mode":true,"campfire_choices":[{"data":"Bash","floor":7,"key":"SMITH"},{"data":"Rage","floor":15,"key":"SMITH"}],"neow_cost":"NONE","seed_source_timestamp":813745620337352,"circlet_count":0,"master_deck":["Bash+1","Ghostly Armor","Rage+1","Sword Boomerang","Shockwave","Berserk","Fire Breathing","Havoc","Pommel Strike","Rupture","Shockwave","Headbutt","Rage","Body Slam","Body Slam+1"],"relics":["Burning Blood","NeowsBlessing","Happy Flower","FossilizedHelix","Turnip","Pandora\u0027s Box"],"potions_floor_usage":[12,16,22,22,22],"damage_taken":[{"damage":0,"enemies":"Jaw Worm","floor":1,"turns":1},{"damage":0,"enemies":"Lagavulin","floor":6,"turns":1},{"damage":0,"enemies":"Gremlin Nob","floor":8,"turns":1},{"damage":3,"enemies":"Small Slimes","floor":10,"turns":4},{"damage":0,"enemies":"Cultist","floor":11,"turns":2},{"damage":0,"enemies":"Gremlin Gang","floor":12,"turns":3},{"damage":0,"enemies":"Looter","floor":14,"turns":2},{"damage":56,"enemies":"The Guardian","floor":16,"turns":15},{"damage":20,"enemies":"Chosen","floor":18,"turns":5},{"damage":49,"enemies":"3 Byrds","floor":20,"turns":6},{"damage":0,"enemies":"Centurion and Healer","floor":21,"turns":7},{"damage":15,"enemies":"Shelled Parasite and Fungi","floor":22,"turns":3}],"seed_played":"2955531445931529608","potions_obtained":[{"floor":6,"key":"Explosive Potion"},{"floor":10,"key":"EntropicBrew"},{"floor":14,"key":"SneckoOil"},{"floor":18,"key":"SpeedPotion"}],"is_trial":false,"path_per_floor":["M","$","?","?","$","E","R","E","T","M","M","M","?","M","R","B",null,"M","?","M","M","M"],"character_chosen":"IRONCLAD","items_purchased":[],"campfire_rested":0,"item_purchase_floors":[],"current_hp_per_floor":[80,80,80,80,80,80,80,80,80,80,80,80,69,75,75,25,66,52,52,9,15,0],"gold":679,"neow_bonus":"THREE_ENEMY_KILL","is_prod":false,"is_daily":false,"chose_seed":false,"campfire_upgraded":2,"win_rate":0,"timestamp":1561295978,"path_taken":["M","$","?","?","?","E","R","E","T","M","?","?","?","M","R","BOSS","M","?","M","?","M"],"build_version":"2019-01-23","purchased_purges":1,"victory":false,"max_hp_per_floor":[80,80,80,80,80,80,80,80,80,80,80,80,80,80,80,80,80,80,80,80,80,80],"card_choices":[{"not_picked":["Headbutt","Iron Wave","Havoc"],"picked":"SKIP","floor":1},{"not_picked":["Heavy Blade","Inflame","Flex"],"picked":"SKIP","floor":6},{"not_picked":["Warcry","True Grit"],"picked":"Ghostly Armor","floor":8},{"not_picked":["Disarm","Flex"],"picked":"Rage","floor":10},{"not_picked":["Cleave","Dual Wield","Headbutt"],"picked":"SKIP","floor":11},{"not_picked":["Warcry","Thunderclap","Wild Strike"],"picked":"SKIP","floor":12},{"not_picked":["Feel No Pain","Reckless Charge"],"picked":"Sword Boomerang","floor":14},{"not_picked":["Perfected Strike","Warcry"],"picked":"Rage","floor":18},{"not_picked":["Warcry","Flame Barrier"],"picked":"Body Slam","floor":20},{"not_picked":["Shrug It Off","Bloodletting"],"picked":"Body Slam+1","floor":21}],"player_experience":304915,"relics_obtained":[{"floor":6,"key":"Happy Flower"},{"floor":8,"key":"FossilizedHelix"},{"floor":9,"key":"Turnip"}],"event_choices":[{"cards_removed":["Defend_R"],"damage_healed":0,"gold_gain":0,"player_choice":"Card Removal","damage_taken":0,"max_hp_gain":0,"max_hp_loss":0,"event_name":"The Cleric","floor":3,"gold_loss":50},{"damage_healed":0,"gold_gain":175,"player_choice":"AGREE","damage_taken":0,"max_hp_gain":0,"max_hp_loss":0,"event_name":"Liars Game","floor":4,"gold_loss":0,"cards_obtained":["Doubt"]},{"damage_healed":0,"gold_gain":75,"player_choice":"Gather Gold","damage_taken":11,"max_hp_gain":0,"max_hp_loss":0,"event_name":"World of Goop","floor":13,"gold_loss":0},{"damage_healed":0,"gold_gain":200,"player_choice":"Gold","damage_taken":0,"max_hp_gain":0,"max_hp_loss":0,"event_name":"Wheel of Change","floor":19,"gold_loss":0}],"is_beta":false,"boss_relics":[{"not_picked":["Fusion Hammer","Orrery"],"picked":"Pandora\u0027s Box"}],"items_purged_floors":[5],"is_endless":false,"potions_floor_spawned":[6,10,14,18],"killed_by":"Shelled Parasite and Fungi","ascension_level":5}