{"gold_per_floor":[115,135,149,162,175,175,207,207],"floor_reached":8,"playtime":513,"items_purged":[],"score":120,"play_id":"9c9d4cb5-5b1a-4d4d-a25f-2f4dcd336f28","local_time":"20190308132107","is_ascension_mode":true,"campfire_choices":[{"data":"Neutralize","floor":6,"key":"SMITH"}],"neow_cost":"NONE","seed_source_timestamp":1840885143210980,"circlet_count":0,"master_deck":["AscendersBane","Defend_G","Defend_G+1","Defend_G","Defend_G+1","Defend_G","Strike_G","Strike_G","Strike_G","Strike_G","Strike_G","Survivor","Neutralize+1","Quick Slash","Masterful Stab","Flying Knee","Dash"],"relics":["Ring of the Snake","War Paint","Smiling Mask"],"potions_floor_usage":[4,7],"damage_taken":[{"damage":6,"enemies":"Cultist","floor":1,"turns":5},{"damage":1,"enemies":"Jaw Worm","floor":2,"turns":4},{"damage":0,"enemies":"Small Slimes","floor":3,"turns":3},{"damage":18,"enemies":"Gremlin Gang","floor":4,"turns":6},{"damage":3,"enemies":"3 Louse","floor":5,"turns":3},{"damage":26,"enemies":"Gremlin Nob","floor":7,"turns":5},{"damage":9,"enemies":"Blue Slaver","floor":8,"turns":2}],"seed_played":"718409804063353155","potions_obtained":[{"floor":2,"key":"SpeedPotion"},{"floor":4,"key":"GhostInAJar"},{"floor":7,"key":"Weak Potion"}],"is_trial":false,"path_per_floor":["M","M","M","M","M","R","E","M"],"character_chosen":"THE_SILENT","items_purchased":[],"campfire_rested":0,"item_purchase_floors":[],"current_hp_per_floor":[53,52,52,34,31,31,5,0],"gold":207,"neow_bonus":"RANDOM_COMMON_RELIC","is_prod":false,"is_daily":false,"chose_seed":false,"campfire_upgraded":1,"win_rate":0,"timestamp":1552018867,"path_taken":["M","M","M","M","?","R","E","M"],"build_version":"2019-01-23","purchased_purges":0,"victory":false,"max_hp_per_floor":[66,66,66,66,66,66,66,66],"card_choices":[{"not_picked":["Underhanded Strike","Dagger Throw"],"picked":"Quick Slash","floor":1},{"not_picked":["Slice","Calculated Gamble","Terror"],"picked":"SKIP","floor":2},{"not_picked":["Distraction","Flying Knee"],"picked":"Masterful Stab","floor":3},{"not_picked":["Storm of Steel","Acrobatics","Flying Knee"],"picked":"SKIP","floor":4},{"not_picked":["Outmaneuver","Blade Dance"],"picked":"Flying Knee","floor":5},{"not_picked":["Sucker Punch","Slice"],"picked":"Dash","floor":7}],"player_experience":512245,"relics_obtained":[{"floor":7,"key":"Smiling Mask"}],"event_choices":[],"is_beta":false,"boss_relics":[],"items_purged_floors":[],"is_endless":false,"potions_floor_spawned":[2,4,7],"killed_by":"Blue Slaver","ascension_level":20}