{"path_per_floor":["M","M","M","?","?","E","M","M","T","R","M","E","?","M","R","B",null,"M","M","M","?","?","E","M"],"character_chosen":"IRONCLAD","items_purchased":[],"gold_per_floor":[119,137,149,149,149,174,190,200,200,200,212,245,245,255,255,353,353,373,356,369,369,284,311,325],"floor_reached":25,"campfire_rested":1,"playtime":2037,"current_hp_per_floor":[80,80,76,60,65,49,50,44,44,44,50,24,24,28,53,15,85,81,76,68,52,52,38,11],"items_purged":[],"gold":325,"score":237,"play_id":"a2fc8f99-b0ad-4afa-9de6-4245fad44e10","is_prod":false,"is_daily":false,"is_ascension_mode":false,"campfire_upgraded":1,"path_taken":["M","?","M","?","?","E","M","?","T","R","M","E","?","M","R","BOSS","M","M","?","?","?","E","?","M"],"build_version":"2018-02-15-PROD1","purchased_purges":0,"victory":false,"master_deck":["Strike_R","Strike_R+1","Strike_R","Strike_R","Strike_R","Defend_R+1","Defend_R+1","Defend_R","Defend_R+1","Bash","Headbutt","Spot Weakness+1","Dropkick","Rage","Inflame","Heavy Blade","Intimidate","Demon Form","Uppercut+1","Dual Wield+1"],"max_hp_per_floor":[80,80,80,80,85,85,85,85,85,85,85,85,85,85,85,85,85,85,85,85,90,90,90,90],"relics":["Burning Blood","Dream Catcher","War Paint","Peace Pipe","Toolbox","Cursed Key","Red Skull","Omamori"],"card_choices":[{"not_picked":["Armaments","Feel No Pain"],"picked":"Headbutt"},{"not_picked":["Disarm","Fire Breathing"],"picked":"Spot Weakness"},{"not_picked":["Clash","Perfected Strike"],"picked":"Dropkick"},{"not_picked":["Sever Soul","Thunderclap"],"picked":"Rage"},{"not_picked":["Perfected Strike","Flex"],"picked":"Inflame"},{"not_picked":["Armaments","Corruption"],"picked":"Heavy Blade"},{"not_picked":["Flex","Fire Breathing"],"picked":"Intimidate"},{"not_picked":["Juggernaut","Berserk"],"picked":"Demon Form"},{"not_picked":["True Grit","Armaments"],"picked":"Uppercut"},{"not_picked":["Corruption","Shrug It Off"],"picked":"Dual Wield"}],"player_experience":29394,"potions_floor_usage":[6,18,18,23,23],"damage_taken":[{"damage":1,"enemies":"Cultist","floor":1,"turns":3},{"damage":5,"enemies":"2 Louse","floor":2,"turns":3},{"damage":10,"enemies":"Jaw Worm","floor":3,"turns":4},{"damage":34,"enemies":"Lagavulin","floor":6,"turns":6},{"damage":5,"enemies":"2 Fungi Beasts","floor":7,"turns":3},{"damage":12,"enemies":"Looter","floor":8,"turns":3},{"damage":0,"enemies":"Blue Slaver","floor":11,"turns":5},{"damage":32,"enemies":"Gremlin Nob","floor":12,"turns":4},{"damage":2,"enemies":"Exordium Thugs","floor":14,"turns":5},{"damage":44,"enemies":"The Guardian","floor":16,"turns":9},{"damage":10,"enemies":"Chosen","floor":18,"turns":3},{"damage":11,"enemies":"2 Thieves","floor":19,"turns":4},{"damage":14,"enemies":"Snake Plant","floor":20,"turns":4},{"damage":20,"enemies":"Gremlin Leader","floor":23,"turns":7},{"damage":33,"enemies":"Centurion and Healer","floor":24,"turns":5},{"damage":12,"enemies":"Slaver and Parasite","floor":25,"turns":2}],"event_choices":[{"event_name":"Shining Light","player_choice":"Entered Light","floor":4,"damage_taken":0},{"event_name":"Big Fish","player_choice":"Donut","floor":5,"damage_taken":0},{"event_name":"Liars Game","player_choice":"disagreed","floor":13,"damage_taken":0},{"event_name":"Forgotten Altar","player_choice":"Shed Blood","floor":21,"damage_taken":0},{"event_name":"Addict","player_choice":"Obtained Relic","floor":22,"damage_taken":0}],"boss_relics":[{"not_picked":["Runic Dome","Eternal Feather"],"picked":"Cursed Key"}],"potions_floor_spawned":[1,6,11,12,14,19,20,23],"seed_played":"649636864039008823","killed_by":"Slaver and Parasite","ascension_level":0,"is_trial":false}