{"gold_per_floor":[119,69,69,84,99,99,139,139,139,139,183,183,199,217,217,347,347,362,380,400,400,327,358,371,387,410,433,147,168,168],"floor_reached":30,"playtime":1962,"items_purged":["Injury"],"score":370,"play_id":"54385ee8-78e9-4b6b-b297-9866cf2c9ea1","local_time":"20190710233654","is_ascension_mode":true,"campfire_choices":[{"data":"Noxious Fumes","floor":6,"key":"SMITH"},{"floor":10,"key":"REST"},{"data":"Bane","floor":12,"key":"SMITH"},{"floor":15,"key":"REST"}],"neow_cost":"NONE","seed_source_timestamp":2263336241348900,"circlet_count":0,"master_deck":["Strike_G","Strike_G","Strike_G","Defend_G","Defend_G","Defend_G","Defend_G","Defend_G","Survivor","Neutralize","Noxious Fumes+1","Well Laid Plans","Bane+1","Escape Plan","Die Die Die","Footwork","Corpse Explosion","Bouncing Flask","Dodge and Roll","Footwork","Backflip+1","Deflect+1","Footwork","Deadly Poison","Finesse","Catalyst"],"relics":["Ring of the Snake","Centennial Puzzle","Golden Idol","Lantern","Matryoshka","Dream Catcher","Cursed Key","Sundial","Dodecahedron","Pen Nib","Potion Belt"],"potions_floor_usage":[19,23,24,25],"damage_taken":[{"damage":6,"enemies":"Jaw Worm","floor":1,"turns":6},{"damage":5,"enemies":"Small Slimes","floor":4,"turns":4},{"damage":1,"enemies":"2 Louse","floor":5,"turns":3},{"damage":17,"enemies":"3 Sentries","floor":7,"turns":7},{"damage":2,"enemies":"Lagavulin","floor":11,"turns":9},{"damage":10,"enemies":"Lots of Slimes","floor":13,"turns":5},{"damage":16,"enemies":"Exordium Wildlife","floor":14,"turns":4},{"damage":20,"enemies":"The Guardian","floor":16,"turns":11},{"damage":7,"enemies":"Chosen","floor":18,"turns":4},{"damage":0,"enemies":"3 Byrds","floor":19,"turns":2},{"damage":13,"enemies":"Shelled Parasite and Fungi","floor":20,"turns":6},{"damage":11,"enemies":"Book of Stabbing","floor":23,"turns":7},{"damage":0,"enemies":"Cultist and Chosen","floor":24,"turns":5},{"damage":9,"enemies":"3 Cultists","floor":25,"turns":3},{"damage":0,"enemies":"Snecko","floor":27,"turns":5},{"damage":9,"enemies":"Shelled Parasite and Fungi","floor":29,"turns":5},{"damage":11,"enemies":"Sentry and Sphere","floor":30,"turns":3}],"seed_played":"-6130555022447232392","potions_obtained":[{"floor":1,"key":"Weak Potion"},{"floor":7,"key":"Fire Potion"},{"floor":14,"key":"GhostInAJar"},{"floor":23,"key":"Regen Potion"},{"floor":24,"key":"Poison Potion"},{"floor":29,"key":"Ancient Potion"}],"is_trial":false,"path_per_floor":["M","?","?","M","M","R","E","?","T","R","E","R","M","M","R","B",null,"M","M","M","?","?","E","M","M","T","M","$","M","M"],"character_chosen":"THE_SILENT","items_purchased":["Footwork","Deadly Poison","Finesse"],"campfire_rested":2,"item_purchase_floors":[28,28,28],"current_hp_per_floor":[57,57,57,52,51,51,34,34,34,53,51,51,41,25,44,24,55,48,48,35,35,35,24,24,20,20,20,20,11,0],"gold":168,"neow_bonus":"RANDOM_COMMON_RELIC","is_prod":false,"is_daily":false,"chose_seed":false,"campfire_upgraded":2,"win_rate":0,"timestamp":1562794614,"path_taken":["M","?","?","M","M","R","E","?","T","R","E","R","M","M","R","BOSS","M","?","M","?","?","E","?","M","T","M","$","M","M"],"build_version":"2019-07-05","purchased_purges":1,"victory":false,"max_hp_per_floor":[70,70,65,65,65,65,65,65,65,65,65,65,65,65,65,65,65,65,65,65,65,65,65,65,65,65,65,65,65,65],"card_choices":[{"not_picked":["Bouncing Flask","Bane"],"picked":"Noxious Fumes","floor":1},{"not_picked":["Flying Knee","Concentrate"],"picked":"Well Laid Plans","floor":4},{"not_picked":["Dagger Throw","Skewer","Acrobatics"],"picked":"SKIP","floor":5},{"not_picked":["Deflect","Dodge and Roll"],"picked":"Bane","floor":7},{"not_picked":["Tactician","Endless Agony"],"picked":"Escape Plan","floor":11},{"not_picked":["Reflex","Sucker Punch"],"picked":"Die Die Die","floor":13},{"not_picked":["Underhanded Strike","Heel Hook","Predator"],"picked":"SKIP","floor":14},{"not_picked":["Dagger Spray","Leg Sweep"],"picked":"Footwork","floor":15},{"not_picked":["After Image","Bullet Time"],"picked":"Corpse Explosion","floor":16},{"not_picked":["Blade Dance","Sucker Punch"],"picked":"Bouncing Flask","floor":18},{"not_picked":["Dagger Spray+1","Flying Knee","Reflex+1"],"picked":"SKIP","floor":19},{"not_picked":["Backstab+1","Corpse Explosion"],"picked":"Dodge and Roll","floor":20},{"not_picked":["Bane","PiercingWail"],"picked":"Footwork","floor":23},{"not_picked":["Well Laid Plans","Poisoned Stab"],"picked":"Backflip+1","floor":24},{"not_picked":["Well Laid Plans","Poisoned Stab"],"picked":"Deflect+1","floor":25},{"not_picked":["Sucker Punch","Calculated Gamble","Slice"],"picked":"SKIP","floor":27},{"not_picked":["Deadly Poison+1","Flying Knee"],"picked":"Catalyst","floor":29}],"player_experience":214482,"relics_obtained":[{"floor":7,"key":"Lantern"},{"floor":9,"key":"Matryoshka"},{"floor":11,"key":"Dream Catcher"},{"floor":23,"key":"Dodecahedron"},{"floor":26,"key":"Pen Nib"},{"floor":26,"key":"Potion Belt"}],"event_choices":[{"cards_removed":["Strike_G"],"damage_healed":0,"gold_gain":0,"player_choice":"Card Removal","damage_taken":0,"max_hp_gain":0,"max_hp_loss":0,"event_name":"The Cleric","floor":2,"gold_loss":50},{"damage_healed":0,"gold_gain":0,"player_choice":"Lose Max HP","damage_taken":0,"relics_obtained":["Golden Idol"],"max_hp_gain":0,"max_hp_loss":5,"event_name":"Golden Idol","floor":3,"gold_loss":0},{"cards_removed":["Strike_G"],"damage_healed":0,"gold_gain":0,"player_choice":"Offered Basic","damage_taken":0,"max_hp_gain":0,"max_hp_loss":0,"event_name":"Bonfire Elementals","floor":8,"gold_loss":0},{"damage_healed":0,"gold_gain":0,"player_choice":"Ignored","damage_taken":0,"max_hp_gain":0,"max_hp_loss":0,"event_name":"Ghosts","floor":21,"gold_loss":0},{"damage_healed":0,"gold_gain":0,"player_choice":"Paid Gold","damage_taken":0,"relics_obtained":["Sundial"],"max_hp_gain":0,"max_hp_loss":0,"event_name":"WeMeetAgain","floor":22,"gold_loss":73}],"is_beta":false,"boss_relics":[{"not_picked":["Eternal Feather","HoveringKite"],"picked":"Cursed Key"}],"items_purged_floors":[28],"is_endless":false,"potions_floor_spawned":[1,7,14,16,18,23,24,29],"killed_by":"Sentry and Sphere","ascension_level":8}