{"gold_per_floor":[118,293,71,71,85,85,117,129,201,230,248,248,248,261,261,382,382,400,421,520,520,533,533,573,573,628,647,647],"floor_reached":28,"playtime":1332,"items_purged":["Doubt"],"score":300,"play_id":"fdf2cd2b-b026-4b67-8c9c-2ee97016d8f2","local_time":"20190624155854","is_ascension_mode":true,"campfire_choices":[{"floor":6.0,"key":"RECALL"},{"data":"Pommel Strike","floor":12.0,"key":"SMITH"},{"data":"Flex","floor":15.0,"key":"SMITH"},{"floor":23.0,"key":"REST"}],"neow_cost":"NONE","seed_source_timestamp":140628126610517,"circlet_count":0,"master_deck":["Strike_R","Strike_R","Strike_R","Strike_R","Strike_R","Defend_R","Defend_R","Defend_R","Defend_R","Bash","Flex+1","Rampage","Offering","Warcry","Pommel Strike+1","Metallicize","Inflame","Berserk","True Grit+1","Pommel Strike+1"],"special_seed":0,"relics":["Burning Blood","NeowsBlessing","Vajra","Boot","Bronze Scales","Ornamental Fan","Bloody Idol","Black Star","Singing Bowl","Juzu Bracelet","Tiny Chest"],"potions_floor_usage":[],"damage_taken":[{"damage":0.0,"enemies":"Jaw Worm","floor":1.0,"turns":1.0},{"damage":0.0,"enemies":"Small Slimes","floor":5.0,"turns":2.0},{"damage":0.0,"enemies":"Lagavulin","floor":7.0,"turns":1.0},{"damage":0.0,"enemies":"Cultist","floor":8.0,"turns":2.0},{"damage":37.0,"enemies":"Gremlin Nob","floor":10.0,"turns":4.0},{"damage":7.0,"enemies":"Exordium Wildlife","floor":11.0,"turns":4.0},{"damage":7.0,"enemies":"2 Fungi Beasts","floor":14.0,"turns":3.0},{"damage":20.0,"enemies":"Hexaghost","floor":16.0,"turns":6.0},{"damage":10.0,"enemies":"Chosen","floor":18.0,"turns":3.0},{"damage":25.0,"enemies":"Spheric Guardian","floor":19.0,"turns":5.0},{"damage":41.0,"enemies":"Cultist and Chosen","floor":22.0,"turns":7.0},{"damage":29.0,"enemies":"Book of Stabbing","floor":24.0,"turns":7.0},{"damage":40.0,"enemies":"Centurion and Healer","floor":27.0,"turns":5.0},{"damage":0,"enemies":"Slavers","floor":28,"turns":1}],"seed_played":"1606994008592864197","potions_obtained":[{"floor":7.0,"key":"Block Potion"},{"floor":10.0,"key":"Energy Potion"},{"floor":11.0,"key":"Dexterity Potion"},{"floor":14.0,"key":"Strength Potion"},{"floor":16.0,"key":"Poison Potion"},{"floor":19.0,"key":"Dexterity Potion"},{"floor":24.0,"key":"BloodPotion"},{"floor":27.0,"key":"Regen Potion"}],"is_trial":false,"path_per_floor":["M","?","$","?","M","R","E","M","T","E","M","R","?","M","R","B",null,"M","M","?","?","M","R","E","?","T","M","E"],"character_chosen":"IRONCLAD","items_purchased":["Vajra"],"campfire_rested":1,"item_purchase_floors":[3],"current_hp_per_floor":[80,80,80,77,80,80,80,80,80,49,48,48,48,47,47,33,80,76,57,57,57,22,46,23,23,33,14,14],"gold":647,"neow_bonus":"THREE_ENEMY_KILL","is_prod":false,"is_daily":false,"chose_seed":false,"campfire_upgraded":2,"win_rate":0,"timestamp":1561417134,"path_taken":["M","?","$","?","M","R","E","M","T","E","M","R","?","M","R","BOSS","M","M","?","?","?","R","E","?","T","M","E"],"build_version":"2019-01-23","purchased_purges":1,"victory":false,"max_hp_per_floor":[80,80,80,80,80,80,80,80,80,80,80,80,80,80,80,80,80,80,80,80,80,80,80,80,80,80,82,82],"card_choices":[{"not_picked":["Thunderclap","Warcry"],"picked":"Flex","floor":1.0},{"not_picked":["Hemokinesis","Warcry"],"picked":"Rampage","floor":5.0},{"not_picked":["Carnage","Warcry"],"picked":"Offering","floor":7.0},{"not_picked":["True Grit","Carnage"],"picked":"Warcry","floor":8.0},{"not_picked":["True Grit","Bloodletting"],"picked":"Pommel Strike","floor":10.0},{"not_picked":["True Grit","Wild Strike"],"picked":"Metallicize","floor":11.0},{"not_picked":["Shrug It Off","Burning Pact"],"picked":"Inflame","floor":14.0},{"not_picked":["Reaper","Double Tap"],"picked":"Berserk","floor":16.0},{"not_picked":["Iron Wave","Clothesline"],"picked":"True Grit+1","floor":18.0},{"not_picked":["Bloodletting","Anger","True Grit"],"picked":"SKIP","floor":19.0},{"not_picked":["Fiend Fire","Body Slam+1","True Grit"],"picked":"SKIP","floor":22.0},{"not_picked":["Warcry","Whirlwind"],"picked":"Pommel Strike+1","floor":24.0},{"not_picked":["Searing Blow","Infernal Blade","Pommel Strike"],"picked":"Singing Bowl","floor":27.0}],"player_experience":120027,"relics_obtained":[{"floor":7.0,"key":"Bronze Scales"},{"floor":10.0,"key":"Ornamental Fan"},{"floor":24.0,"key":"Singing Bowl"},{"floor":24.0,"key":"Juzu Bracelet"},{"floor":26.0,"key":"Tiny Chest"}],"event_choices":[{"damage_healed":0.0,"max_hp_gain":0.0,"max_hp_loss":0.0,"gold_gain":175.0,"event_name":"Liars Game","player_choice":"AGREE","floor":2.0,"gold_loss":0.0,"damage_taken":0.0,"cards_obtained":["Doubt"]},{"damage_healed":0.0,"max_hp_gain":0.0,"max_hp_loss":0.0,"gold_gain":0.0,"event_name":"Scrap Ooze","player_choice":"Success","floor":4.0,"gold_loss":0.0,"damage_taken":3.0,"relics_obtained":["Boot"]},{"damage_healed":0.0,"max_hp_gain":0.0,"max_hp_loss":0.0,"gold_gain":0.0,"event_name":"Golden Idol","player_choice":"Take Wound","floor":13.0,"gold_loss":0.0,"damage_taken":0.0,"relics_obtained":["Golden Idol"],"cards_obtained":["Injury"]},{"damage_healed":0.0,"max_hp_gain":0.0,"max_hp_loss":0.0,"gold_gain":99.0,"event_name":"Nest","player_choice":"Stole From Cult","floor":20.0,"gold_loss":0.0,"damage_taken":0.0},{"cards_removed":["Injury"],"damage_healed":0.0,"max_hp_gain":0.0,"max_hp_loss":0.0,"gold_gain":0.0,"event_name":"Fountain of Cleansing","player_choice":"Removed Curses","floor":21.0,"gold_loss":0.0,"damage_taken":0.0},{"damage_healed":0.0,"max_hp_gain":0.0,"max_hp_loss":0.0,"gold_gain":0.0,"event_name":"Forgotten Altar","player_choice":"Gave Idol","floor":25.0,"relics_lost":["Golden Idol"],"gold_loss":0.0,"damage_taken":0.0,"relics_obtained":["Bloody Idol"]}],"is_beta":false,"boss_relics":[{"not_picked":["Snecko Eye","Sozu"],"picked":"Black Star"}],"items_purged_floors":[3],"is_endless":false,"potions_floor_spawned":[7,10,11,14,16,19,24,27],"killed_by":"Slavers","ascension_level":2}