{"gold_per_floor":[114,129,59,59,74,89,119,134,134,134,164,164,179,194,194,294,294,309,294,324,339,20,50,50,80,80,80,105,120,135,150,150,250,250,265,15,15,15,30,30,60,60,85,115,130,130,145,367,367,367],"floor_reached":51,"playtime":9941,"items_purged":[],"score":859,"play_id":"cae87d82-8da9-4d0f-993d-d301ca519a12","local_time":"20190627113849","daily_mods":["Insanity","Red Cards","Terminal"],"is_ascension_mode":false,"campfire_choices":[{"data":"Chill","floor":10,"key":"SMITH"},{"data":"Armaments","floor":12,"key":"SMITH"},{"data":"Blizzard","floor":15,"key":"SMITH"},{"data":"Feel No Pain","floor":24,"key":"SMITH"},{"data":"Exhume","floor":27,"key":"SMITH"},{"data":"Double Energy","floor":32,"key":"SMITH"},{"data":"Reprogram","floor":40,"key":"SMITH"},{"data":"Berserk","floor":42,"key":"SMITH"},{"data":"Battle Trance","floor":46,"key":"SMITH"},{"data":"Havoc","floor":49,"key":"SMITH"}],"neow_cost":"","seed_source_timestamp":0,"circlet_count":0,"master_deck":["Stack","Sword Boomerang","Rebound","Stack","Blizzard","Steam","Gash","Entrench","Combust","Body Slam","Anger","Static Discharge","Heavy Blade","Carnage","Anger","BootSequence","Force Field","Conserve Battery","Flex","Compile Driver","Uppercut","Hologram","Leap","Hemokinesis","Bloodletting","Gash","Evolve","Havoc+1","Sunder","Barrage","Coolheaded","Wild Strike","Stack","Heavy Blade","Undo","Scrape","Carnage","Power Through","Armaments+1","Twin Strike","Body Slam","Ball Lightning","Intimidate","Searing Blow","Chill+1","Twin Strike","Turbo","Clothesline","Self Repair","BootSequence","Darkness","Self Repair","BootSequence","Steam","Ball Lightning","Battle Trance+1","Blizzard+1","Turbo","Exhume+1","Stack","Barrage+1","Shame","Stack+1","Double Energy+1","Feel No Pain+1","Metallicize","Compile Driver+1","Power Through","Consume+1","Sweeping Beam+1","Berserk+1","Reprogram+1","Decay","Doom and Gloom+1","Writhe","All For One+1"],"special_seed":18074,"relics":["Cracked Core","Gremlin Horn","Letter Opener","Oddly Smooth Stone","Coffee Dripper","Tiny Chest","Strawberry","Potion Belt","Bottled Tornado","Pocketwatch","Red Mask","Cursed Key","Singing Bowl","Molten Egg 2","Pantograph","Regal Pillow","Anchor"],"potions_floor_usage":[16,23,29,33,33,41,44,45,50,50,50,50,50,50,50,50],"damage_taken":[{"damage":2,"enemies":"Cultist","floor":1,"turns":3},{"damage":0,"enemies":"Small Slimes","floor":2,"turns":2},{"damage":0,"enemies":"2 Louse","floor":5,"turns":2},{"damage":4,"enemies":"Large Slime","floor":6,"turns":5},{"damage":10,"enemies":"Lagavulin","floor":7,"turns":7},{"damage":2,"enemies":"Exordium Wildlife","floor":8,"turns":5},{"damage":0,"enemies":"3 Sentries","floor":11,"turns":6},{"damage":6,"enemies":"Gremlin Gang","floor":13,"turns":4},{"damage":0,"enemies":"3 Louse","floor":14,"turns":1},{"damage":18,"enemies":"The Guardian","floor":16,"turns":9},{"damage":0,"enemies":"Chosen","floor":18,"turns":4},{"damage":0,"enemies":"2 Thieves","floor":19,"turns":4},{"damage":0,"enemies":"Snake Plant","floor":21,"turns":4},{"damage":13,"enemies":"Gremlin Leader","floor":23,"turns":7},{"damage":11,"enemies":"Slavers","floor":25,"turns":6},{"damage":3,"enemies":"Masked Bandits","floor":28,"turns":4},{"damage":0,"enemies":"Snecko","floor":29,"turns":6},{"damage":2,"enemies":"3 Cultists","floor":30,"turns":4},{"damage":2,"enemies":"Snake Plant","floor":31,"turns":5},{"damage":25,"enemies":"Automaton","floor":33,"turns":10},{"damage":0,"enemies":"Orb Walker","floor":35,"turns":3},{"damage":3,"enemies":"3 Darklings","floor":39,"turns":3},{"damage":5,"enemies":"Giant Head","floor":41,"turns":8},{"damage":20,"enemies":"Nemesis","floor":44,"turns":10},{"damage":4,"enemies":"Spire Growth","floor":45,"turns":5},{"damage":8,"enemies":"4 Shapes","floor":47,"turns":11},{"damage":31,"enemies":"Time Eater","floor":50,"turns":10}],"seed_played":"-5778978344149328507","potions_obtained":[{"floor":5,"key":"Poison Potion"},{"floor":7,"key":"Regen Potion"},{"floor":11,"key":"Dexterity Potion"},{"floor":13,"key":"Swift Potion"},{"floor":21,"key":"Strength Potion"},{"floor":28,"key":"PowerPotion"},{"floor":29,"key":"GamblersBrew"},{"floor":30,"key":"GamblersBrew"},{"floor":31,"key":"AttackPotion"},{"floor":33,"key":"Swift Potion"},{"floor":41,"key":"EntropicBrew"},{"floor":44,"key":"SkillPotion"},{"floor":45,"key":"Swift Potion"}],"is_trial":false,"path_per_floor":["M","M","$","?","M","M","E","M","T","R","E","R","M","M","R","B",null,"M","M","?","M","$","E","R","E","T","R","?","M","M","M","R","B",null,"M","$","?","T","M","R","E","R","T","E","M","R","M","?","R","B",null],"character_chosen":"DEFECT","items_purchased":["Darkness","Strawberry","Fruit Juice","Double Energy","Singing Bowl"],"campfire_rested":0,"item_purchase_floors":[3,22,22,22,36],"current_hp_per_floor":[72,72,71,70,69,68,65,66,65,64,63,62,61,60,59,55,57,56,55,54,53,59,51,51,54,54,54,58,57,56,54,54,36,52,51,50,49,48,49,48,47,46,45,46,45,44,45,44,43,12],"gold":367,"neow_bonus":"","is_prod":false,"is_daily":true,"chose_seed":false,"campfire_upgraded":10,"win_rate":0.0,"timestamp":1561628329,"path_taken":["M","M","?","?","?","M","E","M","T","R","E","R","M","M","R","BOSS","M","M","?","M","$","E","R","E","T","R","?","M","M","M","R","BOSS","M","$","?","?","M","R","E","R","T","E","M","R","?","?","R","BOSS"],"build_version":"2019-01-23","purchased_purges":0,"victory":true,"max_hp_per_floor":[73,72,71,70,69,68,67,66,65,64,63,62,61,60,59,58,57,56,55,54,53,59,63,62,61,60,59,58,57,56,55,54,53,52,51,50,49,48,49,48,47,46,45,46,45,44,45,44,43,42],"card_choices":[{"not_picked":["Leap","Redo"],"picked":"Self Repair","floor":1},{"not_picked":["Clash","Havoc"],"picked":"BootSequence","floor":2},{"not_picked":["Streamline","Twin Strike"],"picked":"Self Repair","floor":5},{"not_picked":["Body Slam","Rip and Tear"],"picked":"BootSequence","floor":6},{"not_picked":["Armaments","Entrench"],"picked":"Steam","floor":7},{"not_picked":["Reckless Charge","Self Repair"],"picked":"Ball Lightning","floor":8},{"not_picked":["Bloodletting","Hemokinesis"],"picked":"Battle Trance","floor":11},{"not_picked":["Compile Driver","Combust"],"picked":"Blizzard","floor":13},{"not_picked":["Sweeping Beam","Headbutt"],"picked":"Turbo","floor":14},{"not_picked":["Meteor Strike","Rainbow"],"picked":"Exhume","floor":16},{"not_picked":["Burning Pact","BootSequence"],"picked":"Stack","floor":18},{"not_picked":["Sweeping Beam","Storm"],"picked":"Barrage+1","floor":19},{"not_picked":["Sword Boomerang","Headbutt"],"picked":"Stack+1","floor":21},{"not_picked":["Barrage","Go for the Eyes+1"],"picked":"Feel No Pain","floor":23},{"not_picked":["Barrage","Inflame+1"],"picked":"Metallicize","floor":25},{"not_picked":["Headbutt","Go for the Eyes"],"picked":"Compile Driver+1","floor":28},{"not_picked":["Cleave","Heavy Blade"],"picked":"Power Through","floor":29},{"not_picked":["Dropkick","Turbo+1"],"picked":"Consume+1","floor":30},{"not_picked":["BootSequence","Pummel"],"picked":"Sweeping Beam+1","floor":31},{"not_picked":["Bludgeon","Impervious"],"picked":"Berserk","floor":33},{"not_picked":["Pummel+1","Pommel Strike+1"],"picked":"Reprogram","floor":35},{"not_picked":["Shrug It Off+1","Rampage+1","Beam Cell+1"],"picked":"Singing Bowl","floor":39},{"not_picked":["Darkness","Double Energy+1"],"picked":"Doom and Gloom+1","floor":41},{"not_picked":["Steam+1","Havoc+1","Sweeping Beam+1"],"picked":"Singing Bowl","floor":44},{"not_picked":["Ghostly Armor+1","Compile Driver+1"],"picked":"All For One+1","floor":45},{"not_picked":["Rebound+1","Evolve+1","Thunderclap+1"],"picked":"Singing Bowl","floor":47}],"player_experience":23271,"relics_obtained":[{"floor":7,"key":"Gremlin Horn"},{"floor":9,"key":"Letter Opener"},{"floor":11,"key":"Oddly Smooth Stone"},{"floor":23,"key":"Potion Belt"},{"floor":25,"key":"Bottled Tornado"},{"floor":26,"key":"Pocketwatch"},{"floor":28,"key":"Red Mask"},{"floor":38,"key":"Molten Egg 2"},{"floor":41,"key":"Pantograph"},{"floor":43,"key":"Regal Pillow"},{"floor":44,"key":"Anchor"}],"event_choices":[{"cards_removed":["Clash"],"damage_healed":5,"gold_gain":0,"player_choice":"Offered Common","damage_taken":0,"max_hp_gain":0,"max_hp_loss":0,"event_name":"Bonfire Elementals","floor":4,"gold_loss":0},{"cards_removed":["Clash"],"damage_healed":5,"gold_gain":0,"player_choice":"Offered Special","damage_taken":0,"max_hp_gain":0,"max_hp_loss":0,"event_name":"Bonfire Elementals","floor":4,"gold_loss":0},{"damage_healed":0,"gold_gain":0,"player_choice":"Stole Relic","damage_taken":0,"relics_obtained":["Tiny Chest"],"max_hp_gain":0,"max_hp_loss":0,"event_name":"Addict","floor":20,"gold_loss":0,"cards_obtained":["Shame"]},{"damage_healed":0,"gold_gain":0,"player_choice":"Fought Bandits","damage_taken":0,"max_hp_gain":0,"max_hp_loss":0,"event_name":"Masked Bandits","floor":28,"gold_loss":0},{"cards_removed":["Clothesline"],"damage_healed":0,"gold_gain":0,"player_choice":"Removed Attack","damage_taken":0,"max_hp_gain":0,"max_hp_loss":0,"event_name":"Falling","floor":37,"gold_loss":0},{"damage_healed":0,"gold_gain":222,"player_choice":"Wore Mask","damage_taken":0,"max_hp_gain":0,"max_hp_loss":0,"event_name":"Tomb of Lord Red Mask","floor":48,"gold_loss":0}],"is_beta":false,"boss_relics":[{"not_picked":["Busted Crown","Velvet Choker"],"picked":"Coffee Dripper"},{"not_picked":["Sozu","Tiny House"],"picked":"Cursed Key"}],"items_purged_floors":[],"is_endless":false,"potions_floor_spawned":[5,7,11,13,21,28,29,30,31,33,41,44,45],"ascension_level":0}