{"path_per_floor":["M","?","$","M","?","E","R","E","T","E","M","?","?","?","R"],"character_chosen":"THE_SILENT","items_purchased":["Oddly Smooth Stone"],"gold_per_floor":[119,219,1,20,20,47,47,81,126,151,162,162,112,79,79],"floor_reached":16,"campfire_rested":2,"playtime":1560,"current_hp_per_floor":[70,70,70,70,70,50,70,48,48,32,34,34,34,34,55],"items_purged":["Strike_G"],"gold":79,"score":116,"play_id":"f7f4e1b1-c1e5-49c0-9bcb-611cc46394c6","is_prod":false,"is_daily":false,"is_ascension_mode":false,"campfire_upgraded":0,"path_taken":["M","?","$","M","?","E","R","E","T","E","?","?","?","?","R","BOSS"],"build_version":"2018-02-15-PROD1","purchased_purges":1,"victory":false,"master_deck":["Defend_G","Defend_G","Defend_G","Defend_G","Defend_G","Strike_G","Strike_G","Strike_G","Survivor","Neutralize","Blade Dance","Poisoned Stab","Dark Shackles","Unload","Riddle With Holes","Outmaneuver+1"],"max_hp_per_floor":[70,70,70,70,70,70,70,70,70,70,70,70,70,70,70],"relics":["Ring of the Snake","Oddly Smooth Stone","Pen Nib","Bird Faced Urn","Blood Vial","Happy Flower"],"card_choices":[{"not_picked":["Backflip","Dagger Throw"],"picked":"Blade Dance"},{"not_picked":["Dagger Spray","Slice"],"picked":"Poisoned Stab"},{"not_picked":["Dagger Throw","Distraction"],"picked":"Unload"},{"not_picked":["Flechettes","Dagger Throw"],"picked":"Riddle With Holes"},{"not_picked":["Deflect","Backstab"],"picked":"Outmaneuver"}],"player_experience":8070,"potions_floor_usage":[],"damage_taken":[{"damage":0,"enemies":"Small Slimes","floor":1,"turns":4},{"damage":0,"enemies":"Cultist","floor":4,"turns":5},{"damage":20,"enemies":"3 Sentries","floor":6,"turns":8},{"damage":22,"enemies":"Lagavulin","floor":8,"turns":8},{"damage":18,"enemies":"3 Sentries","floor":10,"turns":7},{"damage":0,"enemies":"2 Louse","floor":11,"turns":3},{"damage":60,"enemies":"Slime Boss","floor":16,"turns":7}],"event_choices":[{"event_name":"Golden Shrine","player_choice":"Pray","floor":2,"damage_taken":0},{"event_name":"Match and Keep!","player_choice":"1 cards matched","floor":5,"damage_taken":0},{"event_name":"Match and Keep!","player_choice":"1 cards matched","floor":5,"damage_taken":0},{"event_name":"Upgrade Shrine","player_choice":"Upgraded","floor":12,"damage_taken":0},{"event_name":"The Cleric","player_choice":"Card Removal","floor":13,"damage_taken":0},{"event_name":"World of Goop","player_choice":"Left","floor":14,"damage_taken":0}],"boss_relics":[],"potions_floor_spawned":[4,8,11],"seed_played":"-8987683060523053039","killed_by":"Slime Boss","ascension_level":0,"is_trial":false}