{"gold_per_floor":[112,123,133,149,42,68,243,47,47,62,62,62,73,84,84,182,182,192,192,15,28,44,44,70,70,96,116,96,96,116,129,129,226,226,241,256,256,274,139,165,165,40,40,71,71,85,38,38],"floor_reached":48,"playtime":3712,"items_purged":["Doubt","Strike_B","Strike_B"],"score":615,"play_id":"f7821ba6-ee26-4528-93d4-65ed289e0426","local_time":"20190717140017","is_ascension_mode":true,"campfire_choices":[{"data":"Zap","floor":11.0,"key":"SMITH"},{"floor":15.0,"key":"RECALL"},{"floor":23.0,"key":"REST"},{"floor":29.0,"key":"REST"},{"data":"White Noise","floor":32.0,"key":"SMITH"},{"floor":41.0,"key":"REST"}],"neow_cost":"NONE","seed_source_timestamp":0,"circlet_count":0,"master_deck":["Strike_B","Strike_B","Defend_B","Defend_B","Defend_B","Defend_B","Zap+1","Dualcast","Conserve Battery","Chaos+1","Rebound","Lockon","Bandage Up","Leap","Self Repair","Coolheaded","Cold Snap","Barrage","Gash","Capacitor+1","Ball Lightning","Creative AI+1","FTL","Bandage Up","Loop+1","Beam Cell+1","Beam Cell","Scrape","Ball Lightning","Storm+1","White Noise+1","Seek","Barrage+1","Reprogram+1","Echo Form+1","Capacitor+1","Leap+1","Buffer+1","Panacea+1","Auto Shields+1","Conserve Battery+1"],"special_seed":0,"relics":["Cracked Core","Pear","Frozen Egg 2","Mummified Hand","Black Star","Bottled Lightning","Regal Pillow","Philosopher\u0027s Stone","FaceOfCleric","Thread and Needle","Toxic Egg 2","Dream Catcher","Centennial Puzzle","Dodecahedron"],"potions_floor_usage":[],"damage_taken":[{"damage":1.0,"enemies":"Cultist","floor":1.0,"turns":3.0},{"damage":8.0,"enemies":"Small Slimes","floor":2.0,"turns":3.0},{"damage":12.0,"enemies":"Jaw Worm","floor":3.0,"turns":3.0},{"damage":9.0,"enemies":"Exordium Thugs","floor":4.0,"turns":4.0},{"damage":43.0,"enemies":"Lagavulin","floor":6.0,"turns":10.0},{"damage":15.0,"enemies":"Large Slime","floor":10.0,"turns":7.0},{"damage":14.0,"enemies":"Lots of Slimes","floor":13.0,"turns":6.0},{"damage":0.0,"enemies":"3 Louse","floor":14.0,"turns":1.0},{"damage":7.0,"enemies":"Slime Boss","floor":16.0,"turns":7.0},{"damage":37.0,"enemies":"2 Thieves","floor":18.0,"turns":5.0},{"damage":5.0,"enemies":"Chosen","floor":21.0,"turns":4.0},{"damage":30.0,"enemies":"Snake Plant","floor":22.0,"turns":5.0},{"damage":74.0,"enemies":"Slavers","floor":24.0,"turns":7.0},{"damage":7.0,"enemies":"Chosen and Byrds","floor":27.0,"turns":4.0},{"damage":15.0,"enemies":"Cultist and Chosen","floor":30.0,"turns":5.0},{"damage":6.0,"enemies":"Snecko","floor":31.0,"turns":3.0},{"damage":31.0,"enemies":"Automaton","floor":33.0,"turns":7.0},{"damage":26.0,"enemies":"3 Shapes","floor":35.0,"turns":4.0},{"damage":57.0,"enemies":"3 Darklings","floor":36.0,"turns":5.0},{"damage":17.0,"enemies":"Writhing Mass","floor":38.0,"turns":4.0},{"damage":21.0,"enemies":"Nemesis","floor":40.0,"turns":7.0},{"damage":62.0,"enemies":"Reptomancer","floor":44.0,"turns":7.0},{"damage":10.0,"enemies":"Sphere and 2 Shapes","floor":46.0,"turns":3.0},{"damage":5,"enemies":"3 Darklings","floor":48,"turns":1}],"seed_played":"-9186576650349776928","potions_obtained":[{"floor":4.0,"key":"LiquidBronze"},{"floor":6.0,"key":"FocusPotion"},{"floor":13.0,"key":"Explosive Potion"},{"floor":14.0,"key":"FearPotion"},{"floor":18.0,"key":"GamblersBrew"},{"floor":21.0,"key":"FearPotion"},{"floor":28.0,"key":"Strength Potion"},{"floor":31.0,"key":"Explosive Potion"},{"floor":33.0,"key":"EntropicBrew"},{"floor":35.0,"key":"Weak Potion"},{"floor":44.0,"key":"Ancient Potion"}],"is_trial":false,"path_per_floor":["M","M","M","M","$","E","?","$","T","M","R","T","M","M","R","B",null,"M","?","$","M","M","R","E","$","T","M","?","R","M","M","R","B",null,"M","M","?","M","$","E","R","$","T","E","?","M","$","M"],"character_chosen":"DEFECT","items_purchased":["Bandage Up","Leap","Coolheaded","Cold Snap","Barrage","Bandage Up","Loop+1","Capacitor+1","Conserve Battery+1"],"campfire_rested":3,"item_purchase_floors":[5,5,8,8,8,20,20,39,47],"current_hp_per_floor":[81,73,61,52,52,23,23,23,23,19,19,19,16,20,20,24,92,66,66,66,65,46,73,14,14,14,15,15,57,53,58,58,42,92,73,24,24,22,22,17,60,60,60,14,14,5,5,0],"gold":38,"neow_bonus":"TEN_PERCENT_HP_BONUS","is_prod":false,"is_daily":false,"chose_seed":false,"campfire_upgraded":2,"win_rate":0,"timestamp":1563397217,"path_taken":["M","M","M","M","?","E","?","$","T","?","R","?","M","M","R","BOSS","M","?","$","M","?","R","E","?","T","M","?","R","M","?","R","BOSS","M","M","?","?","?","E","R","$","T","E","?","M","$","M"],"build_version":"2019-07-05","purchased_purges":3,"victory":false,"max_hp_per_floor":[82,82,82,82,82,92,92,92,92,92,92,92,92,92,92,92,92,92,92,92,92,92,92,92,92,92,92,92,92,92,92,92,92,92,92,92,92,93,93,94,94,94,94,95,95,96,96,96],"card_choices":[{"not_picked":["Cold Snap","Beam Cell"],"picked":"Conserve Battery","floor":1.0},{"not_picked":["Ball Lightning","Rebound"],"picked":"Chaos","floor":2.0},{"not_picked":["Turbo","Go for the Eyes"],"picked":"Rebound","floor":3.0},{"not_picked":["Turbo","Go for the Eyes"],"picked":"Lockon","floor":4.0},{"not_picked":["Undo","Amplify"],"picked":"Self Repair","floor":6.0},{"not_picked":["Go for the Eyes","Double Energy"],"picked":"Gash","floor":10.0},{"not_picked":["Melter","Leap"],"picked":"Capacitor+1","floor":13.0},{"not_picked":["Skim","Hello World+1"],"picked":"Ball Lightning","floor":14.0},{"not_picked":["Meteor Strike","Machine Learning+1"],"picked":"Creative AI+1","floor":16.0},{"not_picked":["Darkness","Turbo"],"picked":"FTL","floor":18.0},{"not_picked":["Sweeping Beam+1","Chaos"],"picked":"Beam Cell+1","floor":21.0},{"not_picked":["Melter","Turbo"],"picked":"Beam Cell","floor":22.0},{"not_picked":["Hologram","Thunder Strike"],"picked":"Scrape","floor":24.0},{"not_picked":["Leap","Streamline"],"picked":"Ball Lightning","floor":27.0},{"not_picked":["Hello World+1","Cold Snap"],"picked":"Storm+1","floor":30.0},{"not_picked":["Turbo","Rebound+1"],"picked":"White Noise","floor":31.0},{"not_picked":["Meteor Strike","Thunder Strike"],"picked":"Seek","floor":33.0},{"not_picked":["Streamline+1","Leap"],"picked":"Barrage+1","floor":35.0},{"not_picked":["Turbo+1","Beam Cell"],"picked":"Reprogram+1","floor":36.0},{"not_picked":["Doom and Gloom+1","Rip and Tear+1"],"picked":"Echo Form+1","floor":38.0},{"not_picked":["Ball Lightning","Go for the Eyes+1"],"picked":"Leap","floor":40.0},{"not_picked":["Rip and Tear","Genetic Algorithm+1"],"picked":"Buffer+1","floor":44.0},{"not_picked":["Forethought+1","HandOfGreed"],"picked":"Panacea+1","floor":45.0},{"not_picked":["Sweeping Beam","Consume+1"],"picked":"Auto Shields+1","floor":46.0}],"player_experience":167527,"relics_obtained":[{"floor":6.0,"key":"Pear"},{"floor":9.0,"key":"Frozen Egg 2"},{"floor":12.0,"key":"Mummified Hand"},{"floor":24.0,"key":"Bottled Lightning"},{"floor":24.0,"key":"Regal Pillow"},{"floor":40.0,"key":"Thread and Needle"},{"floor":40.0,"key":"Toxic Egg 2"},{"floor":43.0,"key":"Dream Catcher"},{"floor":44.0,"key":"Centennial Puzzle"},{"floor":44.0,"key":"Dodecahedron"}],"event_choices":[{"damage_healed":0.0,"max_hp_gain":0.0,"max_hp_loss":0.0,"gold_gain":175.0,"event_name":"Liars Game","player_choice":"AGREE","floor":7.0,"gold_loss":0.0,"damage_taken":0.0,"cards_obtained":["Doubt"]},{"damage_healed":0.0,"max_hp_gain":0.0,"max_hp_loss":0.0,"gold_gain":0.0,"event_name":"Upgrade Shrine","player_choice":"Upgraded","floor":19.0,"gold_loss":0.0,"damage_taken":0.0,"cards_upgraded":["Chaos"]},{"damage_healed":0.0,"max_hp_gain":0.0,"max_hp_loss":0.0,"gold_gain":0.0,"event_name":"The Woman in Blue","player_choice":"Bought 1 Potion","floor":28.0,"gold_loss":0.0,"damage_taken":0.0},{"damage_healed":0.0,"max_hp_gain":0.0,"max_hp_loss":0.0,"gold_gain":0.0,"event_name":"FaceTrader","player_choice":"Trade","floor":37.0,"gold_loss":0.0,"damage_taken":0.0,"relics_obtained":["FaceOfCleric"]},{"damage_healed":0.0,"max_hp_gain":0.0,"max_hp_loss":0.0,"gold_gain":0.0,"event_name":"SensoryStone","player_choice":"Memory 1","floor":45.0,"gold_loss":0.0,"damage_taken":0.0}],"is_beta":false,"boss_relics":[{"not_picked":["Lizard Tail","Sozu"],"picked":"Black Star"},{"not_picked":["FrozenCore","Runic Dome"],"picked":"Philosopher\u0027s Stone"}],"items_purged_floors":[8,39,42],"is_endless":false,"potions_floor_spawned":[4,6,13,14,18,21,31,33,35,44],"killed_by":"3 Darklings","ascension_level":2}