{"gold_per_floor":[109,126,126,143,160,185,185,9,60,74,93,93,108,108,108,211,211,224,234,16,29,128,128],"floor_reached":23,"playtime":2683,"items_purged":[],"score":220,"play_id":"d5e8a770-7385-4efa-9a6e-3a27462f4b3e","local_time":"20190117091155","is_ascension_mode":false,"campfire_choices":[{"floor":7,"key":"REST"},{"floor":15,"key":"REST"}],"neow_cost":"NONE","seed_source_timestamp":198115249107615,"circlet_count":0,"master_deck":["Strike_B","Defend_B","Defend_B","Defend_B","Defend_B","Zap","Dualcast","Redo","Cold Snap","Compile Driver","Coolheaded","Glacier","Capacitor+1","Barrage+1","Sunder","Defragment","Rainbow","Self Repair+1","FTL+1","Streamline+1","Coolheaded","Coolheaded+1","Storm","Hologram"],"relics":["Cracked Core","Symbiotic Virus","Bag of Preparation","Astrolabe","Art of War"],"potions_floor_usage":[8,16,16,16,23,23],"damage_taken":[{"damage":5,"enemies":"Small Slimes","floor":1,"turns":3},{"damage":0,"enemies":"2 Louse","floor":2,"turns":3},{"damage":4,"enemies":"Jaw Worm","floor":4,"turns":4},{"damage":7,"enemies":"Red Slaver","floor":5,"turns":3},{"damage":16,"enemies":"Lagavulin","floor":6,"turns":10},{"damage":5,"enemies":"Large Slime","floor":10,"turns":4},{"damage":1,"enemies":"3 Louse","floor":11,"turns":2},{"damage":4,"enemies":"Looter","floor":13,"turns":3},{"damage":11,"enemies":"Hexaghost","floor":16,"turns":6},{"damage":13,"enemies":"Chosen","floor":18,"turns":5},{"damage":7,"enemies":"Spheric Guardian","floor":19,"turns":4},{"damage":23,"enemies":"Snake Plant","floor":21,"turns":4},{"damage":72,"enemies":"Slavers","floor":23,"turns":4}],"seed_played":"640862468724689358","potions_obtained":[{"floor":2,"key":"PowerPotion"},{"floor":6,"key":"Weak Potion"},{"floor":10,"key":"Weak Potion"},{"floor":13,"key":"Explosive Potion"},{"floor":18,"key":"Poison Potion"},{"floor":21,"key":"Block Potion"}],"is_trial":false,"path_per_floor":["M","M","?","M","M","E","R","$","T","M","M","?","M","?","R","B",null,"M","M","$","M","?","E"],"character_chosen":"DEFECT","items_purchased":["Capacitor","Fruit Juice","Art of War","Storm"],"campfire_rested":2,"item_purchase_floors":[8,8,20,20],"current_hp_per_floor":[77,77,82,78,71,55,81,86,86,81,80,80,76,58,85,74,92,89,82,82,59,59,0],"gold":128,"neow_bonus":"TEN_PERCENT_HP_BONUS","is_prod":false,"is_daily":false,"chose_seed":false,"campfire_upgraded":0,"win_rate":0.0,"timestamp":1547745115,"path_taken":["M","M","?","M","M","E","R","$","T","M","M","?","M","?","R","BOSS","M","M","$","M","?","E"],"build_version":"2019-01-10","purchased_purges":0,"victory":false,"max_hp_per_floor":[82,82,87,87,87,87,87,92,92,92,92,92,92,92,92,92,92,92,92,92,92,92,92],"card_choices":[{"not_picked":["Sweeping Beam","Barrage"],"picked":"Redo","floor":1},{"not_picked":["Stack","Steam"],"picked":"Cold Snap","floor":2},{"not_picked":["Melter","Hello World"],"picked":"Compile Driver","floor":4},{"not_picked":["Beam Cell","Ball Lightning"],"picked":"Coolheaded","floor":5},{"not_picked":["Lockon","White Noise"],"picked":"Glacier","floor":6},{"not_picked":["Sweeping Beam","Hyperbeam"],"picked":"Barrage","floor":10},{"not_picked":["Go for the Eyes","Rebound"],"picked":"Sunder","floor":11},{"not_picked":["Scrape","Streamline"],"picked":"Defragment","floor":13},{"not_picked":["Hyperbeam","Reboot"],"picked":"Rainbow","floor":16},{"not_picked":["Leap","Gash+1"],"picked":"Coolheaded","floor":18},{"not_picked":["Sweeping Beam","Darkness"],"picked":"Coolheaded+1","floor":19},{"not_picked":["Sweeping Beam+1","Gash+1"],"picked":"Hologram","floor":21}],"player_experience":212428,"relics_obtained":[{"floor":6,"key":"Symbiotic Virus"},{"floor":9,"key":"Bag of Preparation"}],"event_choices":[{"damage_healed":0,"gold_gain":0,"player_choice":"Donut","damage_taken":0,"max_hp_gain":5,"max_hp_loss":0,"event_name":"Big Fish","floor":3,"gold_loss":0},{"damage_healed":0,"gold_gain":0,"player_choice":"Ignored","damage_taken":0,"max_hp_gain":0,"max_hp_loss":0,"event_name":"Liars Game","floor":12,"gold_loss":0},{"damage_healed":0,"gold_gain":0,"player_choice":"Entered Light","damage_taken":18,"max_hp_gain":0,"max_hp_loss":0,"event_name":"Shining Light","floor":14,"gold_loss":0,"cards_upgraded":["Barrage","Capacitor"]},{"damage_healed":0,"gold_gain":99,"player_choice":"Stole From Cult","damage_taken":0,"max_hp_gain":0,"max_hp_loss":0,"event_name":"Nest","floor":22,"gold_loss":0}],"is_beta":false,"boss_relics":[{"not_picked":["Runic Dome","Busted Crown"],"picked":"Astrolabe"}],"items_purged_floors":[],"is_endless":false,"potions_floor_spawned":[2,6,10,11,13,18,21],"killed_by":"Slavers","ascension_level":0}