{"gold_per_floor":[19,30,43,43,143,143,171,137,137,151,167,181,181,193,193,295,295,220,220,239,338,188,188,222,240,240,150,150,350,369,46,46,46],"floor_reached":33,"playtime":2258,"items_purged":["Strike_G","Strike_G"],"score":294,"play_id":"a42dde4a-4c52-403c-ba60-85b2d5e43609","local_time":"20190918112855","is_ascension_mode":false,"campfire_choices":[{"data":"Neutralize","floor":6,"key":"SMITH"},{"data":"Noxious Fumes","floor":13,"key":"SMITH"},{"floor":15,"key":"REST"},{"floor":23,"key":"REST"},{"data":"Footwork","floor":28,"key":"SMITH"},{"floor":32,"key":"REST"}],"neow_cost":"NO_GOLD","seed_source_timestamp":1879076535846000,"circlet_count":0,"master_deck":["Defend_G","Defend_G","Defend_G","Defend_G","Defend_G","Survivor","Neutralize+1","Reflex","Envenom","Leg Sweep","Dodge and Roll","Deadly Poison","Backflip","Sucker Punch","Noxious Fumes+1","Corpse Explosion+1","Deadly Poison","Bane+1","Deflect","Footwork+1","Dash","Backflip+1","Leg Sweep+1"],"relics":["Ring of the Snake","Meat on the Bone","StoneCalendar","Gremlin Horn","Sozu","Toxic Egg 2","Juzu Bracelet","Centennial Puzzle"],"potions_floor_usage":[7,16,16,33],"damage_taken":[{"damage":2,"enemies":"Cultist","floor":1,"turns":4},{"damage":5,"enemies":"Jaw Worm","floor":2,"turns":9},{"damage":0,"enemies":"2 Louse","floor":3,"turns":4},{"damage":9,"enemies":"Lagavulin","floor":7,"turns":9},{"damage":3,"enemies":"Exordium Thugs","floor":8,"turns":7},{"damage":13,"enemies":"Red Slaver","floor":10,"turns":7},{"damage":11,"enemies":"Gremlin Gang","floor":11,"turns":7},{"damage":11,"enemies":"Exordium Thugs","floor":12,"turns":7},{"damage":5,"enemies":"Blue Slaver","floor":14,"turns":4},{"damage":9,"enemies":"Hexaghost","floor":16,"turns":8},{"damage":6,"enemies":"2 Thieves","floor":18,"turns":5},{"damage":11,"enemies":"Spheric Guardian","floor":19,"turns":4},{"damage":7,"enemies":"Snecko","floor":20,"turns":5},{"damage":28,"enemies":"Slavers","floor":24,"turns":7},{"damage":0,"enemies":"Centurion and Healer","floor":25,"turns":6},{"damage":26,"enemies":"Sentry and Sphere","floor":30,"turns":6},{"damage":61,"enemies":"Collector","floor":33,"turns":6}],"seed_played":"-798048143113000346","potions_obtained":[{"floor":2,"key":"SkillPotion"},{"floor":8,"key":"Strength Potion"},{"floor":10,"key":"Block Potion"},{"floor":11,"key":"PowerPotion"}],"is_trial":false,"path_per_floor":["M","M","M","?","?","R","E","M","T","M","M","M","R","M","R","B",null,"M","M","M","?","$","R","E","M","T","?","R","?","M","$","R","B"],"character_chosen":"THE_SILENT","items_purchased":["Footwork","Leg Sweep+1","Centennial Puzzle"],"campfire_rested":3,"item_purchase_floors":[22,31,31],"current_hp_per_floor":[68,63,63,45,45,45,36,45,45,44,45,46,46,41,62,53,70,64,53,46,46,46,67,39,39,39,39,39,39,25,25,46,0],"gold":46,"neow_bonus":"TRANSFORM_TWO_CARDS","is_prod":false,"is_daily":false,"chose_seed":false,"campfire_upgraded":3,"win_rate":0,"timestamp":1568820535,"path_taken":["M","?","M","?","?","R","E","M","T","M","M","?","R","M","R","BOSS","M","M","M","?","?","R","E","M","T","?","R","?","M","$","R","BOSS"],"build_version":"2019-07-17","purchased_purges":2,"victory":false,"max_hp_per_floor":[70,70,70,70,70,70,70,70,70,70,70,70,70,70,70,70,70,70,70,70,70,70,70,70,70,70,70,70,70,70,70,70,70],"card_choices":[{"not_picked":["Deflect","Slice","Dagger Throw"],"picked":"SKIP","floor":1},{"not_picked":["Slice","Skewer"],"picked":"Leg Sweep","floor":2},{"not_picked":["Accuracy","Dagger Spray","Endless Agony"],"picked":"SKIP","floor":3},{"not_picked":["Caltrops","Slice"],"picked":"Dodge and Roll","floor":7},{"not_picked":["Escape Plan","Wraith Form v2"],"picked":"Deadly Poison","floor":8},{"not_picked":["Dodge and Roll","Calculated Gamble"],"picked":"Backflip","floor":10},{"not_picked":["Endless Agony","Outmaneuver"],"picked":"Sucker Punch","floor":11},{"not_picked":["Dagger Throw","Dash"],"picked":"Noxious Fumes","floor":12},{"not_picked":["Outmaneuver","Accuracy","Crippling Poison"],"picked":"SKIP","floor":14},{"not_picked":["Night Terror","Envenom"],"picked":"Corpse Explosion","floor":16},{"not_picked":["Deflect","Masterful Stab"],"picked":"Deadly Poison","floor":18},{"not_picked":["Choke+1","Slice+1"],"picked":"Bane+1","floor":19},{"not_picked":["Distraction","Quick Slash"],"picked":"Deflect","floor":20},{"not_picked":["Acrobatics","Slice+1"],"picked":"Dash","floor":24},{"not_picked":["Finisher+1","Blade Dance+1"],"picked":"Backflip+1","floor":25},{"not_picked":["Accuracy","Noxious Fumes","Quick Slash"],"picked":"SKIP","floor":30}],"player_experience":83976,"relics_obtained":[{"floor":7,"key":"StoneCalendar"},{"floor":9,"key":"Gremlin Horn"},{"floor":24,"key":"Toxic Egg 2"},{"floor":26,"key":"Juzu Bracelet"}],"event_choices":[{"damage_healed":0,"gold_gain":0,"player_choice":"Success","damage_taken":18,"relics_obtained":["Meat on the Bone"],"max_hp_gain":0,"max_hp_loss":0,"event_name":"Scrap Ooze","floor":4,"gold_loss":0},{"damage_healed":0,"gold_gain":100,"player_choice":"Pray","damage_taken":0,"max_hp_gain":0,"max_hp_loss":0,"event_name":"Golden Shrine","floor":5,"gold_loss":0},{"damage_healed":0,"gold_gain":99,"player_choice":"Stole From Cult","damage_taken":0,"max_hp_gain":0,"max_hp_loss":0,"event_name":"Nest","floor":21,"gold_loss":0},{"cards_removed":["Strike_G"],"damage_healed":0,"gold_gain":0,"player_choice":"Upgrade and Remove","damage_taken":0,"max_hp_gain":0,"max_hp_loss":0,"event_name":"Designer","floor":27,"gold_loss":90,"cards_upgraded":["Corpse Explosion"]},{"damage_healed":0,"gold_gain":200,"player_choice":"Gold","damage_taken":0,"max_hp_gain":0,"max_hp_loss":0,"event_name":"Wheel of Change","floor":29,"gold_loss":0}],"is_beta":false,"boss_relics":[{"not_picked":["Eternal Feather","HoveringKite"],"picked":"Sozu"}],"items_purged_floors":[22,31],"is_endless":false,"potions_floor_spawned":[2,8,10,11,30],"killed_by":"Collector","ascension_level":0}