{"gold_per_floor":[16,27,27,44,63,92,92,117,117,137,137,22,48,66,66,141,141,159,159,59,59,71,97,97,132,188,204,235,235,258,286,286,365,365,380,380,399,399,289,320,320,334,360,394,412,444,461,67,67,67,67,67,67,12,45,45],"floor_reached":56,"playtime":2419,"items_purged":["Strike_G","Strike_G"],"score":2646,"play_id":"66504634-165d-4fb7-b652-8ba6b1f4b440","local_time":"20190810111001","is_ascension_mode":true,"campfire_choices":[{"data":"Bouncing Flask","floor":7.0,"key":"SMITH"},{"data":"Neutralize","floor":11.0,"key":"SMITH"},{"data":"Well Laid Plans","floor":15.0,"key":"SMITH"},{"data":"Tactician","floor":24.0,"key":"SMITH"},{"data":"Acrobatics","floor":29.0,"key":"SMITH"},{"data":"Reflex","floor":32.0,"key":"SMITH"},{"data":"Expertise","floor":41.0,"key":"SMITH"},{"floor":49.0,"key":"RECALL"},{"data":"Prepared","floor":53.0,"key":"SMITH"}],"neow_cost":"NO_GOLD","seed_source_timestamp":334430200038945,"circlet_count":0,"master_deck":["AscendersBane","Defend_G","Defend_G","Defend_G","Defend_G","Defend_G","Survivor","Neutralize+1","Bandage Up","Finesse","Masterful Stab+1","Bouncing Flask+1","Acrobatics+1","Well Laid Plans+1","Grand Finale+1","Expertise+1","Acrobatics","Backflip","Prepared+1","Tactician+1","PiercingWail","Reflex+1","Calculated Gamble+1","AscendersBane"],"special_seed":0,"relics":["Ring of the Snake","Blue Candle","Art of War","Ninja Scroll","Odd Mushroom","Orrery","Letter Opener","Dream Catcher","Tiny Chest","Vajra","Lantern","Coffee Dripper","Ancient Tea Set","Happy Flower","Pen Nib","Mummified Hand","Bag of Preparation","TheAbacus","Whetstone"],"potions_floor_usage":[],"damage_taken":[{"damage":3.0,"enemies":"Small Slimes","floor":1.0,"turns":6.0},{"damage":0.0,"enemies":"Cultist","floor":2.0,"turns":3.0},{"damage":0.0,"enemies":"2 Louse","floor":4.0,"turns":3.0},{"damage":0.0,"enemies":"Blue Slaver","floor":5.0,"turns":5.0},{"damage":13.0,"enemies":"Lagavulin","floor":6.0,"turns":7.0},{"damage":21.0,"enemies":"3 Sentries","floor":8.0,"turns":8.0},{"damage":3.0,"enemies":"Gremlin Gang","floor":10.0,"turns":4.0},{"damage":9.0,"enemies":"The Mushroom Lair","floor":13.0,"turns":5.0},{"damage":3.0,"enemies":"Exordium Thugs","floor":14.0,"turns":4.0},{"damage":8.0,"enemies":"Hexaghost","floor":16.0,"turns":8.0},{"damage":11.0,"enemies":"2 Thieves","floor":18.0,"turns":2.0},{"damage":0.0,"enemies":"Spheric Guardian","floor":22.0,"turns":3.0},{"damage":10.0,"enemies":"Book of Stabbing","floor":23.0,"turns":4.0},{"damage":0.0,"enemies":"Gremlin Leader","floor":25.0,"turns":4.0},{"damage":0.0,"enemies":"Snake Plant","floor":27.0,"turns":3.0},{"damage":0.0,"enemies":"Book of Stabbing","floor":28.0,"turns":5.0},{"damage":0.0,"enemies":"Gremlin Leader","floor":31.0,"turns":3.0},{"damage":0.0,"enemies":"Champ","floor":33.0,"turns":7.0},{"damage":1.0,"enemies":"3 Shapes","floor":35.0,"turns":3.0},{"damage":0.0,"enemies":"3 Darklings","floor":37.0,"turns":2.0},{"damage":0.0,"enemies":"Reptomancer","floor":40.0,"turns":3.0},{"damage":0.0,"enemies":"Spire Growth","floor":42.0,"turns":1.0},{"damage":0.0,"enemies":"Giant Head","floor":44.0,"turns":3.0},{"damage":2.0,"enemies":"Transient","floor":45.0,"turns":6.0},{"damage":1.0,"enemies":"Reptomancer","floor":46.0,"turns":3.0},{"damage":0.0,"enemies":"4 Shapes","floor":47.0,"turns":1.0},{"damage":2.0,"enemies":"Donu and Deca","floor":50.0,"turns":3.0},{"damage":54.0,"enemies":"Time Eater","floor":51.0,"turns":10.0},{"damage":2.0,"enemies":"Shield and Spear","floor":55.0,"turns":1.0},{"damage":0,"enemies":"The Heart","floor":56,"turns":1}],"seed_played":"-2384135226925397471","potions_obtained":[{"floor":4.0,"key":"Block Potion"},{"floor":6.0,"key":"EssenceOfSteel"},{"floor":8.0,"key":"Energy Potion"},{"floor":13.0,"key":"Explosive Potion"},{"floor":16.0,"key":"GhostInAJar"},{"floor":23.0,"key":"Explosive Potion"},{"floor":25.0,"key":"Dexterity Potion"},{"floor":27.0,"key":"Poison Potion"},{"floor":33.0,"key":"Poison Potion"},{"floor":40.0,"key":"Ancient Potion"},{"floor":45.0,"key":"Energy Potion"}],"is_trial":false,"path_per_floor":["M","M","?","M","M","E","R","E","T","M","R","$","?","M","R","B",null,"M","?","$","?","M","E","R","E","T","M","E","R","T","E","R","B",null,"M","?","M","?","?","E","R","M","T","E","M","E","M","$","R","B","B",null,"R","$","E","B"],"character_chosen":"THE_SILENT","items_purchased":["Well Laid Plans","Bag of Preparation","TheAbacus","Weak Potion"],"campfire_rested":0,"item_purchase_floors":[12,48,48,54],"current_hp_per_floor":[60,64,64,66,66,57,57,40,40,41,41,41,36,37,37,33,58,51,51,51,51,55,49,49,53,53,57,61,61,61,65,65,66,66,66,66,66,66,66,66,66,66,66,66,66,65,66,66,66,65,14,53,53,53,55,55],"gold":45,"neow_bonus":"RANDOM_COLORLESS_2","is_prod":false,"is_daily":false,"chose_seed":false,"campfire_upgraded":8,"win_rate":0,"timestamp":1565403001,"path_taken":["M","M","?","M","?","E","R","E","T","M","R","$","?","M","R","BOSS","M","?","$","?","M","E","R","E","T","?","E","R","?","E","R","BOSS","M","?","?","?","?","E","R","?","T","E","M","E","M","$","R","BOSS","BOSS","R","$","E","BOSS"],"build_version":"2019-07-17","purchased_purges":2,"victory":false,"max_hp_per_floor":[66,66,66,66,66,66,66,66,66,66,66,66,66,66,66,66,66,66,66,66,66,66,66,66,66,66,66,66,66,66,66,66,66,66,66,66,66,66,66,66,66,66,66,66,66,66,66,66,66,66,66,66,66,66,66,66],"card_choices":[{"not_picked":["Crippling Poison","Setup"],"picked":"Masterful Stab","floor":1.0},{"not_picked":["Dodge and Roll","Caltrops"],"picked":"Bouncing Flask","floor":2.0},{"not_picked":["Poisoned Stab","Caltrops"],"picked":"Acrobatics","floor":4.0},{"not_picked":["Noxious Fumes","Blade Dance","Cloak And Dagger"],"picked":"SKIP","floor":5.0},{"not_picked":["Blade Dance","Cloak And Dagger"],"picked":"Noxious Fumes","floor":5.0},{"not_picked":["Choke","Eviscerate","Expertise"],"picked":"SKIP","floor":6.0},{"not_picked":["Dagger Spray","Poisoned Stab","Outmaneuver"],"picked":"SKIP","floor":8.0},{"not_picked":["Prepared","Outmaneuver","Dash"],"picked":"SKIP","floor":10.0},{"not_picked":["Accuracy","PiercingWail"],"picked":"Grand Finale","floor":14.0},{"not_picked":["Underhanded Strike","Quick Slash"],"picked":"Expertise","floor":17.0},{"not_picked":["Eviscerate","Underhanded Strike"],"picked":"Acrobatics","floor":17.0},{"not_picked":["Prepared","All Out Attack"],"picked":"Backflip","floor":17.0},{"not_picked":["PiercingWail","Slice"],"picked":"Prepared","floor":17.0},{"not_picked":["Dagger Throw","Deadly Poison","Noxious Fumes"],"picked":"SKIP","floor":18.0},{"not_picked":["PiercingWail","Predator","Underhanded Strike"],"picked":"SKIP","floor":22.0},{"not_picked":["Predator","Underhanded Strike"],"picked":"PiercingWail","floor":22.0},{"not_picked":["Underhanded Strike+1","Cloak And Dagger"],"picked":"Reflex","floor":23.0},{"not_picked":["Terror+1","Deadly Poison","Venomology"],"picked":"SKIP","floor":25.0},{"not_picked":["Deflect","Sucker Punch","Concentrate"],"picked":"SKIP","floor":27.0},{"not_picked":["Deadly Poison","Dodge and Roll","Bane"],"picked":"SKIP","floor":28.0},{"not_picked":["Night Terror","Footwork"],"picked":"Calculated Gamble+1","floor":31.0},{"not_picked":["Bane","Caltrops","Underhanded Strike"],"picked":"SKIP","floor":35.0},{"not_picked":["Dagger Spray","Deadly Poison","Escape Plan+1"],"picked":"SKIP","floor":37.0},{"not_picked":["Deadly Poison","Flying Knee","Footwork"],"picked":"SKIP","floor":40.0},{"not_picked":["Blade Dance","PiercingWail","Acrobatics"],"picked":"SKIP","floor":42.0},{"not_picked":["Malaise","Flechettes+1","Endless Agony"],"picked":"SKIP","floor":44.0},{"not_picked":["Malaise","Flechettes+1","Endless Agony"],"picked":"SKIP","floor":44.0},{"not_picked":["Malaise","Flechettes+1","Endless Agony"],"picked":"SKIP","floor":44.0},{"not_picked":["Prepared","Poisoned Stab","Dash"],"picked":"SKIP","floor":45.0},{"not_picked":["Setup","Bane","Expertise"],"picked":"SKIP","floor":46.0},{"not_picked":["Prepared","Backflip","Finisher+1"],"picked":"SKIP","floor":47.0},{"not_picked":["Deadly Poison+1","All Out Attack","Dagger Throw+1"],"picked":"SKIP","floor":55.0}],"player_experience":840494,"relics_obtained":[{"floor":6.0,"key":"Blue Candle"},{"floor":8.0,"key":"Art of War"},{"floor":9.0,"key":"Ninja Scroll"},{"floor":13.0,"key":"Odd Mushroom"},{"floor":23.0,"key":"Letter Opener"},{"floor":25.0,"key":"Dream Catcher"},{"floor":26.0,"key":"Tiny Chest"},{"floor":28.0,"key":"Vajra"},{"floor":31.0,"key":"Lantern"},{"floor":40.0,"key":"Ancient Tea Set"},{"floor":43.0,"key":"Happy Flower"},{"floor":44.0,"key":"Pen Nib"},{"floor":46.0,"key":"Mummified Hand"},{"floor":55.0,"key":"Whetstone"}],"event_choices":[{"cards_removed":["Strike_G"],"damage_healed":0.0,"max_hp_gain":0.0,"max_hp_loss":0.0,"gold_gain":0.0,"event_name":"Bonfire Elementals","player_choice":"Offered Basic","floor":3.0,"gold_loss":0.0,"damage_taken":0.0},{"damage_healed":0.0,"max_hp_gain":0.0,"max_hp_loss":0.0,"gold_gain":0.0,"event_name":"Mushrooms","player_choice":"Fought Mushrooms","floor":13.0,"gold_loss":0.0,"damage_taken":0.0},{"damage_healed":0.0,"max_hp_gain":0.0,"max_hp_loss":0.0,"gold_gain":0.0,"event_name":"Ghosts","player_choice":"Ignored","floor":19.0,"gold_loss":0.0,"damage_taken":0.0},{"damage_healed":0.0,"max_hp_gain":0.0,"max_hp_loss":0.0,"gold_gain":0.0,"cards_transformed":["Strike_G"],"event_name":"Transmorgrifier","player_choice":"Transformed","floor":21.0,"gold_loss":0.0,"damage_taken":0.0,"cards_obtained":["Tactician"]},{"damage_healed":0.0,"max_hp_gain":0.0,"max_hp_loss":0.0,"gold_gain":0.0,"event_name":"Duplicator","player_choice":"Copied","floor":36.0,"gold_loss":0.0,"damage_taken":0.0,"cards_obtained":["AscendersBane"]},{"cards_removed":["Noxious Fumes"],"damage_healed":0.0,"max_hp_gain":0.0,"max_hp_loss":0.0,"gold_gain":0.0,"event_name":"Falling","player_choice":"Removed Power","floor":38.0,"gold_loss":0.0,"damage_taken":0.0},{"cards_removed":["Strike_G"],"damage_healed":0.0,"max_hp_gain":0.0,"max_hp_loss":0.0,"gold_gain":0.0,"event_name":"Designer","player_choice":"Upgrade and Remove","floor":39.0,"gold_loss":110.0,"damage_taken":0.0,"cards_upgraded":["Masterful Stab"]}],"is_beta":false,"boss_relics":[{"not_picked":["Cursed Key","White Beast Statue"],"picked":"Orrery"},{"not_picked":["Busted Crown","Sozu"],"picked":"Coffee Dripper"}],"items_purged_floors":[12,20],"is_endless":false,"potions_floor_spawned":[4,6,8,13,16,18,23,25,27,33,40,45,47],"killed_by":"The Heart","ascension_level":20}