{"gold_per_floor":[119,119,119,119,194,194,194,208,208,25,25,35,48,83,83,161,161,181,181,181,198,248,248,260,260],"floor_reached":25,"playtime":749,"items_purged":["Strike_B"],"score":461,"play_id":"fc1ece2f-07e2-428e-8b84-2cbd18f7c027","local_time":"20190203123938","is_ascension_mode":true,"campfire_choices":[{"data":"Beam Cell","floor":6.0,"key":"SMITH"},{"data":"Go for the Eyes","floor":11.0,"key":"SMITH"},{"data":"Zap","floor":15.0,"key":"SMITH"},{"floor":23,"key":"REST"}],"neow_cost":"PERCENT_DAMAGE","seed_source_timestamp":10304612000245,"circlet_count":0,"master_deck":["AscendersBane","Strike_B","Strike_B","Strike_B","Defend_B","Defend_B","Zap+1","Dualcast","Machine Learning","Beam Cell+1","Cold Snap","Go for the Eyes+1","Chill","Steam Power","Core Surge","Biased Cognition","Self Repair"],"special_seed":0,"relics":["Cracked Core","Lantern","Symbiotic Virus","Eternal Feather"],"potions_floor_usage":[25,25],"damage_taken":[{"damage":1.0,"enemies":"Cultist","floor":1.0,"turns":3.0},{"damage":9.0,"enemies":"Jaw Worm","floor":8.0,"turns":3.0},{"damage":7.0,"enemies":"Small Slimes","floor":12.0,"turns":2.0},{"damage":3.0,"enemies":"3 Louse","floor":13.0,"turns":3.0},{"damage":9.0,"enemies":"3 Sentries","floor":14.0,"turns":6.0},{"damage":0.0,"enemies":"Slime Boss","floor":16.0,"turns":5.0},{"damage":23.0,"enemies":"Spheric Guardian","floor":18.0,"turns":4.0},{"damage":14,"enemies":"2 Thieves","floor":21,"turns":4},{"damage":21,"enemies":"Sentry and Sphere","floor":24,"turns":6},{"damage":34,"enemies":"Gremlin Leader","floor":25,"turns":4}],"seed_played":"2803167601237292678","potions_obtained":[{"floor":8.0,"key":"Energy Potion"},{"floor":13.0,"key":"SteroidPotion"},{"floor":18.0,"key":"Poison Potion"},{"floor":24,"key":"Ancient Potion"}],"is_trial":false,"path_per_floor":["M","?","?","$","?","R","?","M","T","$","R","M","M","E","R","B",null,"M","?","?","M","?","R","M","E"],"character_chosen":"DEFECT","items_purchased":["Go for the Eyes","Fire Potion"],"campfire_rested":1,"item_purchase_floors":[10,10],"current_hp_per_floor":[45,50,43,43,32,32,32,23,23,23,23,16,13,4,4,4,58,35,35,35,21,21,52,31,0],"gold":260,"neow_bonus":"THREE_RARE_CARDS","is_prod":false,"is_daily":false,"chose_seed":false,"campfire_upgraded":3,"win_rate":0,"timestamp":1549193978,"path_taken":["M","?","?","$","?","R","?","M","T","$","R","M","M","E","R","BOSS","M","?","?","?","?","R","M","E"],"build_version":"2019-01-17v2","purchased_purges":1,"victory":false,"max_hp_per_floor":[71,76,76,76,76,76,76,76,76,76,76,76,76,76,76,76,76,76,76,76,76,76,76,76,76],"card_choices":[{"not_picked":["Reboot","Seek"],"picked":"Machine Learning","floor":0.0},{"not_picked":["Conserve Battery","Hello World"],"picked":"Beam Cell","floor":1.0},{"not_picked":["Beam Cell","Redo"],"picked":"Cold Snap","floor":8.0},{"not_picked":["Lockon","Leap","Fusion"],"picked":"SKIP","floor":12.0},{"not_picked":["Double Energy","Leap"],"picked":"Chill","floor":13.0},{"not_picked":["Genetic Algorithm","Beam Cell"],"picked":"Steam Power","floor":14.0},{"not_picked":["Seek","Biased Cognition"],"picked":"Core Surge","floor":16.0},{"not_picked":["Rebound","Barrage","Tempest"],"picked":"SKIP","floor":18.0},{"not_picked":["Coolheaded","Reprogram","White Noise"],"picked":"SKIP","floor":21},{"not_picked":["Scrape","Undo"],"picked":"Self Repair","floor":24}],"player_experience":1263866,"relics_obtained":[{"floor":9.0,"key":"Lantern"},{"floor":14.0,"key":"Symbiotic Virus"}],"event_choices":[{"damage_healed":0.0,"max_hp_gain":5.0,"max_hp_loss":0.0,"gold_gain":0.0,"event_name":"Big Fish","player_choice":"Donut","floor":2.0,"gold_loss":0.0,"damage_taken":0.0},{"cards_removed":["Defend_B"],"damage_healed":0.0,"max_hp_gain":0.0,"max_hp_loss":0.0,"gold_gain":0.0,"event_name":"Golden Wing","player_choice":"Card Removal","floor":3.0,"gold_loss":0.0,"damage_taken":7.0},{"damage_healed":0.0,"max_hp_gain":0.0,"max_hp_loss":0.0,"gold_gain":75.0,"event_name":"World of Goop","player_choice":"Gather Gold","floor":5.0,"gold_loss":0.0,"damage_taken":11.0},{"damage_healed":0.0,"max_hp_gain":0.0,"max_hp_loss":0.0,"gold_gain":0.0,"event_name":"Liars Game","player_choice":"Ignored","floor":7.0,"gold_loss":0.0,"damage_taken":0.0},{"damage_healed":0,"gold_gain":0,"cards_transformed":["Defend_B"],"player_choice":"Transformed","damage_taken":0,"max_hp_gain":0,"max_hp_loss":0,"event_name":"Transmorgrifier","floor":20,"gold_loss":0,"cards_obtained":["Biased Cognition"]},{"damage_healed":0,"gold_gain":50,"player_choice":"Stole From Cult","damage_taken":0,"max_hp_gain":0,"max_hp_loss":0,"event_name":"Nest","floor":22,"gold_loss":0}],"is_beta":false,"boss_relics":[{"not_picked":["Lizard Tail","Astrolabe"],"picked":"Eternal Feather"}],"items_purged_floors":[10],"is_endless":false,"potions_floor_spawned":[8,13,18,24],"killed_by":"Gremlin Leader","ascension_level":17}