{"gold_per_floor":[115,115,127,52,127,127,154,154,154,154,216,246,264,280,280,354,354,373,151,163,178,73,105,105,115,170,187,187],"floor_reached":28,"playtime":910,"items_purged":["Strike_B","Defend_B","Defend_B"],"score":546,"play_id":"b83db644-ae0b-4ac8-b053-8ed4038beb86","local_time":"20190918181245","is_ascension_mode":true,"campfire_choices":[{"data":"Zap","floor":6.0,"key":"SMITH"},{"data":"Coolheaded","floor":8.0,"key":"SMITH"},{"data":"Dualcast","floor":10.0,"key":"SMITH"},{"data":"Recycle","floor":15.0,"key":"SMITH"},{"data":"Skim","floor":24.0,"key":"SMITH"}],"neow_cost":"NONE","seed_source_timestamp":692619259659807,"circlet_count":0,"master_deck":["AscendersBane","Defend_B","Defend_B","Zap+1","Dualcast+1","Coolheaded+1","Self Repair","Buffer","Ball Lightning","Recycle+1","Skim+1","All For One","All For One+1","Consume+1","Recycle+1","White Noise","White Noise+1","Turbo","Undo","Seek"],"special_seed":0,"relics":["Cracked Core","NeowsBlessing","Blood Vial","Smiling Mask","MealTicket","TungstenRod","Astrolabe","Omamori","Ginger","Anchor"],"potions_floor_usage":[28],"damage_taken":[{"damage":0.0,"enemies":"Cultist","floor":1.0,"turns":1.0},{"damage":0.0,"enemies":"Small Slimes","floor":3.0,"turns":1.0},{"damage":0.0,"enemies":"Gremlin Nob","floor":7.0,"turns":1.0},{"damage":32.0,"enemies":"Lagavulin Event","floor":11.0,"turns":7.0},{"damage":32.0,"enemies":"3 Sentries","floor":12.0,"turns":9.0},{"damage":2.0,"enemies":"2 Louse","floor":13.0,"turns":2.0},{"damage":8.0,"enemies":"Looter","floor":14.0,"turns":3.0},{"damage":4.0,"enemies":"The Guardian","floor":16.0,"turns":12.0},{"damage":16.0,"enemies":"Shell Parasite","floor":18.0,"turns":5.0},{"damage":4.0,"enemies":"3 Byrds","floor":20.0,"turns":4.0},{"damage":23.0,"enemies":"Centurion and Healer","floor":21.0,"turns":6.0},{"damage":48.0,"enemies":"Book of Stabbing","floor":23.0,"turns":5.0},{"damage":29.0,"enemies":"Shelled Parasite and Fungi","floor":25.0,"turns":3.0},{"damage":0.0,"enemies":"Chosen and Byrds","floor":27.0,"turns":5.0},{"damage":30,"enemies":"Slavers","floor":28,"turns":3}],"seed_played":"-5154364827998182905","potions_obtained":[{"floor":7.0,"key":"DuplicationPotion"},{"floor":13.0,"key":"SteroidPotion"},{"floor":14.0,"key":"FearPotion"},{"floor":18.0,"key":"AttackPotion"},{"floor":23.0,"key":"AttackPotion"}],"is_trial":false,"path_per_floor":["M","?","M","$","?","R","E","R","T","R","?","E","M","M","R","B",null,"M","$","M","M","$","E","R","M","T","M","E"],"character_chosen":"DEFECT","items_purchased":["Omamori","Turbo"],"campfire_rested":0,"item_purchase_floors":[19,22],"current_hp_per_floor":[64,69,69,69,58,58,58,58,58,58,35,12,12,13,13,18,62,55,70,75,60,75,35,35,15,15,24,0],"gold":187,"neow_bonus":"THREE_ENEMY_KILL","is_prod":false,"is_daily":false,"chose_seed":false,"campfire_upgraded":5,"win_rate":0,"timestamp":1568801565,"path_taken":["M","?","M","$","?","R","E","R","T","R","?","E","M","M","R","BOSS","M","$","M","M","$","E","R","M","T","M","E"],"build_version":"2019-09-17","purchased_purges":3,"victory":false,"max_hp_per_floor":[71,76,76,76,76,76,76,76,76,76,76,76,76,76,76,76,76,76,76,76,76,76,76,76,76,76,76,76],"card_choices":[{"not_picked":["Go for the Eyes","Redo"],"picked":"Coolheaded","floor":1.0},{"not_picked":["Aggregate","Sweeping Beam"],"picked":"Self Repair","floor":3.0},{"not_picked":["Static Discharge","Streamline"],"picked":"Buffer","floor":7.0},{"not_picked":["Aggregate","Reinforced Body"],"picked":"Ball Lightning","floor":11.0},{"not_picked":["Barrage","Multi-Cast"],"picked":"Recycle","floor":12.0},{"not_picked":["Go for the Eyes","Stack","Storm"],"picked":"SKIP","floor":13.0},{"not_picked":["FTL","Compile Driver"],"picked":"Skim","floor":14.0},{"not_picked":["Core Surge","Amplify"],"picked":"All For One","floor":16.0},{"not_picked":["Gash","Barrage"],"picked":"White Noise","floor":18.0},{"not_picked":["Storm","Melter","Leap"],"picked":"SKIP","floor":20.0},{"not_picked":["Rebound","Tempest"],"picked":"White Noise+1","floor":21.0},{"not_picked":["Doom and Gloom","Reinforced Body","Redo"],"picked":"SKIP","floor":23.0},{"not_picked":["Double Energy","Ball Lightning"],"picked":"Undo","floor":25.0},{"not_picked":["Coolheaded","Go for the Eyes"],"picked":"Seek","floor":27.0}],"player_experience":836787,"relics_obtained":[{"floor":7.0,"key":"Blood Vial"},{"floor":9.0,"key":"Smiling Mask"},{"floor":11.0,"key":"MealTicket"},{"floor":12.0,"key":"TungstenRod"},{"floor":23.0,"key":"Ginger"},{"floor":26.0,"key":"Anchor"}],"event_choices":[{"damage_healed":0.0,"max_hp_gain":5.0,"max_hp_loss":0.0,"gold_gain":0.0,"event_name":"Big Fish","player_choice":"Donut","floor":2.0,"gold_loss":0.0,"damage_taken":0.0},{"damage_healed":0.0,"max_hp_gain":0.0,"max_hp_loss":0.0,"gold_gain":75.0,"event_name":"World of Goop","player_choice":"Gather Gold","floor":5.0,"gold_loss":0.0,"damage_taken":11.0},{"damage_healed":0.0,"max_hp_gain":0.0,"max_hp_loss":0.0,"gold_gain":0.0,"event_name":"Dead Adventurer","player_choice":"Searched \u00272\u0027 times","floor":11.0,"gold_loss":0.0,"damage_taken":0.0}],"is_beta":true,"boss_relics":[{"not_picked":["SacredBark","Runic Dome"],"picked":"Astrolabe"}],"items_purged_floors":[4,19,22],"is_endless":false,"potions_floor_spawned":[7,13,14,16,18,23],"killed_by":"Slavers","ascension_level":20}