{"gold_per_floor":[117,144,155,43,55,81,81,98,98,98,23,50,62,75,75,148,148,164,164,174,174,223,223,257,68,68,101,121,153,153,153,153,230,230,243,243,257,257,277,277,306,306,306,339,356,390,406,225,225,225,225,225,225,42,73,73],"floor_reached":57,"playtime":2252,"items_purged":["Strike_R","Dropkick","Offering"],"score":3716,"play_id":"e41b40a0-86d6-4a11-ab1c-eee426477fff","local_time":"20190419193131","is_ascension_mode":true,"campfire_choices":[{"data":"1","floor":7.0,"key":"LIFT"},{"data":"2","floor":10.0,"key":"LIFT"},{"data":"Body Slam","floor":15.0,"key":"SMITH"},{"data":"True Grit","floor":23.0,"key":"SMITH"},{"data":"Corruption","floor":30.0,"key":"SMITH"},{"data":"Feel No Pain","floor":32.0,"key":"SMITH"},{"floor":40,"key":"RECALL"},{"data":"3","floor":42,"key":"LIFT"},{"data":"Evolve","floor":49,"key":"SMITH"},{"data":"Purity","floor":53,"key":"SMITH"}],"neow_cost":"NONE","seed_source_timestamp":107747268311219,"circlet_count":0,"master_deck":["AscendersBane","Defend_R","Defend_R","Defend_R","Evolve+1","Power Through","Shockwave","Body Slam+1","True Grit+1","Feel No Pain+1","Dual Wield+1","Shrug It Off+1","Seeing Red+1","Sentinel","Corruption+1","Entrench","Second Wind","Armaments+1","Purity+1"],"special_seed":0,"relics":["Burning Blood","Potion Belt","Orichalcum","Girya","Gambling Chip","StoneCalendar","Astrolabe","MutagenicStrength","Dodecahedron","Dead Branch","Peace Pipe","Calipers","Coffee Dripper","The Courier","Bottled Tornado","Oddly Smooth Stone","Ancient Tea Set","Anchor","Centennial Puzzle"],"potions_floor_usage":[35,56,56,56,56],"damage_taken":[{"damage":6.0,"enemies":"Cultist","floor":1.0,"turns":3.0},{"damage":9.0,"enemies":"2 Louse","floor":3.0,"turns":3.0},{"damage":4.0,"enemies":"Small Slimes","floor":5.0,"turns":4.0},{"damage":26.0,"enemies":"3 Sentries","floor":6.0,"turns":15.0},{"damage":13.0,"enemies":"Exordium Wildlife","floor":8.0,"turns":8.0},{"damage":24.0,"enemies":"Gremlin Nob","floor":12.0,"turns":5.0},{"damage":4.0,"enemies":"Red Slaver","floor":13.0,"turns":3.0},{"damage":1.0,"enemies":"3 Louse","floor":14.0,"turns":5.0},{"damage":0.0,"enemies":"Slime Boss","floor":16.0,"turns":7.0},{"damage":6.0,"enemies":"Spheric Guardian","floor":18.0,"turns":1.0},{"damage":6.0,"enemies":"2 Thieves","floor":20.0,"turns":4.0},{"damage":18.0,"enemies":"Book of Stabbing","floor":24.0,"turns":4.0},{"damage":6.0,"enemies":"Gremlin Leader","floor":27.0,"turns":1.0},{"damage":6.0,"enemies":"3 Cultists","floor":28.0,"turns":2.0},{"damage":6.0,"enemies":"Book of Stabbing","floor":29.0,"turns":2.0},{"damage":6.0,"enemies":"Champ","floor":33.0,"turns":3.0},{"damage":6,"enemies":"3 Shapes","floor":35,"turns":4},{"damage":6,"enemies":"Orb Walker","floor":37,"turns":2},{"damage":6,"enemies":"Maw","floor":39,"turns":3},{"damage":0,"enemies":"Nemesis","floor":41,"turns":3},{"damage":6,"enemies":"Giant Head","floor":44,"turns":3},{"damage":6,"enemies":"3 Darklings","floor":45,"turns":1},{"damage":6,"enemies":"Nemesis","floor":46,"turns":3},{"damage":0,"enemies":"Spire Growth","floor":47,"turns":1},{"damage":0,"enemies":"Time Eater","floor":50,"turns":5},{"damage":0,"enemies":"Awakened One","floor":51,"turns":4},{"damage":0,"enemies":"Shield and Spear","floor":55,"turns":3},{"damage":0,"enemies":"The Heart","floor":56,"turns":7}],"seed_played":"-8470134682227765799","potions_obtained":[{"floor":3.0,"key":"Fire Potion"},{"floor":8.0,"key":"SpeedPotion"},{"floor":13.0,"key":"Strength Potion"},{"floor":16.0,"key":"Strength Potion"},{"floor":24.0,"key":"SmokeBomb"},{"floor":28.0,"key":"Regen Potion"},{"floor":29.0,"key":"SpeedPotion"},{"floor":35,"key":"Ancient Potion"},{"floor":41,"key":"SkillPotion"},{"floor":46,"key":"FearPotion"}],"is_trial":false,"path_per_floor":["M","T","M","$","M","E","R","M","T","R","?","E","M","M","R","B",null,"M","?","M","?","T","R","E","$","T","E","M","E","R","?","R","B",null,"M","?","M","?","M","R","E","R","T","E","M","E","M","$","R","B","B",null,"R","$","E","B",null],"character_chosen":"IRONCLAD","items_purchased":["Evolve","Corruption","Purity","Anchor","Block Potion"],"campfire_rested":0,"item_purchase_floors":[4,25,48,54,54],"current_hp_per_floor":[68,68,65,65,67,47,47,40,40,40,40,22,24,29,29,35,65,65,65,65,65,65,65,53,53,53,53,53,53,53,53,53,53,70,75,71,71,71,71,71,71,71,71,71,71,71,71,71,71,71,71,71,71,71,71,71],"gold":73,"neow_bonus":"RANDOM_COMMON_RELIC","is_prod":false,"is_daily":false,"chose_seed":true,"campfire_upgraded":6,"win_rate":0,"timestamp":1555673491,"path_taken":["M","?","M","$","M","E","R","?","T","R","?","E","M","M","R","BOSS","M","?","?","?","?","R","E","$","T","E","?","E","R","?","R","BOSS","M","?","M","?","M","R","E","R","T","E","?","E","M","$","R","BOSS","BOSS","R","$","E","BOSS"],"build_version":"2019-04-04","purchased_purges":3,"victory":true,"max_hp_per_floor":[75,75,75,75,75,75,75,75,75,75,75,75,75,75,75,75,75,75,75,75,75,75,75,75,75,75,75,75,75,75,75,75,75,75,75,71,71,71,71,71,71,71,71,71,71,71,71,71,71,71,71,71,71,71,71,71],"card_choices":[{"not_picked":["Wild Strike","Cleave","Ghostly Armor"],"picked":"SKIP","floor":1.0},{"not_picked":["Cleave","Sever Soul","Sword Boomerang"],"picked":"SKIP","floor":3.0},{"not_picked":["Inflame","Wild Strike"],"picked":"Power Through","floor":5.0},{"not_picked":["Pommel Strike","Double Tap"],"picked":"Shockwave","floor":6.0},{"not_picked":["Infernal Blade","Rage","Anger"],"picked":"SKIP","floor":8.0},{"not_picked":["Battle Trance","Bloodletting"],"picked":"Body Slam","floor":12.0},{"not_picked":["Pummel","Shrug It Off"],"picked":"True Grit","floor":13.0},{"not_picked":["Clothesline","Wild Strike"],"picked":"Feel No Pain","floor":14.0},{"not_picked":["Feed","Dark Embrace"],"picked":"Offering","floor":16.0},{"not_picked":["Hemokinesis","Fire Breathing","Pommel Strike"],"picked":"SKIP","floor":18.0},{"not_picked":["Cleave","Inflame","Havoc"],"picked":"SKIP","floor":20.0},{"not_picked":["Blood for Blood","Iron Wave+1"],"picked":"Sentinel","floor":24.0},{"not_picked":["Sentinel","Pommel Strike+1","Thunderclap+1"],"picked":"SKIP","floor":27.0},{"not_picked":["Sword Boomerang","Feel No Pain","Wild Strike+1"],"picked":"SKIP","floor":28.0},{"not_picked":["Clash","Thunderclap","Anger"],"picked":"SKIP","floor":29.0},{"not_picked":["Havoc","Dual Wield"],"picked":"Entrench","floor":35},{"not_picked":["Anger","Wild Strike","Spot Weakness"],"picked":"SKIP","floor":37},{"not_picked":["Iron Wave","Anger+1"],"picked":"Second Wind","floor":39},{"not_picked":["Dual Wield","Cleave","True Grit"],"picked":"SKIP","floor":41},{"not_picked":["Dual Wield","Warcry","Body Slam"],"picked":"SKIP","floor":44},{"not_picked":["Flex+1","Evolve+1","Shrug It Off"],"picked":"SKIP","floor":45},{"not_picked":["Rampage","Rupture","Shrug It Off"],"picked":"SKIP","floor":46},{"not_picked":["Twin Strike+1","Clash"],"picked":"Armaments+1","floor":47},{"not_picked":["Corruption","Anger","Whirlwind"],"picked":"SKIP","floor":55}],"player_experience":3032620,"relics_obtained":[{"floor":2.0,"key":"Orichalcum"},{"floor":6.0,"key":"Girya"},{"floor":9.0,"key":"Gambling Chip"},{"floor":12.0,"key":"StoneCalendar"},{"floor":24.0,"key":"Dodecahedron"},{"floor":26.0,"key":"Dead Branch"},{"floor":27.0,"key":"Peace Pipe"},{"floor":29.0,"key":"Calipers"},{"floor":41,"key":"The Courier"},{"floor":43,"key":"Bottled Tornado"},{"floor":44,"key":"Oddly Smooth Stone"},{"floor":46,"key":"Ancient Tea Set"},{"floor":55,"key":"Centennial Puzzle"}],"event_choices":[{"cards_removed":["Strike_R"],"damage_healed":0.0,"max_hp_gain":0.0,"max_hp_loss":0.0,"gold_gain":0.0,"event_name":"The Cleric","player_choice":"Card Removal","floor":11.0,"gold_loss":75.0,"damage_taken":0.0},{"damage_healed":0.0,"max_hp_gain":0.0,"max_hp_loss":0.0,"gold_gain":0.0,"cards_transformed":["Bash"],"event_name":"Transmorgrifier","player_choice":"Transformed","floor":19.0,"gold_loss":0.0,"damage_taken":0.0,"cards_obtained":["Dropkick"]},{"damage_healed":0.0,"max_hp_gain":0.0,"max_hp_loss":0.0,"gold_gain":0.0,"event_name":"Drug Dealer","player_choice":"Inject Mutagens","floor":21.0,"gold_loss":0.0,"damage_taken":0.0,"relics_obtained":["MutagenicStrength"]},{"cards_removed":["Defend_R"],"damage_healed":0.0,"max_hp_gain":0.0,"max_hp_loss":0.0,"gold_gain":0.0,"event_name":"Back to Basics","player_choice":"Elegance","floor":31.0,"gold_loss":0.0,"damage_taken":0.0},{"damage_healed":0,"gold_gain":0,"player_choice":"Max HP","damage_taken":0,"max_hp_gain":0,"max_hp_loss":4,"event_name":"Winding Halls","floor":36,"gold_loss":0},{"damage_healed":0,"gold_gain":0,"player_choice":"Ignored","damage_taken":0,"max_hp_gain":0,"max_hp_loss":0,"event_name":"SecretPortal","floor":38,"gold_loss":0}],"is_beta":true,"boss_relics":[{"not_picked":["Sozu","Fusion Hammer"],"picked":"Astrolabe"},{"not_picked":["Orrery","Calling Bell"],"picked":"Coffee Dripper"}],"items_purged_floors":[4,25,48],"is_endless":false,"potions_floor_spawned":[3,8,13,16,24,28,29,35,41,46,47],"ascension_level":20}