{"gold_per_floor":[217,68,88,101,116,116,130,130,130,130,142,177,177,203,203,203],"floor_reached":16,"playtime":948,"items_purged":[],"score":112,"play_id":"80365fe7-c0d2-435a-b7a9-2a01c28b038a","local_time":"20190910210438","is_ascension_mode":false,"campfire_choices":[{"data":"Whirlwind","floor":6,"key":"SMITH"},{"data":"Seeing Red","floor":8,"key":"SMITH"},{"data":"Anger","floor":10,"key":"SMITH"},{"floor":15,"key":"REST"}],"neow_cost":"NONE","seed_source_timestamp":1041070931055264,"circlet_count":0,"master_deck":["Strike_R","Strike_R","Strike_R","Strike_R","Defend_R","Defend_R","Defend_R","Defend_R","Bash","Seeing Red+1","Inflame","Flex","Searing Blow","Whirlwind+1","Anger+1","Thunderclap","Pommel Strike","Spot Weakness","Ghostly Armor","Seeing Red"],"relics":["Burning Blood","Bottled Lightning","Juzu Bracelet","Prayer Wheel"],"potions_floor_usage":[12,12,14],"damage_taken":[{"damage":6,"enemies":"Jaw Worm","floor":1,"turns":5},{"damage":10,"enemies":"Cultist","floor":3,"turns":4},{"damage":2,"enemies":"2 Louse","floor":4,"turns":2},{"damage":4,"enemies":"Gremlin Gang","floor":5,"turns":3},{"damage":13,"enemies":"Red Slaver","floor":7,"turns":2},{"damage":13,"enemies":"Lots of Slimes","floor":11,"turns":3},{"damage":21,"enemies":"Lagavulin","floor":12,"turns":5},{"damage":17,"enemies":"3 Sentries","floor":14,"turns":4},{"damage":67,"enemies":"Slime Boss","floor":16,"turns":9}],"seed_played":"-5144867228792214016","potions_obtained":[{"floor":4,"key":"Explosive Potion"},{"floor":5,"key":"LiquidBronze"},{"floor":12,"key":"Weak Potion"}],"is_trial":false,"path_per_floor":["M","$","M","M","M","R","M","R","T","R","M","E","?","E","R","B"],"character_chosen":"IRONCLAD","items_purchased":["Inflame","Flex","Searing Blow"],"campfire_rested":1,"item_purchase_floors":[2,2,2],"current_hp_per_floor":[80,80,76,80,80,80,73,73,73,73,66,51,51,40,64,0],"gold":203,"neow_bonus":"HUNDRED_GOLD","is_prod":false,"is_daily":false,"chose_seed":false,"campfire_upgraded":3,"win_rate":0.0,"timestamp":1568174678,"path_taken":["M","$","M","M","M","R","M","R","T","R","M","E","?","E","R","BOSS"],"build_version":"2019-07-17","purchased_purges":0,"victory":false,"max_hp_per_floor":[80,80,80,80,80,80,80,80,80,80,80,80,80,80,80,80],"card_choices":[{"not_picked":["Iron Wave","Havoc"],"picked":"Seeing Red","floor":1},{"not_picked":["Sword Boomerang","Evolve"],"picked":"Whirlwind","floor":3},{"not_picked":["Wild Strike","Cleave"],"picked":"Anger","floor":4},{"not_picked":["Dropkick","Twin Strike"],"picked":"Thunderclap","floor":5},{"not_picked":["Carnage","Power Through"],"picked":"Pommel Strike","floor":7},{"not_picked":["Havoc","Heavy Blade"],"picked":"Spot Weakness","floor":11},{"not_picked":["Warcry","Berserk"],"picked":"Ghostly Armor","floor":12},{"not_picked":["Twin Strike","True Grit"],"picked":"Seeing Red","floor":14}],"player_experience":521752,"relics_obtained":[{"floor":9,"key":"Bottled Lightning"},{"floor":12,"key":"Juzu Bracelet"},{"floor":14,"key":"Prayer Wheel"}],"event_choices":[{"cards_removed":["Strike_R"],"damage_healed":0,"gold_gain":0,"player_choice":"Offered Basic","damage_taken":0,"max_hp_gain":0,"max_hp_loss":0,"event_name":"Bonfire Elementals","floor":13,"gold_loss":0}],"is_beta":false,"boss_relics":[],"items_purged_floors":[],"is_endless":false,"potions_floor_spawned":[4,5,12],"killed_by":"Slime Boss","ascension_level":0}