{"gold_per_floor":[212,224,236,6,106,137,137,35,104,104,118,129,48,61,61,159,159,173,185,185,11,30,30,55,55,55,55,71,71,71,71,71,168,168,184,184,164,181,26,61,61,61],"floor_reached":42,"playtime":5701,"items_purged":[],"score":469,"play_id":"5838ee24-58d8-4b86-ad46-d2413a1c92ea","local_time":"20190120114531","is_ascension_mode":false,"campfire_choices":[{"floor":7,"key":"REST"},{"data":"Quick Slash","floor":10,"key":"SMITH"},{"floor":15,"key":"REST"},{"floor":23,"key":"REST"},{"floor":25,"key":"REST"},{"data":"Dodge and Roll","floor":27,"key":"SMITH"},{"floor":32,"key":"REST"},{"floor":41,"key":"REST"}],"neow_cost":"NONE","seed_source_timestamp":324954271865473,"circlet_count":0,"master_deck":["Defend_G+1","Defend_G+1","Defend_G+1","Defend_G+1","Defend_G+1","Strike_G+1","Strike_G+1","Strike_G+1","Strike_G+1","Strike_G+1","Survivor","Neutralize+1","Sucker Punch","Dash","Acrobatics","Noxious Fumes","Quick Slash+1","Dodge and Roll+1","Infinite Blades","Deadly Poison","Escape Plan","Crippling Poison","Corpse Explosion","Dagger Spray","Deadly Poison+1","Dash","Cloak And Dagger","Enlightenment","Footwork","Crippling Poison","Well Laid Plans+1","A Thousand Cuts","Crippling Poison","Dodge and Roll","Bouncing Flask+1","Caltrops","Dash","Predator","Cloak And Dagger+1","Dagger Spray"],"relics":["Ring of the Serpent","Oddly Smooth Stone","Whetstone","Matryoshka","The Specimen","Happy Flower","Pen Nib","Orrery","Omamori","Ninja Scroll","Lantern","Dream Catcher"],"potions_floor_usage":[14,16,16,24,33,40,40,40],"damage_taken":[{"damage":3,"enemies":"2 Louse","floor":1,"turns":5},{"damage":1,"enemies":"Cultist","floor":2,"turns":5},{"damage":0,"enemies":"Jaw Worm","floor":3,"turns":3},{"damage":26,"enemies":"3 Sentries","floor":6,"turns":9},{"damage":0,"enemies":"2 Fungi Beasts","floor":11,"turns":4},{"damage":0,"enemies":"Blue Slaver","floor":12,"turns":3},{"damage":0,"enemies":"Large Slime","floor":14,"turns":8},{"damage":19,"enemies":"Hexaghost","floor":16,"turns":10},{"damage":0,"enemies":"Shell Parasite","floor":18,"turns":8},{"damage":9,"enemies":"2 Thieves","floor":19,"turns":4},{"damage":19,"enemies":"Snecko","floor":22,"turns":6},{"damage":21,"enemies":"Book of Stabbing","floor":24,"turns":8},{"damage":19,"enemies":"Snake Plant","floor":28,"turns":4},{"damage":18,"enemies":"Champ","floor":33,"turns":14},{"damage":2,"enemies":"Orb Walker","floor":35,"turns":5},{"damage":0,"enemies":"3 Shapes","floor":38,"turns":1},{"damage":43,"enemies":"Reptomancer","floor":40,"turns":10},{"damage":58,"enemies":"Nemesis","floor":42,"turns":6}],"seed_played":"2139196708308353679","potions_obtained":[{"floor":1,"key":"Fire Potion"},{"floor":6,"key":"EssenceOfSteel"},{"floor":18,"key":"Explosive Potion"},{"floor":22,"key":"Swift Potion"},{"floor":24,"key":"SkillPotion"},{"floor":28,"key":"GamblersBrew"},{"floor":35,"key":"Energy Potion"},{"floor":37,"key":"Block Potion"}],"is_trial":false,"path_per_floor":["M","M","M","$","?","E","R","$","T","R","M","M","$","M","R","B",null,"M","M","?","$","M","R","E","R","T","R","M","?","?","?","R","B",null,"M","T","?","M","$","E","R","E"],"character_chosen":"THE_SILENT","items_purchased":["Oddly Smooth Stone","Noxious Fumes","Dodge and Roll","Poison Potion","Escape Plan","Dash","Cloak And Dagger","Enlightenment","Lantern"],"campfire_rested":6,"item_purchase_floors":[4,4,8,8,13,21,21,21,39],"current_hp_per_floor":[67,66,66,66,66,40,61,61,61,61,61,61,61,61,70,51,70,70,61,61,61,42,63,42,63,63,63,44,44,44,37,58,40,70,68,68,68,68,68,25,46,0],"gold":61,"neow_bonus":"HUNDRED_GOLD","is_prod":false,"is_daily":false,"chose_seed":false,"campfire_upgraded":2,"win_rate":0,"timestamp":1548013531,"path_taken":["M","M","M","$","?","E","R","$","T","R","M","M","$","?","R","BOSS","M","M","?","$","M","R","E","R","T","R","M","?","?","?","R","BOSS","M","?","?","M","$","E","R","E"],"build_version":"2019-01-17v2","purchased_purges":0,"victory":false,"max_hp_per_floor":[70,70,70,70,70,70,70,70,70,70,70,70,70,70,70,70,70,70,70,70,70,70,70,70,70,70,70,70,70,70,70,70,70,70,70,70,70,70,70,70,70,70],"card_choices":[{"not_picked":["Bane","Underhanded Strike"],"picked":"Sucker Punch","floor":1},{"not_picked":["Bane","Accuracy"],"picked":"Dash","floor":2},{"not_picked":["Deflect","Dagger Throw"],"picked":"Acrobatics","floor":3},{"not_picked":["Masterful Stab","Blade Dance"],"picked":"Quick Slash","floor":6},{"not_picked":["Underhanded Strike","Dodge and Roll"],"picked":"Infinite Blades","floor":11},{"not_picked":["Glass Knife","Dagger Throw"],"picked":"Deadly Poison","floor":12},{"not_picked":["Dodge and Roll","Calculated Gamble"],"picked":"Crippling Poison","floor":14},{"not_picked":["Wraith Form v2","Venomology"],"picked":"Corpse Explosion","floor":16},{"not_picked":["Prepared","Slice"],"picked":"Dagger Spray","floor":18},{"not_picked":["Eviscerate","Escape Plan"],"picked":"Deadly Poison+1","floor":19},{"not_picked":["Acrobatics","Poisoned Stab"],"picked":"Footwork","floor":22},{"not_picked":["Quick Slash","Outmaneuver"],"picked":"Crippling Poison","floor":24},{"not_picked":["Setup+1","Tactician"],"picked":"Well Laid Plans+1","floor":28},{"not_picked":["Unload","Grand Finale"],"picked":"A Thousand Cuts","floor":33},{"not_picked":["Reflex","Cloak And Dagger"],"picked":"Crippling Poison","floor":34},{"not_picked":["Underhanded Strike","Slice"],"picked":"Dodge and Roll","floor":34},{"not_picked":["Calculated Gamble","Dagger Spray"],"picked":"Bouncing Flask+1","floor":34},{"not_picked":["Choke","Escape Plan"],"picked":"Caltrops","floor":34},{"not_picked":["Reflex","Noxious Fumes+1"],"picked":"Dash","floor":34},{"not_picked":["Quick Slash+1","Riddle With Holes"],"picked":"Predator","floor":35},{"not_picked":["PiercingWail","Deadly Poison+1"],"picked":"Cloak And Dagger+1","floor":38},{"not_picked":["Bane+1","Flechettes"],"picked":"Dagger Spray","floor":40}],"player_experience":241970,"relics_obtained":[{"floor":6,"key":"Whetstone"},{"floor":9,"key":"Matryoshka"},{"floor":24,"key":"The Specimen"},{"floor":26,"key":"Happy Flower"},{"floor":26,"key":"Pen Nib"},{"floor":36,"key":"Omamori"},{"floor":36,"key":"Ninja Scroll"},{"floor":40,"key":"Dream Catcher"}],"event_choices":[{"damage_healed":0,"gold_gain":100,"player_choice":"Pray","damage_taken":0,"max_hp_gain":0,"max_hp_loss":0,"event_name":"Golden Shrine","floor":5,"gold_loss":0},{"damage_healed":0,"gold_gain":0,"player_choice":"Ignored","damage_taken":0,"max_hp_gain":0,"max_hp_loss":0,"event_name":"Vampires","floor":20,"gold_loss":0},{"damage_healed":0,"gold_gain":0,"player_choice":"Ignored","damage_taken":0,"max_hp_gain":0,"max_hp_loss":0,"event_name":"The Mausoleum","floor":29,"gold_loss":0},{"damage_healed":0,"gold_gain":0,"player_choice":"Simplicity","damage_taken":0,"max_hp_gain":0,"max_hp_loss":0,"event_name":"Back to Basics","floor":30,"gold_loss":0,"cards_upgraded":["Defend_G","Defend_G","Defend_G","Defend_G","Defend_G","Strike_G","Strike_G","Strike_G","Strike_G"]},{"damage_healed":0,"gold_gain":0,"player_choice":"","damage_taken":7,"max_hp_gain":0,"max_hp_loss":0,"event_name":"Knowing Skull","floor":31,"potions_obtained":[],"gold_loss":0,"cards_obtained":[]},{"damage_healed":0,"gold_gain":0,"player_choice":"Bought 1 Potion","damage_taken":0,"max_hp_gain":0,"max_hp_loss":0,"event_name":"The Woman in Blue","floor":37,"gold_loss":0}],"is_beta":false,"boss_relics":[{"not_picked":["Empty Cage","White Beast Statue"],"picked":"Ring of the Serpent"},{"not_picked":["Busted Crown","Lizard Tail"],"picked":"Orrery"}],"items_purged_floors":[],"is_endless":false,"potions_floor_spawned":[1,6,11,18,22,24,28,35,38],"killed_by":"Nemesis","ascension_level":0}