{"path_per_floor":["M","M","M","$","?","E","?","R","T","M","E","M","$","M","R"],"character_chosen":"DEFECT","items_purchased":["Glacier","Loop"],"gold_per_floor":[115,131,151,151,151,183,163,163,217,227,261,271,43,58,58,58],"floor_reached":16,"campfire_rested":0,"playtime":718,"item_purchase_floors":[13,13],"current_hp_per_floor":[60,59,50,50,50,43,43,43,43,42,20,27,27,33,33,0],"items_purged":["Strike_B"],"gold":58,"score":196,"play_id":"556fafef-eb8a-42a8-befa-373dd85c44b0","local_time":"20180610171438","is_prod":false,"is_daily":false,"chose_seed":false,"is_ascension_mode":true,"campfire_upgraded":2,"win_rate":0,"timestamp":1528643678,"campfire_choices":[{"data":"Dualcast","floor":8,"key":"SMITH"},{"data":"Loop","floor":15,"key":"SMITH"}],"path_taken":["M","M","M","$","?","E","?","R","T","M","E","M","$","M","R","BOSS"],"build_version":"2018-06-07v3","seed_source_timestamp":67054470076328,"purchased_purges":1,"victory":false,"master_deck":["Strike_B","Strike_B","Strike_B","Defend_B","Defend_B","Defend_B","Defend_B","Zap+1","Dualcast+1","AscendersBane","Sweeping Beam","Self Repair","Leap","Core Surge","Auto Shields","Glacier","Loop+1","Coolheaded"],"max_hp_per_floor":[64,64,64,64,64,71,71,71,71,71,71,71,71,71,71,71],"relics":["Cracked Core","Turnip","Strawberry","Anchor","Blue Candle"],"card_choices":[{"not_picked":["Rip and Tear","Gash"],"picked":"Sweeping Beam","floor":1.0},{"not_picked":["Beam Cell","Steam","Melter"],"picked":"SKIP","floor":2.0},{"not_picked":["Stack","Gash"],"picked":"Self Repair","floor":3.0},{"not_picked":["Redo","Rebound"],"picked":"Leap","floor":6},{"not_picked":["Gash","Stack","Scrape"],"picked":"SKIP","floor":10},{"not_picked":["Beam Cell","Doom and Gloom"],"picked":"Core Surge","floor":11},{"not_picked":["Go for the Eyes","Chaos"],"picked":"Auto Shields","floor":12},{"not_picked":["Hologram","Leap"],"picked":"Coolheaded","floor":14}],"player_experience":861632,"potions_floor_usage":[6,16,16],"damage_taken":[{"damage":4.0,"enemies":"Small Slimes","floor":1.0,"turns":3.0},{"damage":1.0,"enemies":"Cultist","floor":2.0,"turns":3.0},{"damage":9.0,"enemies":"Jaw Worm","floor":3.0,"turns":3.0},{"damage":21,"enemies":"3 Sentries","floor":6,"turns":6},{"damage":8,"enemies":"Blue Slaver","floor":10,"turns":4},{"damage":29,"enemies":"Lagavulin","floor":11,"turns":7},{"damage":0,"enemies":"Red Slaver","floor":12,"turns":3},{"damage":1,"enemies":"Looter","floor":14,"turns":3},{"damage":51,"enemies":"Hexaghost","floor":16,"turns":16}],"relics_obtained":[{"floor":6,"key":"Strawberry"},{"floor":9,"key":"Anchor"},{"floor":11,"key":"Blue Candle"}],"event_choices":[{"event_name":"Accursed Blacksmith","player_choice":"Forge","floor":5.0,"damage_taken":0.0},{"event_name":"The Woman in Blue","player_choice":"Bought 1 Potion","floor":7,"damage_taken":0}],"boss_relics":[],"items_purged_floors":[13],"potions_floor_spawned":[3,11,12,14],"seed_played":"8309790353134965296","killed_by":"Hexaghost","ascension_level":15,"potions_obtained":[{"floor":3.0,"key":"FocusPotion"},{"floor":7,"key":"Block Potion"},{"floor":11,"key":"Ancient Potion"},{"floor":12,"key":"Regen Potion"}],"is_trial":false}