{"gold_per_floor":[360,374,374,108,128,128,154,171,171,171,171,171,171,141,141,245,245,210,210,210,210],"floor_reached":21,"playtime":2773,"items_purged":[],"score":175,"play_id":"6dcdc779-7859-4d93-be4f-80002309ffc3","local_time":"20190112142002","is_ascension_mode":false,"campfire_choices":[{"data":"Deadly Poison","floor":6,"key":"SMITH"},{"floor":10,"key":"REST"},{"floor":15,"key":"REST"}],"neow_cost":"TEN_PERCENT_HP_LOSS","seed_source_timestamp":4027890499021,"circlet_count":0,"master_deck":["Defend_G","Defend_G","Defend_G","Defend_G","Strike_G","Strike_G","Strike_G","Survivor","Neutralize","Backflip","Outmaneuver","Glass Knife","Noxious Fumes","Backflip","Deadly Poison+1","All Out Attack","Noxious Fumes","Malaise","Deadly Poison+1","Dodge and Roll"],"relics":["Ring of the Snake","Bronze Scales","Singing Bowl","Sundial","White Beast Statue"],"potions_floor_usage":[16,16,19,21],"damage_taken":[{"damage":5,"enemies":"Small Slimes","floor":1,"turns":5},{"damage":0,"enemies":"2 Louse","floor":2,"turns":3},{"damage":0,"enemies":"Cultist","floor":5,"turns":3},{"damage":27,"enemies":"Lagavulin","floor":7,"turns":6},{"damage":7,"enemies":"Blue Slaver","floor":8,"turns":3},{"damage":0,"enemies":"Looter","floor":14,"turns":4},{"damage":25,"enemies":"Slime Boss","floor":16,"turns":9},{"damage":38,"enemies":"2 Thieves","floor":18,"turns":5},{"damage":25,"enemies":"Colosseum Slavers","floor":19,"turns":5},{"damage":8,"enemies":"3 Byrds","floor":21,"turns":2}],"seed_played":"4732963095940013138","potions_obtained":[{"floor":2,"key":"SneckoOil"},{"floor":7,"key":"Explosive Potion"},{"floor":8,"key":"SkillPotion"},{"floor":18,"key":"Block Potion"}],"is_trial":false,"path_per_floor":["M","M","?","$","M","R","E","M","T","R","?","?","?","M","R","B",null,"M","?","?","M"],"character_chosen":"THE_SILENT","items_purchased":["Bronze Scales","Noxious Fumes","Backflip"],"campfire_rested":2,"item_purchase_floors":[4,4,4],"current_hp_per_floor":[58,58,58,58,58,58,33,26,26,45,42,42,42,42,61,36,65,27,2,2,0],"gold":210,"neow_bonus":"TWO_FIFTY_GOLD","is_prod":false,"is_daily":false,"chose_seed":false,"campfire_upgraded":1,"win_rate":0.0,"timestamp":1547331602,"path_taken":["M","M","?","$","M","R","E","M","T","R","?","?","?","?","R","BOSS","M","?","?","?"],"build_version":"2019-01-10","purchased_purges":0,"victory":false,"max_hp_per_floor":[63,63,63,63,63,63,65,65,65,65,65,65,65,65,65,65,65,65,65,65,65],"card_choices":[{"not_picked":["Prepared","Finisher"],"picked":"Backflip","floor":1},{"not_picked":["Masterful Stab","Underhanded Strike"],"picked":"Outmaneuver","floor":2},{"not_picked":["Deflect","Distraction"],"picked":"Deadly Poison","floor":5},{"not_picked":["Blade Dance","Bane","Well Laid Plans"],"picked":"Singing Bowl","floor":7},{"not_picked":["Flying Knee","Flechettes"],"picked":"All Out Attack","floor":8},{"not_picked":["Reflex","Deadly Poison"],"picked":"Noxious Fumes","floor":14},{"not_picked":["Envenom","Burst"],"picked":"Malaise","floor":16},{"not_picked":["Flying Knee","Slice"],"picked":"Deadly Poison+1","floor":18}],"player_experience":145215,"relics_obtained":[{"floor":7,"key":"Singing Bowl"},{"floor":9,"key":"Sundial"}],"event_choices":[{"damage_healed":0,"gold_gain":0,"cards_transformed":["Strike_G"],"player_choice":"Change","damage_taken":0,"max_hp_gain":0,"max_hp_loss":0,"event_name":"Living Wall","floor":3,"gold_loss":0,"cards_obtained":["Glass Knife"]},{"damage_healed":0,"gold_gain":0,"player_choice":"Fled","damage_taken":3,"max_hp_gain":0,"max_hp_loss":0,"event_name":"Scrap Ooze","floor":11,"gold_loss":0},{"damage_healed":0,"gold_gain":0,"player_choice":"Searched \u00270\u0027 times","damage_taken":0,"max_hp_gain":0,"max_hp_loss":0,"event_name":"Dead Adventurer","floor":12,"gold_loss":0},{"cards_removed":["Strike_G"],"damage_healed":0,"gold_gain":0,"player_choice":"Purged","damage_taken":0,"max_hp_gain":0,"max_hp_loss":0,"event_name":"Purifier","floor":13,"gold_loss":0},{"damage_healed":0,"gold_gain":0,"player_choice":"Fight","damage_taken":0,"max_hp_gain":0,"max_hp_loss":0,"event_name":"Colosseum","floor":19,"gold_loss":0},{"damage_healed":0,"gold_gain":0,"player_choice":"Fled From Nobs","damage_taken":0,"max_hp_gain":0,"max_hp_loss":0,"event_name":"Colosseum","floor":19,"gold_loss":0},{"damage_healed":0,"gold_gain":0,"cards_transformed":["Defend_G"],"player_choice":"Transformed","damage_taken":0,"max_hp_gain":0,"max_hp_loss":0,"event_name":"Transmorgrifier","floor":20,"gold_loss":0,"cards_obtained":["Dodge and Roll"]}],"is_beta":false,"boss_relics":[{"not_picked":["Runic Dome","Runic Pyramid"],"picked":"White Beast Statue"}],"items_purged_floors":[],"is_endless":false,"potions_floor_spawned":[2,7,8,18,19],"killed_by":"3 Byrds","ascension_level":0}