{"gold_per_floor":[218,59,73,73,14,33,53,53,105,117,132,32,32,59,59,136,136,149,74,124,144,19,19,19],"floor_reached":24,"playtime":784,"items_purged":["Strike_R","Strike_R","Strike_R"],"score":442,"play_id":"3a030a43-3f6a-40c5-bb10-63b5fea25949","local_time":"20190919235104","is_ascension_mode":true,"campfire_choices":[{"data":"Armaments","floor":8,"key":"SMITH"},{"data":"Fire Breathing","floor":13,"key":"SMITH"},{"data":"True Grit","floor":15,"key":"SMITH"},{"data":"Barricade","floor":23,"key":"SMITH"}],"neow_cost":"NONE","seed_source_timestamp":799531353805085,"circlet_count":0,"master_deck":["AscendersBane","Defend_R","Defend_R","Defend_R","Defend_R","Bash","Armaments+1","Power Through","Shrug It Off","True Grit+1","Seeing Red","Fire Breathing+1","Barricade+1","Pommel Strike"],"relics":["Burning Blood","MealTicket","Oddly Smooth Stone","Coffee Dripper"],"potions_floor_usage":[10,14,16,18],"damage_taken":[{"damage":4,"enemies":"Jaw Worm","floor":1,"turns":4},{"damage":6,"enemies":"2 Louse","floor":3,"turns":4},{"damage":1,"enemies":"Small Slimes","floor":6,"turns":8},{"damage":15,"enemies":"Exordium Wildlife","floor":7,"turns":11},{"damage":5,"enemies":"3 Louse","floor":10,"turns":6},{"damage":3,"enemies":"Large Slime","floor":11,"turns":9},{"damage":0,"enemies":"3 Sentries","floor":14,"turns":3},{"damage":15,"enemies":"The Guardian","floor":16,"turns":15},{"damage":6,"enemies":"Spheric Guardian","floor":18,"turns":13},{"damage":2,"enemies":"Chosen","floor":21,"turns":5},{"damage":75,"enemies":"Book of Stabbing","floor":24,"turns":8}],"seed_played":"4557047765721028292","potions_obtained":[{"floor":1,"key":"Energy Potion"},{"floor":3,"key":"Swift Potion"},{"floor":11,"key":"Dexterity Potion"},{"floor":14,"key":"SpeedPotion"}],"is_trial":false,"path_per_floor":["M","$","M","?","$","M","M","R","T","M","M","$","R","E","R","B",null,"M","?","?","M","$","R","E"],"character_chosen":"IRONCLAD","items_purchased":["Power Through","True Grit"],"campfire_rested":0,"item_purchase_floors":[2,5],"current_hp_per_floor":[70,70,70,63,63,68,59,59,59,60,63,75,75,75,75,66,73,73,73,73,75,75,75,0],"gold":19,"neow_bonus":"HUNDRED_GOLD","is_prod":false,"is_daily":false,"chose_seed":false,"campfire_upgraded":4,"win_rate":0,"timestamp":1568908264,"path_taken":["M","$","M","?","$","M","M","R","T","M","M","$","R","E","R","BOSS","M","?","?","M","$","R","E"],"build_version":"2019-09-18","purchased_purges":3,"victory":false,"max_hp_per_floor":[75,75,75,75,75,75,75,75,75,75,75,75,75,75,75,75,75,75,75,75,75,75,75,75],"card_choices":[{"not_picked":["Blood for Blood","Warcry"],"picked":"Armaments","floor":1},{"not_picked":["Warcry","Iron Wave"],"picked":"Shrug It Off","floor":3},{"not_picked":["Rupture","Wild Strike","Heavy Blade"],"picked":"SKIP","floor":6},{"not_picked":["Flex","Wild Strike","Headbutt"],"picked":"SKIP","floor":7},{"not_picked":["Berserk","Pommel Strike"],"picked":"Seeing Red","floor":10},{"not_picked":["Pommel Strike","Power Through"],"picked":"Fire Breathing","floor":11},{"not_picked":["Iron Wave","Twin Strike","Warcry"],"picked":"SKIP","floor":14},{"not_picked":["Demon Form","Juggernaut"],"picked":"Barricade","floor":16},{"not_picked":["Headbutt","Blood for Blood","Combust"],"picked":"SKIP","floor":18},{"not_picked":["Headbutt","Sentinel+1"],"picked":"Pommel Strike","floor":21}],"player_experience":871738,"relics_obtained":[{"floor":9,"key":"MealTicket"},{"floor":14,"key":"Oddly Smooth Stone"}],"event_choices":[{"cards_removed":["Strike_R"],"damage_healed":0,"gold_gain":0,"player_choice":"Card Removal","damage_taken":7,"max_hp_gain":0,"max_hp_loss":0,"event_name":"Golden Wing","floor":4,"gold_loss":0},{"cards_removed":["Strike_R"],"damage_healed":0,"gold_gain":0,"player_choice":"Gave Gold","damage_taken":0,"max_hp_gain":0,"max_hp_loss":0,"event_name":"Beggar","floor":19,"gold_loss":75},{"damage_healed":0,"gold_gain":50,"player_choice":"Stole From Cult","damage_taken":0,"max_hp_gain":0,"max_hp_loss":0,"event_name":"Nest","floor":20,"gold_loss":0}],"is_beta":true,"boss_relics":[{"not_picked":["Velvet Choker","SlaversCollar"],"picked":"Coffee Dripper"}],"items_purged_floors":[2,12,22],"is_endless":false,"potions_floor_spawned":[1,3,6,11,14],"killed_by":"Book of Stabbing","ascension_level":20}