{"gold_per_floor":[109,109,125,137,149,178,178,189,189,217,43,63,63,76,76,171,171,183,3,3,3,16,16,29,29,53,67,67,67,82,107,107,107],"floor_reached":33,"playtime":3452,"items_purged":[],"score":284,"play_id":"e2c88277-7a5e-492b-a6a4-1bd10a179538","local_time":"20190821143717","is_ascension_mode":false,"campfire_choices":[{"floor":7,"key":"REST"},{"floor":15,"key":"REST"},{"floor":23,"key":"REST"},{"floor":25,"key":"REST"},{"data":"Armaments","floor":29,"key":"SMITH"},{"floor":32,"key":"REST"}],"neow_cost":"NONE","seed_source_timestamp":56679837487259,"circlet_count":0,"master_deck":["Bash","Rage","Whirlwind","Thunderclap","Inflame","Rampage","Iron Wave","Twin Strike","Metallicize","Uppercut","Body Slam","Shrug It Off","Shrug It Off","Feed","Flame Barrier","Sword Boomerang","Hemokinesis","Anger","Barricade","Iron Wave","Dropkick","Brutality","True Grit","Shrug It Off","Armaments","Blind","Armaments+1","Flex","Cleave+1","Thunderclap+1","Cleave"],"relics":["Burning Blood","Gremlin Horn","Juzu Bracelet","Bag of Marbles","Pandora\u0027s Box","Oddly Smooth Stone","Red Mask"],"potions_floor_usage":[6,10,16,16,16,24,30,33],"damage_taken":[{"damage":5,"enemies":"Jaw Worm","floor":1,"turns":5},{"damage":10,"enemies":"Small Slimes","floor":3,"turns":5},{"damage":7,"enemies":"2 Louse","floor":4,"turns":2},{"damage":13,"enemies":"2 Fungi Beasts","floor":5,"turns":3},{"damage":34,"enemies":"3 Sentries","floor":6,"turns":9},{"damage":8,"enemies":"Blue Slaver","floor":8,"turns":4},{"damage":44,"enemies":"Gremlin Nob","floor":10,"turns":5},{"damage":7,"enemies":"Large Slime","floor":12,"turns":5},{"damage":0,"enemies":"2 Fungi Beasts","floor":14,"turns":3},{"damage":61,"enemies":"Hexaghost","floor":16,"turns":13},{"damage":9,"enemies":"3 Byrds","floor":18,"turns":5},{"damage":10,"enemies":"2 Thieves","floor":22,"turns":5},{"damage":29,"enemies":"Chosen and Byrds","floor":24,"turns":9},{"damage":10,"enemies":"Shelled Parasite and Fungi","floor":27,"turns":9},{"damage":19,"enemies":"Sentry and Sphere","floor":30,"turns":7},{"damage":30,"enemies":"Masked Bandits","floor":31,"turns":4},{"damage":101,"enemies":"Champ","floor":33,"turns":16}],"seed_played":"-6896848186588824011","potions_obtained":[{"floor":1,"key":"Strength Potion"},{"floor":3,"key":"EssenceOfSteel"},{"floor":5,"key":"BloodPotion"},{"floor":8,"key":"Energy Potion"},{"floor":14,"key":"Dexterity Potion"},{"floor":18,"key":"SteroidPotion"},{"floor":22,"key":"SpeedPotion"},{"floor":27,"key":"AttackPotion"}],"is_trial":false,"path_per_floor":["M","?","M","M","M","E","R","M","T","E","$","M","?","M","R","B",null,"M","$","?","?","M","R","M","R","T","M","?","R","M","?","R","B"],"character_chosen":"IRONCLAD","items_purchased":["Metallicize","Uppercut","Body Slam","Armaments","Blind","Block Potion"],"campfire_rested":5,"item_purchase_floors":[11,11,11,19,19,19],"current_hp_per_floor":[88,93,89,88,81,53,80,78,78,40,40,39,39,45,72,40,93,90,90,72,72,68,97,74,98,98,94,94,94,81,57,86,0],"gold":107,"neow_bonus":"TEN_PERCENT_HP_BONUS","is_prod":false,"is_daily":false,"chose_seed":false,"campfire_upgraded":1,"win_rate":0.0,"timestamp":1566423437,"path_taken":["M","?","M","M","M","E","R","M","T","E","$","M","?","M","R","BOSS","M","$","?","?","M","R","M","R","T","M","?","R","M","?","R","BOSS"],"build_version":"2019-07-17","purchased_purges":0,"victory":false,"max_hp_per_floor":[88,93,93,93,93,93,93,93,93,93,93,93,93,93,93,93,93,93,93,98,98,98,98,98,98,98,98,98,98,98,98,98,98],"card_choices":[{"not_picked":["Burning Pact","Uppercut"],"picked":"Rage","floor":1},{"not_picked":["Bloodletting","Clash"],"picked":"Whirlwind","floor":3},{"not_picked":["Clash","Spot Weakness"],"picked":"Thunderclap","floor":4},{"not_picked":["Havoc","Perfected Strike"],"picked":"Inflame","floor":5},{"not_picked":["Fiend Fire","Dual Wield"],"picked":"Rampage","floor":6},{"not_picked":["True Grit","Perfected Strike"],"picked":"Iron Wave","floor":8},{"not_picked":["Dropkick","Sword Boomerang"],"picked":"Twin Strike","floor":10},{"not_picked":["Seeing Red","Thunderclap"],"picked":"Shrug It Off","floor":12},{"not_picked":["Blood for Blood","Warcry"],"picked":"Shrug It Off","floor":14},{"not_picked":["Offering","Dark Embrace"],"picked":"Feed","floor":16},{"not_picked":["Havoc","Sword Boomerang"],"picked":"Shrug It Off","floor":18},{"not_picked":["Perfected Strike","Havoc"],"picked":"Armaments","floor":22},{"not_picked":["Sever Soul","Power Through+1"],"picked":"Flex","floor":24},{"not_picked":["Dark Embrace","Heavy Blade"],"picked":"Cleave+1","floor":27},{"not_picked":["Wild Strike","Hemokinesis+1"],"picked":"Thunderclap+1","floor":30},{"not_picked":["Armaments","Rage"],"picked":"Cleave","floor":31}],"player_experience":402305,"relics_obtained":[{"floor":6,"key":"Gremlin Horn"},{"floor":9,"key":"Juzu Bracelet"},{"floor":10,"key":"Bag of Marbles"},{"floor":26,"key":"Oddly Smooth Stone"},{"floor":31,"key":"Red Mask"}],"event_choices":[{"damage_healed":0,"gold_gain":0,"player_choice":"Donut","damage_taken":0,"max_hp_gain":5,"max_hp_loss":0,"event_name":"Big Fish","floor":2,"gold_loss":0},{"damage_healed":0,"gold_gain":0,"player_choice":"Ignored","damage_taken":0,"max_hp_gain":0,"max_hp_loss":0,"event_name":"Golden Idol","floor":13,"gold_loss":0},{"damage_healed":0,"gold_gain":0,"player_choice":"Shed Blood","damage_taken":23,"max_hp_gain":5,"max_hp_loss":0,"event_name":"Forgotten Altar","floor":20,"gold_loss":0},{"damage_healed":0,"gold_gain":0,"player_choice":"Ignored","damage_taken":0,"max_hp_gain":0,"max_hp_loss":0,"event_name":"The Mausoleum","floor":21,"gold_loss":0},{"damage_healed":0,"gold_gain":0,"player_choice":"Fought Bandits","damage_taken":0,"max_hp_gain":0,"max_hp_loss":0,"event_name":"Masked Bandits","floor":31,"gold_loss":0}],"is_beta":false,"boss_relics":[{"not_picked":["Runic Cube","Philosopher\u0027s Stone"],"picked":"Pandora\u0027s Box"}],"items_purged_floors":[],"is_endless":false,"potions_floor_spawned":[1,3,5,8,14,18,22,27],"killed_by":"Champ","ascension_level":0}