{"path_per_floor":["M","?","?","$","M","R","?","E","T","?","M","M","M","$","R","B",null,"M","$","?","M","M","R"],"character_chosen":"DEFECT","items_purchased":["Chill"],"gold_per_floor":[110,110,110,35,54,54,54,85,111,111,122,135,148,77,77,151,151,163,63,63,51,63,63,63],"floor_reached":24,"campfire_rested":0,"playtime":849,"item_purchase_floors":[14],"current_hp_per_floor":[65,65,58,58,55,55,55,46,46,46,46,42,42,42,42,41,61,58,58,58,42,40,40,0],"items_purged":["Defend_B","Defend_B"],"gold":63,"score":323,"play_id":"d5eeac1a-8a83-4523-8d8f-ed3f8f5edb69","local_time":"20180610155753","is_prod":false,"is_daily":false,"chose_seed":false,"is_ascension_mode":true,"campfire_upgraded":3,"win_rate":0,"timestamp":1528639073,"campfire_choices":[{"data":"Rainbow","floor":6,"key":"SMITH"},{"data":"Dualcast","floor":15,"key":"SMITH"},{"data":"Barrage","floor":23,"key":"SMITH"}],"path_taken":["M","?","?","$","?","R","?","E","T","?","M","M","?","$","R","BOSS","M","$","?","M","M","R","E"],"build_version":"2018-06-07v3","seed_source_timestamp":62394789442273,"purchased_purges":2,"victory":false,"master_deck":["Defend_B","Defend_B","Zap+1","Dualcast+1","AscendersBane","Leap","Rainbow+1","Steam","Barrage+1","Coolheaded","Chill","Echo Form","Barrage+1","Cold Snap"],"max_hp_per_floor":[68,68,68,68,68,68,68,68,68,68,68,68,68,68,68,68,68,68,68,68,68,68,68,68],"relics":["Cracked Core","Ancient Tea Set","DataDisk","Sozu","Dodecahedron"],"card_choices":[{"not_picked":["Streamline","Turbo","Recycle"],"picked":"SKIP","floor":1},{"not_picked":["Lockon","Beam Cell"],"picked":"Barrage","floor":5},{"not_picked":["Genetic Algorithm","Redo","Reinforced Body"],"picked":"SKIP","floor":8},{"not_picked":["Reboot","Redo"],"picked":"Coolheaded","floor":11},{"not_picked":["Rebound","Hologram","Turbo"],"picked":"SKIP","floor":12},{"not_picked":["Stack","Turbo","Gash"],"picked":"SKIP","floor":13},{"not_picked":["Rainbow","Creative AI"],"picked":"Echo Form","floor":16},{"not_picked":["Hologram","Rebound","Leap"],"picked":"SKIP","floor":18},{"not_picked":["Leap","Compile Driver"],"picked":"Barrage","floor":21},{"not_picked":["Double Energy","Redo"],"picked":"Cold Snap","floor":22}],"player_experience":857501,"potions_floor_usage":[16,22,24],"damage_taken":[{"damage":3,"enemies":"Small Slimes","floor":1,"turns":4},{"damage":3,"enemies":"Cultist","floor":5,"turns":4},{"damage":9,"enemies":"3 Sentries","floor":8,"turns":7},{"damage":0,"enemies":"Jaw Worm","floor":11,"turns":3},{"damage":4,"enemies":"Blue Slaver","floor":12,"turns":3},{"damage":0,"enemies":"Large Slime","floor":13,"turns":4},{"damage":1,"enemies":"Slime Boss","floor":16,"turns":8},{"damage":3,"enemies":"Shell Parasite","floor":18,"turns":4},{"damage":16,"enemies":"2 Thieves","floor":21,"turns":4},{"damage":17,"enemies":"Cultist and Chosen","floor":22,"turns":7},{"damage":42,"enemies":"Gremlin Leader","floor":24,"turns":6}],"relics_obtained":[{"floor":8,"key":"Ancient Tea Set"},{"floor":9,"key":"DataDisk"}],"event_choices":[{"event_name":"Transmorgrifier","player_choice":"Transform","floor":2,"damage_taken":0},{"event_name":"Golden Wing","player_choice":"Card Removal","floor":3,"damage_taken":0},{"event_name":"Living Wall","player_choice":"Grow","floor":7,"damage_taken":0},{"event_name":"Accursed Blacksmith","player_choice":"Forge","floor":10,"damage_taken":0},{"event_name":"The Mausoleum","player_choice":"Yes","floor":20,"damage_taken":0}],"boss_relics":[{"not_picked":["Orrery","Snecko Eye"],"picked":"Sozu"}],"items_purged_floors":[4,19],"potions_floor_spawned":[5,11,16,22],"seed_played":"3998444674174946428","killed_by":"Gremlin Leader","ascension_level":13,"potions_obtained":[{"floor":5,"key":"Fire Potion"},{"floor":11,"key":"Regen Potion"},{"floor":16,"key":"SpeedPotion"}],"is_trial":false}