{"gold_per_floor":[112,112,130,55,55,82,82,113,194,209,228,228,243,168,168,240,240,250,1,1,1,18,18,77,77,100,100,134,134,59,77,77,151,151,164,64,64,82,94,94,128,128,128,158,158,168,93,112,112,112,112,112,112,58,91,91],"floor_reached":57,"playtime":1800,"items_purged":["Strike_R","Strike_R+1"],"score":3162,"play_id":"76ad3af8-7c06-4773-99c2-5065c30b9081","local_time":"20190917220508","is_ascension_mode":true,"campfire_choices":[{"data":"Rampage","floor":7.0,"key":"SMITH"},{"data":"Immolate","floor":15.0,"key":"SMITH"},{"data":"True Grit","floor":23.0,"key":"SMITH"},{"data":"Body Slam","floor":25.0,"key":"SMITH"},{"floor":32.0,"key":"REST"},{"data":"Shockwave","floor":40.0,"key":"SMITH"},{"floor":42.0,"key":"RECALL"},{"data":"Second Wind","floor":49,"key":"SMITH"},{"data":"Shrug It Off","floor":53,"key":"SMITH"}],"neow_cost":"NONE","seed_source_timestamp":619009464084887,"circlet_count":0,"master_deck":["AscendersBane","Defend_R","Defend_R","Defend_R","Defend_R","Bash+1","Rampage+1","Body Slam+1","Immolate+1","True Grit+1","Berserk+1","CurseOfTheBell","Evolve+1","Seeing Red+1","Shrug It Off+1","Shockwave+1","Necronomicurse","Second Wind+1","Dark Embrace+1","Dual Wield+1","Burning Pact+1","Battle Trance+1","Feel No Pain+1"],"special_seed":0,"relics":["Burning Blood","NeowsBlessing","Bronze Scales","Oddly Smooth Stone","Whetstone","Frozen Egg 2","Calling Bell","Anchor","Mercury Hourglass","FossilizedHelix","Orrery","Necronomicon","Tiny Chest","Potion Belt","Mummified Hand","Toxic Egg 2","Runic Pyramid","Incense Burner","Bottled Tornado"],"potions_floor_usage":[54,56,56,56],"damage_taken":[{"damage":0.0,"enemies":"Small Slimes","floor":1.0,"turns":1.0},{"damage":0.0,"enemies":"2 Louse","floor":3.0,"turns":1.0},{"damage":0.0,"enemies":"Lagavulin","floor":6.0,"turns":1.0},{"damage":38.0,"enemies":"3 Sentries","floor":8.0,"turns":9.0},{"damage":0.0,"enemies":"Cultist","floor":10.0,"turns":3.0},{"damage":16.0,"enemies":"Large Slime","floor":11.0,"turns":6.0},{"damage":10.0,"enemies":"Looter","floor":13.0,"turns":3.0},{"damage":27.0,"enemies":"Slime Boss","floor":16.0,"turns":8.0},{"damage":0.0,"enemies":"3 Byrds","floor":18.0,"turns":2.0},{"damage":0.0,"enemies":"2 Thieves","floor":22.0,"turns":2.0},{"damage":31.0,"enemies":"Gremlin Leader","floor":24.0,"turns":6.0},{"damage":0.0,"enemies":"Slavers","floor":28.0,"turns":1.0},{"damage":6.0,"enemies":"Snake Plant","floor":31.0,"turns":3.0},{"damage":22.0,"enemies":"Champ","floor":33.0,"turns":9.0},{"damage":0.0,"enemies":"Orb Walker","floor":35.0,"turns":2.0},{"damage":0.0,"enemies":"3 Darklings","floor":38.0,"turns":3.0},{"damage":15.0,"enemies":"Spire Growth","floor":39.0,"turns":4.0},{"damage":0.0,"enemies":"Giant Head","floor":41.0,"turns":4.0},{"damage":30,"enemies":"Reptomancer","floor":44,"turns":5},{"damage":0,"enemies":"Transient","floor":46,"turns":6},{"damage":0,"enemies":"3 Darklings","floor":48,"turns":2},{"damage":0,"enemies":"Time Eater","floor":50,"turns":5},{"damage":9,"enemies":"Awakened One","floor":51,"turns":6},{"damage":30,"enemies":"Shield and Spear","floor":55,"turns":5},{"damage":0,"enemies":"The Heart","floor":56,"turns":7}],"seed_played":"6561739339550443761","potions_obtained":[{"floor":1.0,"key":"LiquidBronze"},{"floor":6.0,"key":"DuplicationPotion"},{"floor":10.0,"key":"Dexterity Potion"},{"floor":18.0,"key":"LiquidBronze"},{"floor":28.0,"key":"SkillPotion"},{"floor":35.0,"key":"LiquidBronze"},{"floor":39.0,"key":"BloodPotion"},{"floor":46,"key":"SkillPotion"}],"is_trial":false,"path_per_floor":["M","?","M","?","?","E","R","E","T","M","M","?","M","$","R","B",null,"M","$","?","?","M","R","E","R","T","?","E","T","?","M","R","B",null,"M","$","?","M","M","R","E","R","T","E","?","M","$","M","R","B","B",null,"R","$","E","B",null],"character_chosen":"IRONCLAD","items_purchased":["Evolve+1","Orrery","Feel No Pain+1","Poison Potion"],"campfire_rested":1,"item_purchase_floors":[19,19,47,54],"current_hp_per_floor":[74,48,54,54,54,60,60,28,28,34,24,49,45,45,45,24,62,68,68,68,47,53,53,28,28,28,7,13,13,13,13,37,21,65,71,71,71,77,68,68,74,74,74,50,50,56,56,62,62,68,65,76,76,80,56,62],"gold":91,"neow_bonus":"THREE_ENEMY_KILL","is_prod":false,"is_daily":false,"chose_seed":false,"campfire_upgraded":7,"win_rate":0,"timestamp":1568729108,"path_taken":["M","?","M","?","?","E","R","E","T","?","M","?","M","$","R","BOSS","M","$","?","?","M","R","E","R","T","?","E","?","?","M","R","BOSS","M","$","?","M","M","R","E","R","T","E","?","?","$","M","R","BOSS","BOSS","R","$","E","BOSS"],"build_version":"2019-09-16v2","purchased_purges":2,"victory":true,"max_hp_per_floor":[75,75,75,75,75,75,75,75,75,75,75,75,75,75,75,75,75,75,75,75,75,75,75,75,75,75,80,80,80,80,80,80,80,80,80,80,80,80,80,80,80,80,80,80,80,80,80,80,80,80,80,80,80,80,80,80],"card_choices":[{"not_picked":["Cleave","Heavy Blade"],"picked":"Rampage","floor":1.0},{"not_picked":["Wild Strike","Havoc","Anger"],"picked":"SKIP","floor":3.0},{"not_picked":["Wild Strike","Heavy Blade","Uppercut"],"picked":"SKIP","floor":6.0},{"not_picked":["Sword Boomerang","Clash","Body Slam"],"picked":"SKIP","floor":8.0},{"not_picked":["Carnage","Ghostly Armor","Uppercut"],"picked":"SKIP","floor":10.0},{"not_picked":["Heavy Blade","Sword Boomerang"],"picked":"Immolate","floor":11.0},{"not_picked":["Wild Strike","Hemokinesis"],"picked":"True Grit","floor":13.0},{"not_picked":["Bludgeon","Exhume"],"picked":"Berserk+1","floor":16.0},{"not_picked":["Searing Blow+1","Thunderclap+1","Bloodletting"],"picked":"SKIP","floor":18.0},{"not_picked":["Shrug It Off","Reckless Charge"],"picked":"Seeing Red+1","floor":19.0},{"not_picked":["Limit Break","Iron Wave"],"picked":"Shrug It Off","floor":19.0},{"not_picked":["Shrug It Off","Anger+1"],"picked":"Shockwave","floor":19.0},{"not_picked":["Sword Boomerang","Disarm"],"picked":"Second Wind","floor":22.0},{"not_picked":["Searing Blow","Evolve+1","Sever Soul"],"picked":"SKIP","floor":24.0},{"not_picked":["Pommel Strike","Twin Strike","Sword Boomerang"],"picked":"SKIP","floor":28.0},{"not_picked":["Shrug It Off+1","Sword Boomerang"],"picked":"Dark Embrace+1","floor":31.0},{"not_picked":["Juggernaut+1","Berserk+1"],"picked":"Impervious+1","floor":33.0},{"not_picked":["Armaments+1","Rupture+1"],"picked":"Dual Wield+1","floor":35.0},{"not_picked":["Pommel Strike+1","Heavy Blade","Thunderclap"],"picked":"SKIP","floor":38.0},{"not_picked":["Anger","Whirlwind","Cleave"],"picked":"SKIP","floor":39.0},{"not_picked":["Flex+1","Sword Boomerang+1"],"picked":"Burning Pact+1","floor":41.0},{"not_picked":["Armaments+1","Havoc+1","Sword Boomerang+1"],"picked":"SKIP","floor":44},{"not_picked":["Whirlwind+1","Body Slam"],"picked":"Battle Trance+1","floor":46},{"not_picked":["Dropkick","Second Wind+1","Sever Soul"],"picked":"SKIP","floor":48},{"not_picked":["Fiend Fire","Limit Break+1","Headbutt"],"picked":"SKIP","floor":55}],"player_experience":820580,"relics_obtained":[{"floor":6.0,"key":"Oddly Smooth Stone"},{"floor":8.0,"key":"Whetstone"},{"floor":9.0,"key":"Frozen Egg 2"},{"floor":17.0,"key":"Anchor"},{"floor":17.0,"key":"Mercury Hourglass"},{"floor":17.0,"key":"FossilizedHelix"},{"floor":21.0,"key":"Necronomicon"},{"floor":24.0,"key":"Tiny Chest"},{"floor":26.0,"key":"Potion Belt"},{"floor":28.0,"key":"Mummified Hand"},{"floor":29.0,"key":"Toxic Egg 2"},{"floor":41.0,"key":"Incense Burner"},{"floor":44,"key":"Bottled Tornado"}],"event_choices":[{"damage_healed":0.0,"max_hp_gain":0.0,"max_hp_loss":0.0,"gold_gain":0.0,"event_name":"Scrap Ooze","player_choice":"Success","floor":2.0,"gold_loss":0.0,"damage_taken":26.0,"relics_obtained":["Bronze Scales"]},{"cards_removed":["Strike_R"],"damage_healed":0.0,"max_hp_gain":0.0,"max_hp_loss":0.0,"gold_gain":0.0,"event_name":"The Cleric","player_choice":"Card Removal","floor":4.0,"gold_loss":75.0,"damage_taken":0.0},{"damage_healed":0.0,"max_hp_gain":0.0,"max_hp_loss":0.0,"gold_gain":0.0,"cards_transformed":["Strike_R"],"event_name":"Transmorgrifier","player_choice":"Transformed","floor":5.0,"gold_loss":0.0,"damage_taken":0.0,"cards_obtained":["Body Slam"]},{"damage_healed":25.0,"max_hp_gain":0.0,"max_hp_loss":0.0,"gold_gain":0.0,"event_name":"Big Fish","player_choice":"Banana","floor":12.0,"gold_loss":0.0,"damage_taken":0.0},{"damage_healed":0.0,"max_hp_gain":0.0,"max_hp_loss":0.0,"gold_gain":0.0,"event_name":"Ghosts","player_choice":"Ignored","floor":20.0,"gold_loss":0.0,"damage_taken":0.0},{"damage_healed":0.0,"max_hp_gain":0.0,"max_hp_loss":0.0,"gold_gain":0.0,"event_name":"Cursed Tome","player_choice":"Obtained Book","floor":21.0,"gold_loss":0.0,"damage_taken":21.0},{"damage_healed":0.0,"max_hp_gain":5.0,"max_hp_loss":0.0,"gold_gain":0.0,"event_name":"Forgotten Altar","player_choice":"Shed Blood","floor":27.0,"gold_loss":0.0,"damage_taken":26.0},{"cards_removed":["Strike_R"],"damage_healed":0.0,"max_hp_gain":0.0,"max_hp_loss":0.0,"gold_gain":0.0,"event_name":"Beggar","player_choice":"Gave Gold","floor":30.0,"gold_loss":75.0,"damage_taken":0.0},{"cards_removed":["Impervious"],"damage_healed":0.0,"max_hp_gain":0.0,"max_hp_loss":0.0,"gold_gain":0.0,"event_name":"Falling","player_choice":"Removed Skill","floor":37.0,"gold_loss":0.0,"damage_taken":0.0},{"damage_healed":0,"gold_gain":0,"player_choice":"Ignored","damage_taken":0,"max_hp_gain":0,"max_hp_loss":0,"event_name":"SecretPortal","floor":45,"gold_loss":0}],"is_beta":true,"boss_relics":[{"not_picked":["SlaversCollar","Mark of Pain"],"picked":"Calling Bell"},{"not_picked":["Pandora\u0027s Box","Sozu"],"picked":"Runic Pyramid"}],"items_purged_floors":[14,36],"is_endless":false,"potions_floor_spawned":[1,6,10,18,28,35,39,46,48],"ascension_level":20}