{"gold_per_floor":[112,130,148,158,158,188,188,201,201,201,212,232,26,37,37,135,135,152,77,88,88,88,88],"floor_reached":23,"playtime":1803,"items_purged":[],"score":193,"play_id":"eb092260-a5aa-4a97-b6ca-6f37006cf10f","local_time":"20190910185736","is_ascension_mode":false,"campfire_choices":[{"data":"Headbutt","floor":7,"key":"SMITH"},{"floor":10,"key":"REST"},{"data":"Armaments","floor":15,"key":"SMITH"}],"neow_cost":"NONE","seed_source_timestamp":1035569888370565,"circlet_count":0,"master_deck":["Strike_R","Strike_R","Strike_R","Strike_R","Defend_R","Defend_R","Defend_R","Defend_R","Bash","Heavy Blade","Headbutt+1","Shrug It Off","Heavy Blade","Iron Wave","Armaments+1","Inflame","Twin Strike","Battle Trance","Double Tap","Disarm","Shrug It Off"],"relics":["Black Blood","Potion Belt","Ornamental Fan","FossilizedHelix","Odd Mushroom","Lee\u0027s Waffle","Question Card"],"potions_floor_usage":[6,16,16,16],"damage_taken":[{"damage":1,"enemies":"Cultist","floor":1,"turns":3},{"damage":7,"enemies":"Small Slimes","floor":2,"turns":5},{"damage":0,"enemies":"2 Louse","floor":3,"turns":2},{"damage":5,"enemies":"Looter","floor":4,"turns":4},{"damage":40,"enemies":"3 Sentries","floor":6,"turns":10},{"damage":10,"enemies":"Red Slaver","floor":8,"turns":4},{"damage":0,"enemies":"Exordium Wildlife","floor":11,"turns":4},{"damage":36,"enemies":"The Mushroom Lair","floor":12,"turns":8},{"damage":0,"enemies":"Blue Slaver","floor":14,"turns":4},{"damage":16,"enemies":"Slime Boss","floor":16,"turns":14},{"damage":36,"enemies":"2 Thieves","floor":18,"turns":5},{"damage":13,"enemies":"Shell Parasite","floor":20,"turns":9},{"damage":65,"enemies":"Book of Stabbing","floor":23,"turns":10}],"seed_played":"-301115521652496342","potions_obtained":[{"floor":2,"key":"Block Potion"},{"floor":11,"key":"Dexterity Potion"},{"floor":12,"key":"AttackPotion"},{"floor":14,"key":"Fire Potion"},{"floor":16,"key":"SmokeBomb"}],"is_trial":false,"path_per_floor":["M","M","M","M","?","E","R","M","T","R","M","?","$","M","R","B",null,"M","?","M","?","$","E"],"character_chosen":"IRONCLAD","items_purchased":["Lee\u0027s Waffle"],"campfire_rested":1,"item_purchase_floors":[13],"current_hp_per_floor":[80,79,80,80,85,51,51,47,47,72,78,48,92,92,92,82,92,66,66,63,63,63,0],"gold":88,"neow_bonus":"RANDOM_COMMON_RELIC","is_prod":false,"is_daily":false,"chose_seed":false,"campfire_upgraded":2,"win_rate":0.0,"timestamp":1568167056,"path_taken":["M","M","?","M","?","E","R","M","T","R","M","?","$","M","R","BOSS","M","?","M","?","$","E"],"build_version":"2019-07-17","purchased_purges":0,"victory":false,"max_hp_per_floor":[80,80,80,80,85,85,85,85,85,85,85,85,92,92,92,92,92,92,92,92,92,92,92],"card_choices":[{"not_picked":["True Grit","Pommel Strike"],"picked":"Heavy Blade","floor":1},{"not_picked":["Warcry","Body Slam"],"picked":"Headbutt","floor":2},{"not_picked":["Fire Breathing","Headbutt"],"picked":"Shrug It Off","floor":3},{"not_picked":["Reckless Charge","Bludgeon"],"picked":"Heavy Blade","floor":4},{"not_picked":["Heavy Blade","Feel No Pain"],"picked":"Iron Wave","floor":6},{"not_picked":["Headbutt","Twin Strike"],"picked":"Armaments","floor":8},{"not_picked":["True Grit","Anger"],"picked":"Inflame","floor":11},{"not_picked":["Iron Wave","Sword Boomerang"],"picked":"Twin Strike","floor":12},{"not_picked":["Seeing Red","Clash"],"picked":"Battle Trance","floor":14},{"not_picked":["Impervious","Fiend Fire"],"picked":"Double Tap","floor":16},{"not_picked":["Pommel Strike","Dropkick+1"],"picked":"Disarm","floor":18},{"not_picked":["Dropkick","Combust"],"picked":"Shrug It Off","floor":20}],"player_experience":516412,"relics_obtained":[{"floor":6,"key":"Ornamental Fan"},{"floor":9,"key":"FossilizedHelix"},{"floor":12,"key":"Odd Mushroom"}],"event_choices":[{"damage_healed":0,"gold_gain":0,"player_choice":"Donut","damage_taken":0,"max_hp_gain":5,"max_hp_loss":0,"event_name":"Big Fish","floor":5,"gold_loss":0},{"damage_healed":0,"gold_gain":0,"player_choice":"Fought Mushrooms","damage_taken":0,"max_hp_gain":0,"max_hp_loss":0,"event_name":"Mushrooms","floor":12,"gold_loss":0},{"cards_removed":["Strike_R"],"damage_healed":0,"gold_gain":0,"player_choice":"Gave Gold","damage_taken":0,"max_hp_gain":0,"max_hp_loss":0,"event_name":"Beggar","floor":19,"gold_loss":75},{"damage_healed":0,"gold_gain":0,"player_choice":"Gave Potion","damage_taken":0,"relics_obtained":["Question Card"],"max_hp_gain":0,"max_hp_loss":0,"event_name":"WeMeetAgain","floor":21,"gold_loss":0}],"is_beta":false,"boss_relics":[{"not_picked":["Fusion Hammer","Snecko Eye"],"picked":"Black Blood"}],"items_purged_floors":[],"is_endless":false,"potions_floor_spawned":[2,11,12,14,16],"killed_by":"Book of Stabbing","ascension_level":0}