{"gold_per_floor":[216,37,37,51,65,65,90,110,161,173,191,191,209,224,224,329,379,399,399,235,235,235,261,261,276,276,276,276,276,287,307,307,307],"floor_reached":33,"playtime":6108,"items_purged":[],"score":269,"play_id":"7c88dc11-e9f2-4449-b4af-752de1c5e7a9","local_time":"20190113123207","is_ascension_mode":false,"campfire_choices":[{"data":"Conserve Battery","floor":6,"key":"SMITH"},{"floor":12,"key":"REST"},{"floor":15,"key":"REST"},{"floor":24,"key":"REST"},{"floor":29,"key":"REST"},{"data":"Glacier","floor":32,"key":"SMITH"}],"neow_cost":"NONE","seed_source_timestamp":14473548396905,"circlet_count":0,"master_deck":["Strike_B+1","Strike_B+1","Strike_B+1","Strike_B+1","Defend_B+1","Defend_B+1","Defend_B+1","Defend_B+1","Zap","Dualcast","Chill","Capacitor","Melter","Doom and Gloom","Conserve Battery+1","Hologram","Compile Driver","Go for the Eyes","Consume","Ball Lightning","Chill","Go for the Eyes","All For One","Compile Driver","Stack","Glacier+1","Self Repair+1","FTL","Steam","Undo","Hologram","Decay","Chill","Stack+1"],"relics":["Cracked Core","Frozen Egg 2","Bronze Scales","Tiny House","Juzu Bracelet","Boot","The Courier","Unceasing Top"],"potions_floor_usage":[7,7,16,16,23,31,33,33],"damage_taken":[{"damage":1,"enemies":"Jaw Worm","floor":1,"turns":5},{"damage":2,"enemies":"Cultist","floor":4,"turns":4},{"damage":0,"enemies":"2 Louse","floor":5,"turns":3},{"damage":51,"enemies":"Gremlin Nob","floor":7,"turns":6},{"damage":0,"enemies":"Red Slaver","floor":8,"turns":4},{"damage":0,"enemies":"Looter","floor":10,"turns":3},{"damage":7,"enemies":"3 Louse","floor":11,"turns":3},{"damage":0,"enemies":"Exordium Thugs","floor":13,"turns":3},{"damage":3,"enemies":"Large Slime","floor":14,"turns":5},{"damage":10,"enemies":"Hexaghost","floor":16,"turns":7},{"damage":19,"enemies":"2 Thieves","floor":18,"turns":3},{"damage":45,"enemies":"Gremlin Leader","floor":23,"turns":8},{"damage":0,"enemies":"Chosen","floor":25,"turns":4},{"damage":0,"enemies":"Centurion and Healer","floor":30,"turns":8},{"damage":5,"enemies":"Snake Plant","floor":31,"turns":4},{"damage":70,"enemies":"Collector","floor":33,"turns":17}],"seed_played":"6109486209663865458","potions_obtained":[{"floor":1,"key":"Explosive Potion"},{"floor":4,"key":"Swift Potion"},{"floor":7,"key":"FocusPotion"},{"floor":13,"key":"AttackPotion"},{"floor":16,"key":"Swift Potion"},{"floor":17,"key":"Swift Potion"},{"floor":25,"key":"PowerPotion"},{"floor":31,"key":"AttackPotion"}],"is_trial":false,"path_per_floor":["M","$","?","M","M","R","E","M","T","M","M","R","M","M","R","B",null,"M","?","$","?","?","E","R","M","T","?","?","R","M","M","R","B"],"character_chosen":"DEFECT","items_purchased":["Capacitor","Melter","Doom and Gloom","Self Repair+1","FTL","Steam"],"campfire_rested":4,"item_purchase_floors":[2,2,2,20,20,20],"current_hp_per_floor":[74,74,74,72,72,72,21,21,21,21,14,36,36,33,55,45,80,61,61,61,61,61,26,50,50,50,50,50,74,74,69,69,0],"gold":307,"neow_bonus":"HUNDRED_GOLD","is_prod":false,"is_daily":false,"chose_seed":false,"campfire_upgraded":2,"win_rate":0.0,"timestamp":1547411527,"path_taken":["M","$","?","M","M","R","E","?","T","M","M","R","M","M","R","BOSS","M","?","$","?","?","E","R","M","T","?","?","R","M","M","R","BOSS"],"build_version":"2019-01-10","purchased_purges":0,"victory":false,"max_hp_per_floor":[75,75,75,75,75,75,75,75,75,75,75,75,75,75,75,75,80,80,80,80,80,80,80,80,80,80,80,80,80,80,80,80,80],"card_choices":[{"not_picked":["Rip and Tear","Turbo"],"picked":"Chill","floor":1},{"not_picked":["Compile Driver","Hologram"],"picked":"Conserve Battery","floor":4},{"not_picked":["Rebound","Thunder Strike"],"picked":"Hologram","floor":5},{"not_picked":["Tempest","Darkness"],"picked":"Compile Driver","floor":7},{"not_picked":["Steam","Consume"],"picked":"Go for the Eyes","floor":8},{"not_picked":["Leap","Melter"],"picked":"Consume","floor":10},{"not_picked":["Barrage","Sweeping Beam"],"picked":"Ball Lightning","floor":11},{"not_picked":["Hologram","Capacitor+1"],"picked":"Chill","floor":13},{"not_picked":["Consume","Coolheaded"],"picked":"Go for the Eyes","floor":14},{"not_picked":["Machine Learning+1","Rainbow"],"picked":"All For One","floor":16},{"not_picked":["Fusion","Sweeping Beam"],"picked":"Compile Driver","floor":17},{"not_picked":["Lockon","Redo"],"picked":"Stack","floor":18},{"not_picked":["Rebound","Reboot"],"picked":"Undo","floor":23},{"not_picked":["Streamline","Consume"],"picked":"Hologram","floor":25},{"not_picked":["Blizzard","FTL"],"picked":"Chill","floor":30},{"not_picked":["Static Discharge+1","Beam Cell"],"picked":"Stack+1","floor":31}],"player_experience":154014,"relics_obtained":[{"floor":7,"key":"Frozen Egg 2"},{"floor":9,"key":"Bronze Scales"},{"floor":23,"key":"Boot"},{"floor":26,"key":"The Courier"},{"floor":27,"key":"Unceasing Top"}],"event_choices":[{"damage_healed":0,"gold_gain":0,"player_choice":"Ignored","damage_taken":0,"max_hp_gain":0,"max_hp_loss":0,"event_name":"NoteForYourself","floor":3,"gold_loss":0},{"damage_healed":0,"gold_gain":0,"player_choice":"Read","damage_taken":0,"max_hp_gain":0,"max_hp_loss":0,"event_name":"The Library","floor":19,"gold_loss":0,"cards_obtained":["Glacier"]},{"damage_healed":0,"gold_gain":0,"player_choice":"Opened","damage_taken":0,"relics_obtained":["Juzu Bracelet"],"max_hp_gain":0,"max_hp_loss":0,"event_name":"The Mausoleum","floor":21,"gold_loss":0},{"damage_healed":0,"gold_gain":0,"player_choice":"Simplicity","damage_taken":0,"max_hp_gain":0,"max_hp_loss":0,"event_name":"Back to Basics","floor":22,"gold_loss":0,"cards_upgraded":["Strike_B","Strike_B","Strike_B","Strike_B","Defend_B","Defend_B","Defend_B"]},{"damage_healed":0,"gold_gain":0,"player_choice":"Relic","damage_taken":0,"max_hp_gain":0,"max_hp_loss":0,"event_name":"Wheel of Change","floor":27,"gold_loss":0},{"damage_healed":0,"gold_gain":0,"player_choice":"Smashed Altar","damage_taken":0,"max_hp_gain":0,"max_hp_loss":0,"event_name":"Forgotten Altar","floor":28,"gold_loss":0,"cards_obtained":["Decay"]}],"is_beta":false,"boss_relics":[{"not_picked":["Philosopher\u0027s Stone","White Beast Statue"],"picked":"Tiny House"}],"items_purged_floors":[],"is_endless":false,"potions_floor_spawned":[1,4,7,13,16,25,31],"killed_by":"Collector","ascension_level":0}