{"gold_per_floor":[109,125,125,139,149,181,194,68,68,68,68,68,51,51,51,51],"floor_reached":16,"playtime":931,"items_purged":[],"score":102,"play_id":"52b280e4-57f8-48c0-9143-2c5958279876","local_time":"20190910191321","is_ascension_mode":false,"campfire_choices":[{"floor":11,"key":"REST"},{"floor":15,"key":"REST"}],"neow_cost":"NONE","seed_source_timestamp":1037386533499959,"circlet_count":0,"master_deck":["Strike_R","Strike_R","Strike_R","Strike_R","Defend_R","Defend_R","Defend_R","Defend_R","Bash","Shrug It Off","Thunderclap","Sword Boomerang","Anger","Body Slam","Seeing Red","Twin Strike","Sword Boomerang","Headbutt"],"relics":["Burning Blood","Question Card","Bottled Flame"],"potions_floor_usage":[13,16,16],"damage_taken":[{"damage":1,"enemies":"Cultist","floor":1,"turns":4},{"damage":2,"enemies":"2 Louse","floor":2,"turns":3},{"damage":3,"enemies":"Jaw Worm","floor":4,"turns":5},{"damage":26,"enemies":"Gremlin Gang","floor":5,"turns":8},{"damage":66,"enemies":"Gremlin Nob","floor":6,"turns":6},{"damage":0,"enemies":"Large Slime","floor":7,"turns":4},{"damage":20,"enemies":"Exordium Thugs","floor":13,"turns":4},{"damage":64,"enemies":"Hexaghost","floor":16,"turns":9}],"seed_played":"2333443069825146187","potions_obtained":[{"floor":2,"key":"Swift Potion"},{"floor":4,"key":"Swift Potion"}],"is_trial":false,"path_per_floor":["M","M","$","M","M","E","M","$","T","?","R","$","M","$","R","B"],"character_chosen":"IRONCLAD","items_purchased":["Regen Potion","Twin Strike"],"campfire_rested":2,"item_purchase_floors":[8,8],"current_hp_per_floor":[88,88,88,88,68,8,14,14,14,14,40,40,38,38,64,0],"gold":51,"neow_bonus":"TEN_PERCENT_HP_BONUS","is_prod":false,"is_daily":false,"chose_seed":false,"campfire_upgraded":0,"win_rate":0.0,"timestamp":1568168001,"path_taken":["M","M","?","M","?","E","M","$","T","?","R","?","?","$","R","BOSS"],"build_version":"2019-07-17","purchased_purges":0,"victory":false,"max_hp_per_floor":[88,88,88,88,88,88,88,88,88,88,88,88,88,88,88,88],"card_choices":[{"not_picked":["Combust","Perfected Strike"],"picked":"Shrug It Off","floor":1},{"not_picked":["True Grit","Flex"],"picked":"Thunderclap","floor":2},{"not_picked":["Havoc","Combust"],"picked":"Sword Boomerang","floor":4},{"not_picked":["Warcry","Rage"],"picked":"Anger","floor":5},{"not_picked":["Feel No Pain","Brutality"],"picked":"Body Slam","floor":6},{"not_picked":["Pommel Strike","Feel No Pain","Warcry"],"picked":"Seeing Red","floor":7},{"not_picked":["Second Wind","Burning Pact","Pummel"],"picked":"Headbutt","floor":13}],"player_experience":518215,"relics_obtained":[{"floor":6,"key":"Question Card"},{"floor":9,"key":"Bottled Flame"}],"event_choices":[{"damage_healed":0,"gold_gain":0,"cards_transformed":["Strike_R"],"player_choice":"Change","damage_taken":0,"max_hp_gain":0,"max_hp_loss":0,"event_name":"Living Wall","floor":10,"gold_loss":0,"cards_obtained":["Sword Boomerang"]}],"is_beta":false,"boss_relics":[],"items_purged_floors":[],"is_endless":false,"potions_floor_spawned":[2,4],"killed_by":"Hexaghost","ascension_level":0}