{"gold_per_floor":[109,109,13,25,25,25,56,72,95,163,179,197,197],"floor_reached":13,"playtime":276,"items_purged":[],"score":170,"play_id":"96b64210-390a-4e54-969f-d491502466e4","local_time":"20190917134931","is_ascension_mode":true,"campfire_choices":[{"data":"Doom and Gloom","floor":6,"key":"SMITH"}],"neow_cost":"NONE","seed_source_timestamp":591127842662508,"circlet_count":0,"master_deck":["AscendersBane","Strike_B","Strike_B","Strike_B","Defend_B","Defend_B","Defend_B","Defend_B","Zap+1","Dualcast","Compile Driver","Doom and Gloom+1","Coolheaded","Turbo","Heatsinks","Scrape","Gash","Redo"],"special_seed":0,"relics":["SacredBark","Pen Nib","CeramicFish","StoneCalendar"],"potions_floor_usage":[7,7,11],"damage_taken":[{"damage":9.0,"enemies":"Small Slimes","floor":1.0,"turns":4.0},{"damage":0.0,"enemies":"Cultist","floor":4.0,"turns":3.0},{"damage":8,"enemies":"Gremlin Nob","floor":7,"turns":5},{"damage":2,"enemies":"2 Louse","floor":8,"turns":2},{"damage":32,"enemies":"Gremlin Nob","floor":10,"turns":4},{"damage":0,"enemies":"Exordium Wildlife","floor":11,"turns":3},{"damage":4,"enemies":"Blue Slaver","floor":12,"turns":3},{"damage":0,"enemies":"3 Sentries","floor":13,"turns":2}],"seed_played":"3776655723258835845","potions_obtained":[{"floor":1.0,"key":"Block Potion"},{"floor":4.0,"key":"Block Potion"},{"floor":10,"key":"Block Potion"}],"is_trial":false,"path_per_floor":["M","?","$","M","?","R","E","M","T","?","M","M","E"],"character_chosen":"DEFECT","items_purchased":["Doom and Gloom","Coolheaded"],"campfire_rested":0,"item_purchase_floors":[3,3],"current_hp_per_floor":[55,55,55,55,55,55,47,45,45,13,13,9,9],"gold":197,"neow_bonus":"BOSS_RELIC","is_prod":false,"is_daily":false,"chose_seed":false,"campfire_upgraded":1,"win_rate":0,"timestamp":1568699371,"path_taken":["M","?","$","?","?","R","E","M","T","?","M","M","E"],"build_version":"2019-09-16","purchased_purges":0,"victory":false,"max_hp_per_floor":[71,71,71,71,71,71,71,71,71,71,71,71,71],"card_choices":[{"not_picked":["Doom and Gloom","Reprogram"],"picked":"Compile Driver","floor":1.0},{"not_picked":["Steam","Streamline"],"picked":"Turbo","floor":4.0},{"not_picked":["Lockon","Storm"],"picked":"Heatsinks","floor":7},{"not_picked":["Conserve Battery","Sweeping Beam"],"picked":"Scrape","floor":8},{"not_picked":["Leap","Sweeping Beam"],"picked":"Gash","floor":10},{"not_picked":["Redo","Streamline","Storm"],"picked":"SKIP","floor":11},{"not_picked":["Stack","Rip and Tear"],"picked":"Redo","floor":12}],"player_experience":808270,"relics_obtained":[{"floor":7,"key":"Pen Nib"},{"floor":9,"key":"CeramicFish"},{"floor":10,"key":"StoneCalendar"}],"event_choices":[{"damage_healed":0.0,"max_hp_gain":0.0,"max_hp_loss":0.0,"gold_gain":0.0,"event_name":"Upgrade Shrine","player_choice":"Upgraded","floor":2.0,"gold_loss":0.0,"damage_taken":0.0,"cards_upgraded":["Zap"]},{"cards_removed":["Strike_B"],"damage_healed":0,"gold_gain":0,"player_choice":"Forget","damage_taken":0,"max_hp_gain":0,"max_hp_loss":0,"event_name":"Living Wall","floor":5,"gold_loss":0},{"damage_healed":0,"gold_gain":0,"player_choice":"Searched \u00272\u0027 times","damage_taken":0,"max_hp_gain":0,"max_hp_loss":0,"event_name":"Dead Adventurer","floor":10,"gold_loss":0}],"is_beta":true,"boss_relics":[],"items_purged_floors":[],"is_endless":false,"potions_floor_spawned":[1,4,10],"killed_by":"3 Sentries","ascension_level":20}