{"path_per_floor":["M","?","$","M","M","R","M","R","T","R","?","M","E","M","R","B",null,"M","?","M","?","M","R","M"],"character_chosen":"DEFECT","items_purchased":[],"gold_per_floor":[119,69,69,81,100,100,113,113,113,113,113,123,150,169,169,274,274,291,291,302,302,314,314,328,328],"floor_reached":25,"campfire_rested":0,"playtime":1866,"item_purchase_floors":[],"current_hp_per_floor":[74,74,74,74,72,72,62,62,62,62,62,62,50,39,39,35,75,62,62,58,58,45,45,26,0],"items_purged":[],"gold":328,"score":215,"play_id":"56aec54d-9f90-42b9-951b-77104fedb7d8","local_time":"20180605165501","is_prod":false,"is_daily":false,"chose_seed":false,"is_ascension_mode":true,"campfire_upgraded":5,"win_rate":0.0,"timestamp":1528210501,"campfire_choices":[{"data":"Dualcast","floor":6,"key":"SMITH"},{"data":"Zap","floor":8,"key":"SMITH"},{"data":"Go for the Eyes","floor":10,"key":"SMITH"},{"data":"Consume","floor":15,"key":"SMITH"},{"data":"Hologram","floor":23,"key":"SMITH"}],"path_taken":["M","?","?","M","M","R","M","R","T","R","?","M","E","M","R","BOSS","M","?","M","?","?","R","M","E"],"build_version":"2018-05-31","seed_source_timestamp":114053599710382,"purchased_purges":0,"victory":false,"master_deck":["Strike_B","Strike_B","Defend_B","Defend_B","Defend_B","Defend_B","Zap+1","Dualcast+1","Ball Lightning","Go for the Eyes+1","Machine Learning","Storm","Consume+1","Reboot","Hologram+1","Ball Lightning+1"],"max_hp_per_floor":[75,75,75,75,75,75,75,75,75,75,75,75,75,75,75,75,75,75,75,75,75,75,75,75,75],"relics":["Cracked Core","Shuriken","Blue Candle","Inserter"],"card_choices":[{"not_picked":["Conserve Battery","Hello World"],"picked":"Ball Lightning","floor":1},{"not_picked":["Gash","Redo"],"picked":"Go for the Eyes","floor":4},{"not_picked":["Cold Snap","Steam Power","Compile Driver"],"picked":"SKIP","floor":5},{"not_picked":["Compile Driver","Scrape","Barrage"],"picked":"SKIP","floor":7},{"not_picked":["Compile Driver","Ball Lightning","Cold Snap"],"picked":"SKIP","floor":12},{"not_picked":["Barrage","Glacier"],"picked":"Storm","floor":13},{"not_picked":["Coolheaded","Conserve Battery"],"picked":"Consume","floor":14},{"not_picked":["Biased Cognition","Machine Learning"],"picked":"Reboot","floor":16},{"not_picked":["Barrage","Cold Snap"],"picked":"Hologram","floor":18},{"not_picked":["Aggregate+1","Ball Lightning","Gash"],"picked":"SKIP","floor":20},{"not_picked":["Sweeping Beam","Force Field"],"picked":"Ball Lightning+1","floor":22},{"not_picked":["Sweeping Beam","Double Energy","Steam"],"picked":"SKIP","floor":24}],"player_experience":724051,"potions_floor_usage":[16,20,20,25],"damage_taken":[{"damage":1,"enemies":"Jaw Worm","floor":1,"turns":4},{"damage":0,"enemies":"Small Slimes","floor":4,"turns":3},{"damage":2,"enemies":"2 Louse","floor":5,"turns":2},{"damage":10,"enemies":"Lots of Slimes","floor":7,"turns":4},{"damage":0,"enemies":"Large Slime","floor":12,"turns":4},{"damage":12,"enemies":"3 Sentries","floor":13,"turns":6},{"damage":11,"enemies":"3 Louse","floor":14,"turns":3},{"damage":19,"enemies":"The Guardian","floor":16,"turns":9},{"damage":13,"enemies":"Shell Parasite","floor":18,"turns":4},{"damage":4,"enemies":"2 Thieves","floor":20,"turns":3},{"damage":13,"enemies":"Chosen and Byrds","floor":22,"turns":5},{"damage":19,"enemies":"Centurion and Healer","floor":24,"turns":5},{"damage":26,"enemies":"Book of Stabbing","floor":25,"turns":5}],"relics_obtained":[{"floor":9,"key":"Shuriken"},{"floor":13,"key":"Blue Candle"}],"event_choices":[{"event_name":"The Cleric","player_choice":"Card Removal","floor":2,"damage_taken":0},{"event_name":"Transmorgrifier","player_choice":"Transform","floor":11,"damage_taken":0},{"event_name":"Ghosts","player_choice":"Ignored","floor":19,"damage_taken":0},{"event_name":"Beggar","player_choice":"Ignored","floor":21,"damage_taken":0}],"boss_relics":[{"not_picked":["Astrolabe","Philosopher\u0027s Stone"],"picked":"Inserter"}],"items_purged_floors":[],"potions_floor_spawned":[5,7,12,18,22],"seed_played":"4129527476469483402","killed_by":"Book of Stabbing","ascension_level":1,"potions_obtained":[{"floor":5,"key":"SpeedPotion"},{"floor":7,"key":"SteroidPotion"},{"floor":12,"key":"Regen Potion"},{"floor":18,"key":"FearPotion"},{"floor":22,"key":"Explosive Potion"}],"is_trial":false}