{"gold_per_floor":[112,123,23,33,46,46,69,69,69,69,69,69,88,109,109,109],"floor_reached":16,"playtime":385,"items_purged":["Strike_G"],"score":184,"play_id":"9420b3c1-a568-4ecd-bc9f-c9ba6b0ed747","local_time":"20190823092629","is_ascension_mode":true,"campfire_choices":[{"data":"Calculated Gamble","floor":6,"key":"SMITH"},{"data":"Acrobatics","floor":8,"key":"SMITH"},{"data":"Acrobatics","floor":12,"key":"SMITH"},{"floor":15,"key":"REST"}],"neow_cost":"NONE","seed_source_timestamp":125925421014574,"circlet_count":0,"master_deck":["AscendersBane","Strike_G","Strike_G","Strike_G","Strike_G","Defend_G","Defend_G","Defend_G","Defend_G","Defend_G","Survivor","Neutralize","Calculated Gamble+1","Acrobatics+1","Acrobatics+1","Underhanded Strike"],"special_seed":0,"relics":["Ring of the Snake","NeowsBlessing","Vajra","The Specimen","Golden Idol","Pear"],"potions_floor_usage":[13,16],"damage_taken":[{"damage":0.0,"enemies":"Cultist","floor":1.0,"turns":1.0},{"damage":0.0,"enemies":"2 Louse","floor":2.0,"turns":1.0},{"damage":0.0,"enemies":"Small Slimes","floor":4.0,"turns":1.0},{"damage":22,"enemies":"2 Fungi Beasts","floor":5,"turns":6},{"damage":1,"enemies":"Exordium Wildlife","floor":13,"turns":6},{"damage":41,"enemies":"Large Slime","floor":14,"turns":19},{"damage":0,"enemies":"Slime Boss","floor":16,"turns":1}],"seed_played":"8265475735603175755","potions_obtained":[{"floor":1.0,"key":"SteroidPotion"},{"floor":2.0,"key":"AttackPotion"},{"floor":13,"key":"Poison Potion"}],"is_trial":false,"path_per_floor":["M","M","$","M","M","R","T","R","T","?","T","R","M","M","R","B"],"character_chosen":"THE_SILENT","items_purchased":["Acrobatics"],"campfire_rested":1,"item_purchase_floors":[3],"current_hp_per_floor":[59,59,59,59,37,37,37,37,37,37,47,47,46,5,26,26],"gold":109,"neow_bonus":"THREE_ENEMY_KILL","is_prod":false,"is_daily":false,"chose_seed":false,"campfire_upgraded":3,"win_rate":0,"timestamp":1566519989,"path_taken":["M","?","?","M","M","R","?","R","T","?","?","R","?","M","R","BOSS"],"build_version":"2019-07-17","purchased_purges":1,"victory":false,"max_hp_per_floor":[66,66,66,66,66,66,66,66,66,60,70,70,70,70,70,70],"card_choices":[{"not_picked":["Finisher","Predator"],"picked":"Calculated Gamble","floor":1.0},{"not_picked":["Blade Dance","Bane","Backstab"],"picked":"SKIP","floor":2.0},{"not_picked":["Bane","Cloak And Dagger","Sucker Punch"],"picked":"SKIP","floor":4.0},{"not_picked":["Poisoned Stab","Quick Slash"],"picked":"Acrobatics","floor":5},{"not_picked":["Wraith Form v2","Bane","Quick Slash"],"picked":"SKIP","floor":13},{"not_picked":["Riddle With Holes","Infinite Blades"],"picked":"Underhanded Strike","floor":14}],"player_experience":974272,"relics_obtained":[{"floor":7,"key":"Vajra"},{"floor":9,"key":"The Specimen"},{"floor":11,"key":"Pear"}],"event_choices":[{"damage_healed":0,"gold_gain":0,"player_choice":"Lose Max HP","damage_taken":0,"relics_obtained":["Golden Idol"],"max_hp_gain":0,"max_hp_loss":6,"event_name":"Golden Idol","floor":10,"gold_loss":0}],"is_beta":false,"boss_relics":[],"items_purged_floors":[3],"is_endless":false,"potions_floor_spawned":[1,2,13],"killed_by":"Slime Boss","ascension_level":20}