{"gold_per_floor":[112,122,122,47,47,122,162,212,293,293,313,326,370,386,386,485,485,463,463,476,490,109,109,109],"floor_reached":24,"playtime":587,"items_purged":["Strike_G","Strike_G"],"score":462,"play_id":"6a6377fb-e5d3-46c0-b9e9-faaf5d4f2c5c","local_time":"20190906135541","is_ascension_mode":true,"campfire_choices":[{"data":"Deadly Poison","floor":10.0,"key":"SMITH"},{"data":"Neutralize","floor":15.0,"key":"SMITH"},{"data":"Reflex","floor":23.0,"key":"SMITH"}],"neow_cost":"NONE","seed_source_timestamp":1905083326525800,"circlet_count":0,"master_deck":["AscendersBane","Strike_G+1","Strike_G+1","Defend_G","Defend_G","Defend_G","Defend_G","Defend_G","Survivor","Neutralize+1","Reflex+1","Deadly Poison+1","Prepared+1","Catalyst+1","Well Laid Plans","PiercingWail+1"],"special_seed":0,"relics":["Ring of the Snake","NeowsBlessing","Golden Idol","Ancient Tea Set","Toxic Egg 2","Bag of Marbles","White Beast Statue","Singing Bowl"],"potions_floor_usage":[24],"damage_taken":[{"damage":0.0,"enemies":"2 Louse","floor":1.0,"turns":1.0},{"damage":0.0,"enemies":"Small Slimes","floor":2.0,"turns":1.0},{"damage":0.0,"enemies":"Gremlin Nob","floor":7.0,"turns":1.0},{"damage":0.0,"enemies":"Cultist","floor":11.0,"turns":3.0},{"damage":0.0,"enemies":"2 Fungi Beasts","floor":12.0,"turns":4.0},{"damage":15.0,"enemies":"Lagavulin","floor":13.0,"turns":7.0},{"damage":3.0,"enemies":"Red Slaver","floor":14.0,"turns":5.0},{"damage":2.0,"enemies":"Hexaghost","floor":16.0,"turns":8.0},{"damage":20.0,"enemies":"2 Thieves","floor":18.0,"turns":4.0},{"damage":1.0,"enemies":"Chosen","floor":20.0,"turns":4.0},{"damage":24.0,"enemies":"Shelled Parasite and Fungi","floor":21.0,"turns":4.0},{"damage":8,"enemies":"Snake Plant","floor":24,"turns":2}],"seed_played":"-943102210853670735","potions_obtained":[{"floor":7.0,"key":"FearPotion"},{"floor":12.0,"key":"PowerPotion"},{"floor":18.0,"key":"Strength Potion"},{"floor":20.0,"key":"Explosive Potion"},{"floor":21.0,"key":"SteroidPotion"}],"is_trial":false,"path_per_floor":["M","M","?","$","?","?","E","?","T","R","M","M","E","M","R","B",null,"M","?","M","M","$","R","M"],"character_chosen":"THE_SILENT","items_purchased":["Singing Bowl"],"campfire_rested":0,"item_purchase_floors":[22],"current_hp_per_floor":[59,59,59,59,41,30,30,24,24,24,24,24,9,6,6,4,46,26,26,25,1,1,1,0],"gold":109,"neow_bonus":"THREE_ENEMY_KILL","is_prod":false,"is_daily":false,"chose_seed":false,"campfire_upgraded":3,"win_rate":0,"timestamp":1567749341,"path_taken":["M","M","?","$","?","?","E","?","T","R","M","M","E","?","R","BOSS","M","?","?","M","$","R","M"],"build_version":"2019-08-26","purchased_purges":2,"victory":false,"max_hp_per_floor":[66,66,60,60,60,60,60,60,60,60,60,60,60,60,60,60,60,60,60,60,60,60,60,60],"card_choices":[{"not_picked":["Quick Slash","Outmaneuver"],"picked":"Reflex","floor":1.0},{"not_picked":["Backflip","Cloak And Dagger"],"picked":"Deadly Poison","floor":2.0},{"not_picked":["Phantasmal Killer","Sucker Punch","Eviscerate"],"picked":"SKIP","floor":7.0},{"not_picked":["Blade Dance+1","Quick Slash","Dagger Spray"],"picked":"SKIP","floor":11.0},{"not_picked":["Blur+1","Backflip+1"],"picked":"Prepared+1","floor":12.0},{"not_picked":["All Out Attack","Quick Slash","Finisher"],"picked":"SKIP","floor":13.0},{"not_picked":["Deadly Poison+1","Flying Knee"],"picked":"Catalyst+1","floor":14.0},{"not_picked":["Flechettes","Underhanded Strike","Outmaneuver+1"],"picked":"SKIP","floor":18.0},{"not_picked":["Deadly Poison+1","Poisoned Stab","Blade Dance+1"],"picked":"SKIP","floor":20.0},{"not_picked":["Flying Knee","Dodge and Roll+1"],"picked":"PiercingWail+1","floor":21.0}],"player_experience":3181839,"relics_obtained":[{"floor":7.0,"key":"Ancient Tea Set"},{"floor":9.0,"key":"Toxic Egg 2"},{"floor":13.0,"key":"Bag of Marbles"}],"event_choices":[{"damage_healed":0.0,"max_hp_gain":0.0,"max_hp_loss":6.0,"gold_gain":0.0,"event_name":"Golden Idol","player_choice":"Lose Max HP","floor":3.0,"gold_loss":0.0,"damage_taken":0.0,"relics_obtained":["Golden Idol"]},{"damage_healed":0.0,"max_hp_gain":0.0,"max_hp_loss":0.0,"gold_gain":0.0,"event_name":"Shining Light","player_choice":"Entered Light","floor":5.0,"gold_loss":0.0,"damage_taken":18.0,"cards_upgraded":["Strike_G","Strike_G"]},{"damage_healed":0.0,"max_hp_gain":0.0,"max_hp_loss":0.0,"gold_gain":75.0,"event_name":"World of Goop","player_choice":"Gather Gold","floor":6.0,"gold_loss":0.0,"damage_taken":11.0},{"damage_healed":0.0,"max_hp_gain":0.0,"max_hp_loss":0.0,"gold_gain":50.0,"event_name":"FaceTrader","player_choice":"Touch","floor":8.0,"gold_loss":0.0,"damage_taken":6.0},{"damage_healed":0.0,"max_hp_gain":0.0,"max_hp_loss":0.0,"gold_gain":0.0,"cards_transformed":["Strike_G"],"event_name":"Transmorgrifier","player_choice":"Transformed","floor":19.0,"gold_loss":0.0,"damage_taken":0.0,"cards_obtained":["Well Laid Plans"]}],"is_beta":true,"boss_relics":[{"not_picked":["Fusion Hammer","Cursed Key"],"picked":"White Beast Statue"}],"items_purged_floors":[4,22],"is_endless":false,"potions_floor_spawned":[7,12,13,18,20,21],"killed_by":"Snake Plant","ascension_level":20}