{"gold_per_floor":[367,379,454,469,53,53,79,79,79,89,89,101,101,135,135,208,258,270,195,195,195,214,6,24,49,49,49,60,94,94,107,107,182,182,202,39,39,51,61,95,95,120,120,120,130,130,530,561,561,561,561,561,561,77,104,104],"floor_reached":57,"playtime":4541,"items_purged":["Strike_B","Defend_B"],"score":2801,"play_id":"42ad272a-090b-4248-a785-69ecfec123fd","local_time":"20190919190035","is_ascension_mode":true,"campfire_choices":[{"data":"Sunder","floor":6.0,"key":"SMITH"},{"data":"Defragment","floor":11.0,"key":"SMITH"},{"data":"Zap","floor":13.0,"key":"SMITH"},{"data":"Dualcast","floor":15.0,"key":"SMITH"},{"data":"Apotheosis","floor":27.0,"key":"SMITH"},{"data":"Seek","floor":32.0,"key":"SMITH"},{"data":"Fission","floor":41.0,"key":"SMITH"},{"floor":46.0,"key":"RECALL"},{"data":"Turbo","floor":49.0,"key":"SMITH"},{"data":"Recycle","floor":53.0,"key":"SMITH"}],"neow_cost":"TEN_PERCENT_HP_LOSS","seed_source_timestamp":776572955698781,"circlet_count":0,"master_deck":["AscendersBane","Defend_B+1","Zap+1","Dualcast+1","Cold Snap+1","Sunder+1","Double Energy","Recycle+1","Defragment+1","Compile Driver","Ball Lightning","Leap","Seek+1","Turbo+1","Glacier+1","Undo+1","Apotheosis+1","Coolheaded","Hologram","Coolheaded","Fusion","Gash","Fission+1","Leap+1","Stack+1","Thunder Strike+1","Compile Driver+1","Capacitor+1","Hologram","Hologram+1","Steam Power+1","Redo","Machine Learning","Stack"],"special_seed":0,"relics":["Cracked Core","Potion Belt","CloakClasp","CaptainsWheel","Oddly Smooth Stone","Tiny House","Darkstone Periapt","Symbiotic Virus","InkBottle","Astrolabe","Medical Kit","War Paint","DataDisk","Old Coin","Orichalcum","Happy Flower","Gambling Chip"],"potions_floor_usage":[56],"damage_taken":[{"damage":2.0,"enemies":"2 Louse","floor":1.0,"turns":3.0},{"damage":7.0,"enemies":"Jaw Worm","floor":2.0,"turns":3.0},{"damage":0.0,"enemies":"Small Slimes","floor":4.0,"turns":2.0},{"damage":23.0,"enemies":"Lagavulin","floor":7.0,"turns":7.0},{"damage":5.0,"enemies":"3 Louse","floor":10.0,"turns":3.0},{"damage":0.0,"enemies":"Exordium Thugs","floor":12.0,"turns":4.0},{"damage":7.0,"enemies":"3 Sentries","floor":14.0,"turns":6.0},{"damage":12.0,"enemies":"Slime Boss","floor":16.0,"turns":11.0},{"damage":0.0,"enemies":"Spheric Guardian","floor":18.0,"turns":4.0},{"damage":0.0,"enemies":"Chosen","floor":22.0,"turns":4.0},{"damage":0.0,"enemies":"Centurion and Healer","floor":24.0,"turns":8.0},{"damage":0.0,"enemies":"Book of Stabbing","floor":25.0,"turns":6.0},{"damage":2.0,"enemies":"Cultist and Chosen","floor":28.0,"turns":6.0},{"damage":23.0,"enemies":"Slavers","floor":29.0,"turns":5.0},{"damage":7.0,"enemies":"Snake Plant","floor":31.0,"turns":4.0},{"damage":1.0,"enemies":"Automaton","floor":33.0,"turns":12.0},{"damage":0.0,"enemies":"Orb Walker","floor":35.0,"turns":5.0},{"damage":7.0,"enemies":"3 Darklings","floor":38.0,"turns":4.0},{"damage":5.0,"enemies":"Spire Growth","floor":39.0,"turns":4.0},{"damage":3.0,"enemies":"Giant Head","floor":40.0,"turns":8.0},{"damage":2.0,"enemies":"Nemesis","floor":42.0,"turns":11.0},{"damage":0.0,"enemies":"Jaw Worm Horde","floor":45.0,"turns":4.0},{"damage":0.0,"enemies":"Mind Bloom Boss Battle","floor":47.0,"turns":3.0},{"damage":8.0,"enemies":"Reptomancer","floor":48.0,"turns":9.0},{"damage":1.0,"enemies":"Awakened One","floor":50.0,"turns":10.0},{"damage":14.0,"enemies":"Time Eater","floor":51.0,"turns":13.0},{"damage":17.0,"enemies":"Shield and Spear","floor":55.0,"turns":8.0},{"damage":21,"enemies":"The Heart","floor":56,"turns":11}],"seed_played":"8482198892103075357","potions_obtained":[{"floor":2.0,"key":"Block Potion"},{"floor":10.0,"key":"Regen Potion"},{"floor":16.0,"key":"Poison Potion"},{"floor":17.0,"key":"Strength Potion"},{"floor":24.0,"key":"SkillPotion"},{"floor":25.0,"key":"Swift Potion"},{"floor":29.0,"key":"Poison Potion"},{"floor":39.0,"key":"PowerPotion"},{"floor":42.0,"key":"Poison Potion"},{"floor":47.0,"key":"Poison Potion"},{"floor":48.0,"key":"AttackPotion"}],"is_trial":false,"path_per_floor":["M","M","?","M","$","R","E","?","T","M","R","M","R","E","R","B",null,"M","?","?","?","M","$","M","E","T","R","M","E","?","M","R","B",null,"M","$","?","M","M","E","R","E","T","?","M","R","?","E","R","B","B",null,"R","$","E","B",null],"character_chosen":"DEFECT","items_purchased":["Recycle","Defragment","Potion Belt","Apotheosis","Medical Kit","PowerPotion","AttackPotion","Fire Potion","Happy Flower","Stack"],"campfire_rested":0,"item_purchase_floors":[5,5,5,23,36,54,54,54,54,54],"current_hp_per_floor":[62,55,44,44,44,44,21,21,21,16,16,28,28,21,21,9,55,55,55,55,55,55,55,55,55,55,55,53,30,30,23,23,22,57,57,57,57,50,45,42,42,40,40,40,40,40,40,32,32,31,17,56,56,56,39,18],"gold":104,"neow_bonus":"TWO_FIFTY_GOLD","is_prod":false,"is_daily":false,"chose_seed":false,"campfire_upgraded":9,"win_rate":0,"timestamp":1568890835,"path_taken":["M","M","?","M","$","R","E","?","T","M","R","M","R","E","R","BOSS","M","?","?","?","M","$","?","E","T","R","M","E","?","M","R","BOSS","M","$","?","M","M","E","R","E","T","?","?","R","?","E","R","BOSS","BOSS","R","$","E","BOSS"],"build_version":"2019-09-18","purchased_purges":2,"victory":true,"max_hp_per_floor":[64,64,64,64,64,64,64,64,64,64,64,64,64,64,64,64,69,69,69,69,69,69,69,69,69,69,69,69,69,69,69,69,69,69,69,69,69,69,69,69,69,69,69,69,69,69,69,69,69,69,69,69,69,69,69,69],"card_choices":[{"not_picked":["Go for the Eyes","Gash"],"picked":"Cold Snap","floor":1.0},{"not_picked":["FTL","Go for the Eyes"],"picked":"Sunder","floor":2.0},{"not_picked":["Leap","Streamline"],"picked":"Double Energy","floor":4.0},{"not_picked":["Leap","Scrape"],"picked":"Compile Driver","floor":7.0},{"not_picked":["Hologram","Streamline"],"picked":"Ball Lightning","floor":10.0},{"not_picked":["Hello World","Barrage","Redo"],"picked":"SKIP","floor":12.0},{"not_picked":["Ball Lightning","Rip and Tear"],"picked":"Leap","floor":14.0},{"not_picked":["Multi-Cast","Machine Learning"],"picked":"Seek","floor":16.0},{"not_picked":["Self Repair","Loop"],"picked":"Turbo","floor":17.0},{"not_picked":["Beam Cell+1","Gash"],"picked":"Glacier","floor":18.0},{"not_picked":["Static Discharge","Lockon"],"picked":"Undo+1","floor":22.0},{"not_picked":["Rebound","Buffer"],"picked":"Coolheaded","floor":24.0},{"not_picked":["Undo","Auto Shields"],"picked":"Hologram","floor":25.0},{"not_picked":["Streamline+1","Sweeping Beam","Cold Snap"],"picked":"SKIP","floor":28.0},{"not_picked":["Aggregate","Steam"],"picked":"Coolheaded","floor":29.0},{"not_picked":["Barrage","Glacier"],"picked":"Gash","floor":31.0},{"not_picked":["Thunder Strike","Hyperbeam"],"picked":"Fission","floor":33.0},{"not_picked":["Steam","Leap"],"picked":"Compile Driver+1","floor":35.0},{"not_picked":["Hello World","Steam"],"picked":"Capacitor+1","floor":38.0},{"not_picked":["Steam","Gash"],"picked":"Hologram","floor":39.0},{"not_picked":["Ball Lightning","Conserve Battery"],"picked":"Hologram+1","floor":40.0},{"not_picked":["Steam","Cold Snap+1"],"picked":"Core Surge","floor":42.0},{"not_picked":["Rip and Tear","Sunder"],"picked":"Steam Power+1","floor":45.0},{"not_picked":["Scrape","Hologram"],"picked":"Redo","floor":47.0},{"not_picked":["Conserve Battery","Leap"],"picked":"Machine Learning","floor":48.0},{"not_picked":["Steam","Genetic Algorithm","Rebound"],"picked":"SKIP","floor":55.0}],"player_experience":862754,"relics_obtained":[{"floor":7.0,"key":"CloakClasp"},{"floor":9.0,"key":"CaptainsWheel"},{"floor":14.0,"key":"Oddly Smooth Stone"},{"floor":25.0,"key":"Darkstone Periapt"},{"floor":26.0,"key":"Symbiotic Virus"},{"floor":29.0,"key":"InkBottle"},{"floor":40.0,"key":"War Paint"},{"floor":42.0,"key":"DataDisk"},{"floor":47.0,"key":"Old Coin"},{"floor":48.0,"key":"Orichalcum"},{"floor":55.0,"key":"Gambling Chip"}],"event_choices":[{"damage_healed":0.0,"max_hp_gain":0.0,"max_hp_loss":0.0,"gold_gain":75.0,"event_name":"World of Goop","player_choice":"Gather Gold","floor":3.0,"gold_loss":0.0,"damage_taken":11.0},{"damage_healed":0.0,"max_hp_gain":0.0,"max_hp_loss":0.0,"gold_gain":0.0,"event_name":"Scrap Ooze","player_choice":"Fled","floor":8.0,"gold_loss":0.0,"damage_taken":0.0},{"cards_removed":["Strike_B"],"damage_healed":0.0,"max_hp_gain":0.0,"max_hp_loss":0.0,"gold_gain":0.0,"event_name":"Beggar","player_choice":"Gave Gold","floor":19.0,"gold_loss":75.0,"damage_taken":0.0},{"damage_healed":0.0,"max_hp_gain":0.0,"max_hp_loss":0.0,"gold_gain":0.0,"event_name":"The Mausoleum","player_choice":"Ignored","floor":20.0,"gold_loss":0.0,"damage_taken":0.0},{"cards_removed":["Strike_B"],"damage_healed":0.0,"max_hp_gain":0.0,"max_hp_loss":0.0,"gold_gain":0.0,"event_name":"Wheel of Change","player_choice":"Card Removal","floor":21.0,"gold_loss":0.0,"damage_taken":0.0},{"damage_healed":0.0,"max_hp_gain":0.0,"max_hp_loss":0.0,"gold_gain":0.0,"event_name":"The Library","player_choice":"Read","floor":30.0,"gold_loss":0.0,"damage_taken":0.0,"cards_obtained":["Fusion"]},{"damage_healed":0.0,"max_hp_gain":0.0,"max_hp_loss":0.0,"gold_gain":0.0,"event_name":"Mysterious Sphere","player_choice":"Ignored","floor":37.0,"gold_loss":0.0,"damage_taken":0.0},{"cards_removed":["Core Surge"],"damage_healed":0.0,"max_hp_gain":0.0,"max_hp_loss":0.0,"gold_gain":0.0,"event_name":"Falling","player_choice":"Removed Attack","floor":44.0,"gold_loss":0.0,"damage_taken":0.0},{"damage_healed":0.0,"max_hp_gain":0.0,"max_hp_loss":0.0,"gold_gain":0.0,"event_name":"MindBloom","player_choice":"Fight","floor":47.0,"gold_loss":0.0,"damage_taken":0.0}],"is_beta":true,"boss_relics":[{"not_picked":["Philosopher\u0027s Stone","Black Star"],"picked":"Tiny House"},{"not_picked":["Calling Bell","SacredBark"],"picked":"Astrolabe"}],"items_purged_floors":[5,54],"is_endless":false,"potions_floor_spawned":[2,10,16,24,25,29,39,42,47,48],"ascension_level":20}