{"gold_per_floor":[216,235,160,177,55,55,84,101,101,101,112,112,123,136,136,136],"floor_reached":16,"playtime":428,"items_purged":[],"score":208,"play_id":"9e38ae3e-a08a-488f-9b8a-d30d5455fb26","local_time":"20190920160726","is_ascension_mode":true,"campfire_choices":[{"data":"Zap","floor":6.0,"key":"SMITH"},{"data":"Coolheaded","floor":10,"key":"SMITH"},{"data":"Consume","floor":15,"key":"SMITH"}],"neow_cost":"NONE","seed_source_timestamp":858455213790921,"circlet_count":0,"master_deck":["AscendersBane","Strike_B","Strike_B","Strike_B","Defend_B","Defend_B","Defend_B","Defend_B","Zap+1","Dualcast","Recycle","Beam Cell","Coolheaded+1","Heatsinks","Undo","Turbo","Ball Lightning","Glacier","Consume+1"],"special_seed":0,"relics":["Cracked Core","Unceasing Top","Ornamental Fan"],"potions_floor_usage":[16],"damage_taken":[{"damage":2.0,"enemies":"Cultist","floor":1.0,"turns":4.0},{"damage":7.0,"enemies":"Jaw Worm","floor":2.0,"turns":4.0},{"damage":2.0,"enemies":"2 Louse","floor":4.0,"turns":2.0},{"damage":27.0,"enemies":"3 Sentries","floor":7.0,"turns":12.0},{"damage":0.0,"enemies":"Looter","floor":8.0,"turns":4.0},{"damage":7,"enemies":"Blue Slaver","floor":11,"turns":4},{"damage":0,"enemies":"Exordium Wildlife","floor":13,"turns":5},{"damage":0,"enemies":"2 Fungi Beasts","floor":14,"turns":3},{"damage":19,"enemies":"Slime Boss","floor":16,"turns":6}],"seed_played":"2326615709220362082","potions_obtained":[{"floor":1.0,"key":"Ancient Potion"},{"floor":8.0,"key":"Strength Potion"}],"is_trial":false,"path_per_floor":["M","M","?","M","$","R","E","M","T","R","M","T","M","M","R","B"],"character_chosen":"DEFECT","items_purchased":["Heatsinks","Undo"],"campfire_rested":0,"item_purchase_floors":[5,5],"current_hp_per_floor":[62,55,55,53,53,53,26,26,26,26,19,19,19,19,19,0],"gold":136,"neow_bonus":"HUNDRED_GOLD","is_prod":false,"is_daily":false,"chose_seed":false,"campfire_upgraded":3,"win_rate":0,"timestamp":1568966846,"path_taken":["M","M","?","M","$","R","E","M","T","R","M","?","M","M","R","BOSS"],"build_version":"2019-09-19","purchased_purges":0,"victory":false,"max_hp_per_floor":[71,71,71,71,71,71,71,71,71,71,71,71,71,71,71,71],"card_choices":[{"not_picked":["White Noise","Hologram"],"picked":"Recycle","floor":1.0},{"not_picked":["Leap","Storm"],"picked":"Beam Cell","floor":2.0},{"not_picked":["Gash","Aggregate"],"picked":"Coolheaded","floor":4.0},{"not_picked":["Loop","Storm"],"picked":"Turbo","floor":7.0},{"not_picked":["Melter","Redo"],"picked":"Ball Lightning","floor":8.0},{"not_picked":["Reinforced Body","Amplify"],"picked":"Glacier","floor":11},{"not_picked":["Ball Lightning","Barrage"],"picked":"Consume","floor":13},{"not_picked":["Storm","Rebound","Streamline"],"picked":"SKIP","floor":14}],"player_experience":887452,"relics_obtained":[{"floor":7.0,"key":"Unceasing Top"},{"floor":12,"key":"Ornamental Fan"}],"event_choices":[{"cards_removed":["Strike_B"],"damage_healed":0.0,"max_hp_gain":0.0,"max_hp_loss":0.0,"gold_gain":0.0,"event_name":"The Cleric","player_choice":"Card Removal","floor":3.0,"gold_loss":75.0,"damage_taken":0.0}],"is_beta":true,"boss_relics":[],"items_purged_floors":[],"is_endless":false,"potions_floor_spawned":[1,8,13,14],"killed_by":"Slime Boss","ascension_level":20}