{"gold_per_floor":[111,124,135,151,169,169,188,269,346,346,346,366,400,415,415,519,519,533,544,27,39,53,53,68,168,221,221,45,55,81,81],"floor_reached":31,"playtime":4212,"items_purged":[],"score":263,"play_id":"2407d866-7b42-4ecd-aa07-0a33ea5fa907","local_time":"20190108141353","is_ascension_mode":false,"campfire_choices":[{"data":"Aggregate","floor":6,"key":"SMITH"},{"data":"Zap","floor":10,"key":"SMITH"},{"floor":15,"key":"REST"},{"floor":23,"key":"REST"},{"floor":27,"key":"REST"}],"neow_cost":"NONE","seed_source_timestamp":233451086577875,"circlet_count":0,"master_deck":["Strike_B","Strike_B","Strike_B","Strike_B","Defend_B","Defend_B","Defend_B","Defend_B","Zap+1","Dualcast","FTL","Coolheaded","Rip and Tear","Capacitor","Aggregate+1","Glacier","Parasite","Ball Lightning","Buffer","Rip and Tear","Machine Learning","Conserve Battery+1","Sunder+1","Capacitor","Conserve Battery+1","Leap+1","Blizzard","Sadistic Nature","Ball Lightning+1","Fission+1"],"relics":["Cracked Core","Bottled Lightning","Toxic Egg 2","Centennial Puzzle","Bronze Scales","Peace Pipe","Regal Pillow","Nunchaku"],"potions_floor_usage":[5,13,16,24,29,30],"damage_taken":[{"damage":0,"enemies":"Cultist","floor":1,"turns":4},{"damage":0,"enemies":"2 Louse","floor":2,"turns":4},{"damage":1,"enemies":"Jaw Worm","floor":3,"turns":4},{"damage":7,"enemies":"3 Louse","floor":4,"turns":3},{"damage":9,"enemies":"Exordium Thugs","floor":5,"turns":5},{"damage":19,"enemies":"Large Slime","floor":7,"turns":6},{"damage":0,"enemies":"2 Fungi Beasts","floor":12,"turns":3},{"damage":24,"enemies":"Gremlin Nob","floor":13,"turns":4},{"damage":0,"enemies":"Exordium Wildlife","floor":14,"turns":4},{"damage":5,"enemies":"Slime Boss","floor":16,"turns":10},{"damage":16,"enemies":"Shell Parasite","floor":18,"turns":8},{"damage":4,"enemies":"Spheric Guardian","floor":19,"turns":7},{"damage":20,"enemies":"Snake Plant","floor":21,"turns":6},{"damage":2,"enemies":"Shelled Parasite and Fungi","floor":22,"turns":8},{"damage":15,"enemies":"Centurion and Healer","floor":24,"turns":7},{"damage":48,"enemies":"Cultist and Chosen","floor":29,"turns":7},{"damage":18,"enemies":"Book of Stabbing","floor":30,"turns":8},{"damage":20,"enemies":"Snecko","floor":31,"turns":4}],"seed_played":"8997239276879886336","potions_obtained":[{"floor":1,"key":"Strength Potion"},{"floor":4,"key":"Regen Potion"},{"floor":5,"key":"Explosive Potion"},{"floor":7,"key":"SneckoOil"},{"floor":21,"key":"Poison Potion"},{"floor":22,"key":"Fire Potion"},{"floor":29,"key":"SkillPotion"},{"floor":30,"key":"SneckoOil"}],"is_trial":false,"path_per_floor":["M","M","M","M","M","R","M","T","T","R","?","M","E","M","R","B",null,"M","M","$","M","M","R","M","?","T","R","$","M","E","M"],"character_chosen":"DEFECT","items_purchased":["Bronze Scales","Peace Pipe","Capacitor","Sadistic Nature"],"campfire_rested":3,"item_purchase_floors":[20,20,20,28],"current_hp_per_floor":[82,82,81,74,65,65,46,46,46,46,66,66,47,47,71,66,82,66,62,62,42,40,64,49,49,49,82,82,34,16,0],"gold":81,"neow_bonus":"TEN_PERCENT_HP_BONUS","is_prod":false,"is_daily":false,"chose_seed":false,"campfire_upgraded":2,"win_rate":0.0,"timestamp":1546985633,"path_taken":["M","M","?","M","M","R","M","?","T","R","?","M","E","?","R","BOSS","M","M","$","M","M","R","M","?","T","R","$","M","E","M"],"build_version":"2019-01-03v4","purchased_purges":0,"victory":false,"max_hp_per_floor":[82,82,82,82,82,82,82,82,82,82,82,82,82,82,82,82,82,82,82,82,82,82,82,82,82,82,82,82,82,82,82],"card_choices":[{"not_picked":["Steam Power","Gash"],"picked":"FTL","floor":1},{"not_picked":["Barrage","Cold Snap"],"picked":"Coolheaded","floor":2},{"not_picked":["Turbo","Gash"],"picked":"Rip and Tear","floor":3},{"not_picked":["Conserve Battery","Go for the Eyes"],"picked":"Capacitor","floor":4},{"not_picked":["White Noise","Undo"],"picked":"Aggregate","floor":5},{"not_picked":["Rip and Tear","White Noise"],"picked":"Glacier","floor":7},{"not_picked":["Sweeping Beam","Scrape"],"picked":"Ball Lightning","floor":12},{"not_picked":["Leap+1","Steam+1"],"picked":"Buffer","floor":13},{"not_picked":["Turbo+1","Compile Driver"],"picked":"Rip and Tear","floor":14},{"not_picked":["Biased Cognition","Fission+1"],"picked":"Machine Learning","floor":16},{"not_picked":["Reprogram+1","Cold Snap"],"picked":"Conserve Battery+1","floor":18},{"not_picked":["Cold Snap","Seek+1"],"picked":"Sunder+1","floor":19},{"not_picked":["Turbo+1","Cold Snap+1"],"picked":"Conserve Battery+1","floor":21},{"not_picked":["Hologram+1","Stack+1"],"picked":"Leap+1","floor":22},{"not_picked":["Streamline+1","Rebound+1"],"picked":"Blizzard","floor":24},{"not_picked":["Gash","Recycle+1"],"picked":"Ball Lightning+1","floor":29},{"not_picked":["Steam Power+1","Consume+1"],"picked":"Fission+1","floor":30}],"player_experience":119479,"relics_obtained":[{"floor":8,"key":"Bottled Lightning"},{"floor":9,"key":"Toxic Egg 2"},{"floor":13,"key":"Centennial Puzzle"},{"floor":26,"key":"Regal Pillow"},{"floor":30,"key":"Nunchaku"}],"event_choices":[{"damage_healed":20,"gold_gain":0,"player_choice":"Healed and dodged fight","damage_taken":0,"max_hp_gain":0,"max_hp_loss":0,"event_name":"Mushrooms","floor":11,"gold_loss":0,"cards_obtained":["Parasite"]},{"damage_healed":0,"gold_gain":100,"player_choice":"Pray","damage_taken":0,"max_hp_gain":0,"max_hp_loss":0,"event_name":"Golden Shrine","floor":25,"gold_loss":0}],"is_beta":false,"boss_relics":[{"not_picked":["Snecko Eye","Velvet Choker","Sozu"]}],"items_purged_floors":[],"is_endless":false,"potions_floor_spawned":[1,4,5,7,21,22,29,30],"killed_by":"Snecko","ascension_level":0}