{"gold_per_floor":[110,125,125,144,155,155,181,181,207,217,217,237,257,257,257,352,352,366,94,113,128,128,154,204,238,238,238,249,249,268,183,183,288,288,305,323,88,88,88,88,36,36,36,36,50,68,0,0,0,0],"floor_reached":51,"playtime":2550,"items_purged":["Strike_R"],"score":712,"play_id":"3ccb47da-bb6c-4ad8-8e24-1a8d2356437a","local_time":"20190918051940","is_ascension_mode":false,"campfire_choices":[{"data":"Armaments","floor":6,"key":"SMITH"},{"floor":11,"key":"REST"},{"data":"Bash","floor":15,"key":"SMITH"},{"floor":27,"key":"REST"},{"data":"Double Tap","floor":29,"key":"SMITH"},{"data":"Spot Weakness","floor":32,"key":"SMITH"},{"data":"Immolate","floor":40,"key":"SMITH"},{"data":"Shrug It Off","floor":44,"key":"SMITH"},{"floor":49,"key":"REST"}],"neow_cost":"TEN_PERCENT_HP_LOSS","seed_source_timestamp":1856616035113200,"circlet_count":0,"master_deck":["Strike_R","Strike_R","Defend_R","Defend_R","Defend_R","Defend_R","Bash+1","Armaments+1","Spot Weakness+1","Double Tap+1","Iron Wave","Shrug It Off+1","Immolate+1","Ghostly Armor+1","Iron Wave","Metallicize+1","Berserk+1","Inflame+1","Spot Weakness+1","Battle Trance"],"relics":["Burning Blood","Champion Belt","Omamori","Orichalcum","Bag of Preparation","Velvet Choker","ClockworkSouvenir","Frozen Egg 2","Ornamental Fan","Kunai","Dodecahedron","Busted Crown","DollysMirror","Bottled Flame","Red Mask"],"potions_floor_usage":[7,23,25,28,33,33,36,50,50,50],"damage_taken":[{"damage":3,"enemies":"Jaw Worm","floor":1,"turns":6},{"damage":7,"enemies":"Small Slimes","floor":2,"turns":4},{"damage":2,"enemies":"Cultist","floor":4,"turns":4},{"damage":21,"enemies":"2 Fungi Beasts","floor":5,"turns":5},{"damage":21,"enemies":"Gremlin Nob","floor":7,"turns":4},{"damage":6,"enemies":"Large Slime","floor":10,"turns":6},{"damage":4,"enemies":"Blue Slaver","floor":12,"turns":5},{"damage":2,"enemies":"2 Fungi Beasts","floor":13,"turns":4},{"damage":29,"enemies":"The Guardian","floor":16,"turns":13},{"damage":0,"enemies":"Chosen","floor":18,"turns":4},{"damage":5,"enemies":"3 Byrds","floor":20,"turns":5},{"damage":4,"enemies":"Cultist and Chosen","floor":21,"turns":3},{"damage":0,"enemies":"Gremlin Leader","floor":23,"turns":5},{"damage":44,"enemies":"Book of Stabbing","floor":25,"turns":8},{"damage":10,"enemies":"Centurion and Healer","floor":28,"turns":10},{"damage":1,"enemies":"Snake Plant","floor":30,"turns":6},{"damage":35,"enemies":"Automaton","floor":33,"turns":15},{"damage":0,"enemies":"3 Darklings","floor":35,"turns":4},{"damage":14,"enemies":"3 Shapes","floor":36,"turns":7},{"damage":13,"enemies":"Writhing Mass","floor":45,"turns":5},{"damage":0,"enemies":"Sphere and 2 Shapes","floor":46,"turns":1},{"damage":59,"enemies":"Donu and Deca","floor":50,"turns":10}],"seed_played":"-2909419525581819231","potions_obtained":[{"floor":2,"key":"GamblersBrew"},{"floor":4,"key":"Block Potion"},{"floor":13,"key":"Swift Potion"},{"floor":16,"key":"AttackPotion"},{"floor":23,"key":"SpeedPotion"},{"floor":25,"key":"Regen Potion"},{"floor":33,"key":"Block Potion"},{"floor":35,"key":"BloodPotion"},{"floor":45,"key":"Ancient Potion"}],"is_trial":false,"path_per_floor":["M","M","$","M","M","R","E","?","T","M","R","M","M","?","R","B",null,"M","$","M","M","?","E","?","E","T","R","M","R","M","?","R","B",null,"M","M","$","?","?","R","$","?","T","R","M","M","?","?","R","B",null],"character_chosen":"IRONCLAD","items_purchased":["ClockworkSouvenir","Inflame+1","DollysMirror","Block Potion"],"campfire_rested":3,"item_purchase_floors":[19,37,37,41],"current_hp_per_floor":[72,71,71,72,57,57,42,30,30,30,51,53,57,57,57,34,72,72,72,72,72,72,72,72,34,34,55,66,66,71,71,71,42,72,72,64,64,64,64,64,64,64,64,64,57,63,63,63,72,37],"gold":0,"neow_bonus":"ONE_RARE_RELIC","is_prod":false,"is_daily":false,"chose_seed":false,"campfire_upgraded":6,"win_rate":0,"timestamp":1568798380,"path_taken":["M","M","$","M","M","R","E","?","T","M","R","M","M","?","R","BOSS","M","$","M","M","?","E","?","E","T","R","?","R","M","?","R","BOSS","M","M","$","?","?","R","?","?","T","R","M","?","?","?","R","BOSS"],"build_version":"2019-07-17","purchased_purges":1,"victory":true,"max_hp_per_floor":[72,72,72,72,72,72,72,72,72,72,72,72,72,72,72,72,72,72,72,72,72,72,72,72,72,72,72,72,72,72,72,72,72,72,72,72,72,72,72,72,72,72,72,72,72,72,72,72,72,72],"card_choices":[{"not_picked":["Flex","Body Slam"],"picked":"Armaments","floor":1},{"not_picked":["Cleave","Power Through"],"picked":"Spot Weakness","floor":2},{"not_picked":["Thunderclap","Body Slam"],"picked":"Double Tap","floor":4},{"not_picked":["Intimidate","True Grit"],"picked":"Iron Wave","floor":5},{"not_picked":["Heavy Blade","Clothesline"],"picked":"Shrug It Off","floor":7},{"not_picked":["Cleave","Warcry","Clothesline"],"picked":"SKIP","floor":10},{"not_picked":["Second Wind","True Grit","Body Slam"],"picked":"SKIP","floor":12},{"not_picked":["Dual Wield","Havoc","Shrug It Off"],"picked":"SKIP","floor":13},{"not_picked":["Barricade","Brutality"],"picked":"Immolate","floor":16},{"not_picked":["Havoc","Armaments","Entrench"],"picked":"SKIP","floor":18},{"not_picked":["Flex","Body Slam","Entrench"],"picked":"SKIP","floor":20},{"not_picked":["Clothesline","Rupture"],"picked":"Ghostly Armor+1","floor":21},{"not_picked":["Twin Strike","Seeing Red","Perfected Strike+1"],"picked":"SKIP","floor":23},{"not_picked":["Shockwave","Rupture+1","Anger+1"],"picked":"SKIP","floor":25},{"not_picked":["Shrug It Off","Pommel Strike"],"picked":"Metallicize+1","floor":28},{"not_picked":["Anger","Flex","Uppercut"],"picked":"SKIP","floor":30},{"not_picked":["Impervious","Exhume"],"picked":"Berserk+1","floor":33},{"not_picked":["Twin Strike"],"picked":"SKIP","floor":35},{"not_picked":["Clothesline"],"picked":"SKIP","floor":36},{"not_picked":["Thunderclap"],"picked":"SKIP","floor":45},{"not_picked":["Wild Strike"],"picked":"SKIP","floor":46}],"player_experience":65053,"relics_obtained":[{"floor":7,"key":"Omamori"},{"floor":9,"key":"Bag of Preparation"},{"floor":23,"key":"Frozen Egg 2"},{"floor":25,"key":"Ornamental Fan"},{"floor":26,"key":"Kunai"},{"floor":43,"key":"Bottled Flame"}],"event_choices":[{"damage_healed":0,"gold_gain":0,"player_choice":"Success","damage_taken":12,"relics_obtained":["Orichalcum"],"max_hp_gain":0,"max_hp_loss":0,"event_name":"Scrap Ooze","floor":8,"gold_loss":0},{"damage_healed":0,"gold_gain":0,"player_choice":"Ignored","damage_taken":0,"max_hp_gain":0,"max_hp_loss":0,"event_name":"Golden Idol","floor":14,"gold_loss":0},{"damage_healed":0,"gold_gain":0,"player_choice":"Read","damage_taken":0,"max_hp_gain":0,"max_hp_loss":0,"event_name":"The Library","floor":22,"gold_loss":0,"cards_obtained":["Iron Wave"]},{"damage_healed":0,"gold_gain":100,"player_choice":"Bet on Murderer","damage_taken":0,"max_hp_gain":0,"max_hp_loss":0,"event_name":"The Joust","floor":24,"gold_loss":50},{"damage_healed":0,"gold_gain":0,"player_choice":"Obtained Relic","damage_taken":0,"relics_obtained":["Dodecahedron"],"max_hp_gain":0,"max_hp_loss":0,"event_name":"Addict","floor":31,"gold_loss":85},{"damage_healed":0,"gold_gain":0,"player_choice":"Memory 1","damage_taken":0,"max_hp_gain":0,"max_hp_loss":0,"event_name":"SensoryStone","floor":38,"gold_loss":0},{"damage_healed":0,"gold_gain":0,"player_choice":"Ignored","damage_taken":0,"max_hp_gain":0,"max_hp_loss":0,"event_name":"Mysterious Sphere","floor":39,"gold_loss":0},{"damage_healed":0,"gold_gain":0,"cards_transformed":["Strike_R"],"player_choice":"Transformed","damage_taken":0,"max_hp_gain":0,"max_hp_loss":0,"event_name":"Transmorgrifier","floor":42,"gold_loss":0,"cards_obtained":["Battle Trance"]},{"damage_healed":0,"gold_gain":0,"player_choice":"Paid","damage_taken":0,"relics_obtained":["Red Mask"],"max_hp_gain":0,"max_hp_loss":0,"event_name":"Tomb of Lord Red Mask","floor":47,"gold_loss":68},{"cards_removed":["Strike_R"],"damage_healed":0,"gold_gain":0,"player_choice":"Removed Attack","damage_taken":0,"max_hp_gain":0,"max_hp_loss":0,"event_name":"Falling","floor":48,"gold_loss":0}],"is_beta":false,"boss_relics":[{"not_picked":["Eternal Feather","Black Blood"],"picked":"Velvet Choker"},{"not_picked":["Runic Pyramid","Snecko Eye"],"picked":"Busted Crown"}],"items_purged_floors":[19],"is_endless":false,"potions_floor_spawned":[2,4,13,16,20,23,25,33,35,45],"ascension_level":0}