{"path_per_floor":["M","?","M","M","M","R","E","M","T","M","E","R","E","$","R","B",null,"M","$","M","M","?","R","E","M","T","$","E","?","M"],"character_chosen":"DEFECT","items_purchased":["Coolheaded","Loop","Fire Potion","Defragment","Skim","SkillPotion"],"gold_per_floor":[113,213,224,243,255,255,283,303,351,362,393,393,422,190,190,288,288,303,253,272,289,289,289,321,335,335,117,148,148,160,160],"floor_reached":31,"campfire_rested":0,"playtime":2080,"item_purchase_floors":[14,14,14,27,27,27],"current_hp_per_floor":[66,66,66,66,66,66,58,49,49,51,52,52,49,49,49,51,74,63,63,52,37,37,37,12,9,9,9,1,1,3,0],"items_purged":["Strike_B","Strike_B","Decay"],"gold":160,"score":511,"play_id":"acd51cb0-1f73-4084-8b95-6ff3de2e51ba","local_time":"20180610104228","is_prod":false,"is_daily":false,"chose_seed":false,"is_ascension_mode":true,"campfire_upgraded":4,"win_rate":0,"timestamp":1528620148,"campfire_choices":[{"data":"Rip and Tear","floor":6.0,"key":"SMITH"},{"data":"Defragment","floor":12,"key":"SMITH"},{"data":"Loop","floor":15,"key":"SMITH"},{"data":"Barrage","floor":23,"key":"SMITH"}],"path_taken":["M","?","M","M","M","R","E","M","T","M","E","R","E","$","R","BOSS","M","$","M","M","?","R","E","M","T","$","E","?","?","M"],"build_version":"2018-06-07v3","seed_source_timestamp":42149183896252,"purchased_purges":3,"victory":false,"master_deck":["Defend_B","Defend_B","Defend_B","Defend_B","Zap","Dualcast","Hello World","Leap","Sweeping Beam","Rip and Tear+1","Chill","Barrage","Cold Snap","Defragment+1","Coolheaded","Loop+1","Electrodynamics","Barrage+1","Coolheaded","Blizzard+1","Go for the Eyes","Coolheaded+1","Defragment","Skim","Defragment","Cold Snap"],"max_hp_per_floor":[75,75,75,75,75,75,75,75,75,75,75,75,82,82,82,82,82,82,82,82,82,82,82,92,92,92,92,92,92,92,92],"relics":["Cracked Core","Letter Opener","Blood Vial","Smiling Mask","Strawberry","Cursed Key","Dream Catcher","Symbiotic Virus","Question Card"],"card_choices":[{"not_picked":["Redo","Heatsinks"],"picked":"Leap","floor":1.0},{"not_picked":["Gash","Leap","Rebound"],"picked":"SKIP","floor":3.0},{"not_picked":["Barrage","Coolheaded"],"picked":"Sweeping Beam","floor":4.0},{"not_picked":["FTL","Storm"],"picked":"Rip and Tear","floor":5.0},{"not_picked":["Darkness","White Noise"],"picked":"Chill","floor":7},{"not_picked":["Leap","White Noise"],"picked":"Barrage","floor":8},{"not_picked":["Turbo","Hologram"],"picked":"Cold Snap","floor":10},{"not_picked":["Gash","Streamline"],"picked":"Defragment","floor":11},{"not_picked":["Steam Power","Chill","Rebound"],"picked":"SKIP","floor":13},{"not_picked":["Hyperbeam","Multi-Cast"],"picked":"Electrodynamics","floor":16},{"not_picked":["Chill","Go for the Eyes"],"picked":"Barrage","floor":18},{"not_picked":["Hologram","Streamline"],"picked":"Coolheaded","floor":20},{"not_picked":["Barrage","Beam Cell"],"picked":"Blizzard+1","floor":21},{"not_picked":["Ball Lightning","Conserve Battery"],"picked":"Go for the Eyes","floor":24},{"not_picked":["Compile Driver","Streamline"],"picked":"Coolheaded+1","floor":25},{"not_picked":["White Noise","Hologram"],"picked":"Defragment","floor":28},{"not_picked":["Electrodynamics","Redo","Undo"],"picked":"Cold Snap","floor":30}],"player_experience":838582,"potions_floor_usage":[7,13,16,20,24,24,24,28],"damage_taken":[{"damage":2.0,"enemies":"Jaw Worm","floor":1.0,"turns":4.0},{"damage":0.0,"enemies":"Cultist","floor":3.0,"turns":4.0},{"damage":0.0,"enemies":"Small Slimes","floor":4.0,"turns":3.0},{"damage":0.0,"enemies":"Red Slaver","floor":5.0,"turns":4.0},{"damage":8,"enemies":"Gremlin Nob","floor":7,"turns":3},{"damage":9,"enemies":"3 Louse","floor":8,"turns":3},{"damage":0,"enemies":"Lots of Slimes","floor":10,"turns":3},{"damage":1,"enemies":"3 Sentries","floor":11,"turns":7},{"damage":12,"enemies":"Gremlin Nob","floor":13,"turns":3},{"damage":0,"enemies":"Slime Boss","floor":16,"turns":8},{"damage":13,"enemies":"3 Byrds","floor":18,"turns":4},{"damage":13,"enemies":"Chosen","floor":20,"turns":5},{"damage":17,"enemies":"Centurion and Healer","floor":21,"turns":8},{"damage":37,"enemies":"Gremlin Leader","floor":24,"turns":6},{"damage":5,"enemies":"Sentry and Sphere","floor":25,"turns":4},{"damage":10,"enemies":"Slavers","floor":28,"turns":6},{"damage":0,"enemies":"Snecko","floor":30,"turns":4},{"damage":11,"enemies":"Snake Plant","floor":31,"turns":1}],"relics_obtained":[{"floor":7,"key":"Letter Opener"},{"floor":9,"key":"Blood Vial"},{"floor":11,"key":"Smiling Mask"},{"floor":13,"key":"Strawberry"},{"floor":24,"key":"Dream Catcher"},{"floor":26,"key":"Symbiotic Virus"},{"floor":28,"key":"Question Card"}],"event_choices":[{"event_name":"Wheel of Change","player_choice":"Gold","floor":2.0,"damage_taken":0.0},{"event_name":"The Lab","player_choice":"Got Potions","floor":22,"damage_taken":0},{"event_name":"Back to Basics","player_choice":"Elegance","floor":29,"damage_taken":0}],"boss_relics":[{"not_picked":["Runic Pyramid","Pandora\u0027s Box"],"picked":"Cursed Key"}],"items_purged_floors":[14,19,27],"potions_floor_spawned":[3,5,8,16,20,21,25],"seed_played":"-3922162334047180538","killed_by":"Snake Plant","ascension_level":8,"potions_obtained":[{"floor":3.0,"key":"Ancient Potion"},{"floor":5.0,"key":"SteroidPotion"},{"floor":8,"key":"SteroidPotion"},{"floor":16,"key":"SkillPotion"},{"floor":20,"key":"Energy Potion"},{"floor":21,"key":"SkillPotion"},{"floor":22,"key":"Fruit Juice"},{"floor":22,"key":"Fruit Juice"},{"floor":25,"key":"SneckoOil"}],"is_trial":false}