{"gold_per_floor":[117,117,135,135,147,147,159,175,220,220,237,269,280,280,280,380,380,398,253,286,211,230,230,249,249,249,249,249,266,282,293,293,395,395,413,513,524,126,143,143,143,160,185,203,221,221,221,236,236,236],"floor_reached":51,"playtime":3973,"items_purged":["Strike_G","Normality"],"score":632,"play_id":"78c8d825-acbe-4b48-a9eb-5453ae5da698","local_time":"20190918142817","is_ascension_mode":false,"campfire_choices":[{"data":"Neutralize","floor":6,"key":"SMITH"},{"data":"Footwork","floor":10,"key":"SMITH"},{"data":"Venomology","floor":15,"key":"SMITH"},{"floor":23,"key":"REST"},{"floor":27,"key":"REST"},{"floor":32,"key":"REST"},{"data":"Footwork","floor":40,"key":"SMITH"},{"floor":47,"key":"REST"},{"floor":49,"key":"REST"}],"neow_cost":"NONE","seed_source_timestamp":1888112783501200,"circlet_count":0,"master_deck":["Strike_G","Strike_G","Defend_G","Defend_G","Defend_G","Defend_G","Defend_G","Survivor","Neutralize+1","Backflip","Blur","Bouncing Flask","Footwork+1","Dagger Throw","Noxious Fumes","Venomology+1","Corpse Explosion","Cloak And Dagger","Footwork+1","Noxious Fumes+1","Backflip","Dodge and Roll","Leg Sweep+1","Cloak And Dagger","After Image"],"relics":["Ring of the Snake","Omamori","Pen Nib","StoneCalendar","Ancient Tea Set","Ginger","Philosopher\u0027s Stone","Red Mask","Orichalcum","Calling Bell","Juzu Bracelet","Frozen Egg 2","FossilizedHelix","Dead Branch","Oddly Smooth Stone","Regal Pillow","Dream Catcher"],"potions_floor_usage":[18,20,20,22,30,31,33,33,35,36,37,37,42,45,50,50,50,50],"damage_taken":[{"damage":0,"enemies":"Cultist","floor":1,"turns":5},{"damage":2,"enemies":"Jaw Worm","floor":3,"turns":5},{"damage":0,"enemies":"Small Slimes","floor":5,"turns":4},{"damage":1,"enemies":"Exordium Wildlife","floor":7,"turns":6},{"damage":0,"enemies":"Blue Slaver","floor":8,"turns":5},{"damage":2,"enemies":"Large Slime","floor":11,"turns":6},{"damage":15,"enemies":"Gremlin Nob","floor":12,"turns":4},{"damage":2,"enemies":"Exordium Wildlife","floor":13,"turns":7},{"damage":2,"enemies":"Slime Boss","floor":16,"turns":7},{"damage":0,"enemies":"Shell Parasite","floor":18,"turns":7},{"damage":29,"enemies":"Masked Bandits","floor":20,"turns":4},{"damage":25,"enemies":"3 Byrds","floor":22,"turns":3},{"damage":4,"enemies":"Snake Plant","floor":24,"turns":5},{"damage":0,"enemies":"3 Cultists","floor":28,"turns":3},{"damage":4,"enemies":"Cultist and Chosen","floor":29,"turns":7},{"damage":5,"enemies":"Shelled Parasite and Fungi","floor":30,"turns":6},{"damage":10,"enemies":"Snecko","floor":31,"turns":7},{"damage":27,"enemies":"Champ","floor":33,"turns":12},{"damage":0,"enemies":"Orb Walker","floor":35,"turns":6},{"damage":0,"enemies":"Mind Bloom Boss Battle","floor":36,"turns":9},{"damage":23,"enemies":"3 Darklings","floor":37,"turns":6},{"damage":2,"enemies":"Transient","floor":39,"turns":5},{"damage":0,"enemies":"Maw","floor":42,"turns":8},{"damage":37,"enemies":"4 Shapes","floor":44,"turns":7},{"damage":0,"enemies":"Spire Growth","floor":45,"turns":8},{"damage":0,"enemies":"Transient","floor":48,"turns":5},{"damage":26,"enemies":"Donu and Deca","floor":50,"turns":10}],"seed_played":"-4293610124704512561","potions_obtained":[{"floor":1,"key":"Strength Potion"},{"floor":8,"key":"GamblersBrew"},{"floor":24,"key":"SteroidPotion"},{"floor":36,"key":"Regen Potion"}],"is_trial":false,"path_per_floor":["M","T","M","T","M","R","M","M","T","R","M","E","M","?","R","B",null,"M","$","?","?","M","R","M","?","T","R","M","M","M","M","R","B",null,"M","?","M","$","M","R","?","M","T","M","M","?","R","M","R","B",null],"character_chosen":"THE_SILENT","items_purchased":["Footwork","Oddly Smooth Stone","Regal Pillow"],"campfire_rested":5,"item_purchase_floors":[19,38,38],"current_hp_per_floor":[70,70,68,68,68,68,67,67,67,67,65,50,48,48,48,46,70,70,70,41,41,16,37,33,33,33,54,54,50,45,35,56,29,70,70,70,57,57,55,55,55,55,55,18,18,18,54,54,70,44],"gold":236,"neow_bonus":"RANDOM_COMMON_RELIC","is_prod":false,"is_daily":false,"chose_seed":false,"campfire_upgraded":4,"win_rate":0,"timestamp":1568831297,"path_taken":["M","?","M","?","M","R","?","M","T","R","M","E","M","?","R","BOSS","M","$","?","?","M","R","M","?","T","R","M","M","M","M","R","BOSS","M","?","M","$","M","R","?","M","T","M","M","?","R","M","R","BOSS"],"build_version":"2019-07-17","purchased_purges":2,"victory":true,"max_hp_per_floor":[70,70,70,70,70,70,70,70,70,70,70,70,70,70,70,70,70,70,70,70,70,70,70,70,70,70,70,70,70,70,70,70,70,70,70,70,70,70,70,70,70,70,70,70,70,70,70,70,70,70],"card_choices":[{"not_picked":["Reflex","Poisoned Stab"],"picked":"Backflip","floor":1},{"not_picked":["PiercingWail","Quick Slash"],"picked":"Blur","floor":3},{"not_picked":["Bane","Backflip"],"picked":"Bouncing Flask","floor":5},{"not_picked":["Dodge and Roll","Setup"],"picked":"Footwork","floor":7},{"not_picked":["Deflect","Crippling Poison","Choke"],"picked":"SKIP","floor":8},{"not_picked":["Corpse Explosion","Backflip"],"picked":"Dagger Throw","floor":11},{"not_picked":["Adrenaline","Crippling Poison"],"picked":"Noxious Fumes","floor":12},{"not_picked":["Quick Slash","Deflect","Dagger Spray"],"picked":"SKIP","floor":13},{"not_picked":["Venomology","Bullet Time"],"picked":"Corpse Explosion","floor":16},{"not_picked":["Underhanded Strike+1","Skewer"],"picked":"Cloak And Dagger","floor":18},{"not_picked":["Concentrate","Riddle With Holes"],"picked":"Noxious Fumes+1","floor":20},{"not_picked":["Bane","Flying Knee"],"picked":"Backflip","floor":22},{"not_picked":["Poisoned Stab","Dash","Dagger Spray+1"],"picked":"SKIP","floor":24},{"not_picked":["Terror","PiercingWail+1"],"picked":"Dodge and Roll","floor":28},{"not_picked":["Underhanded Strike","Slice"],"picked":"Leg Sweep+1","floor":29},{"not_picked":["Slice","Phantasmal Killer"],"picked":"Cloak And Dagger","floor":30},{"not_picked":["Blade Dance","Distraction","Dagger Throw"],"picked":"SKIP","floor":31},{"not_picked":["Corpse Explosion","Envenom"],"picked":"After Image","floor":33},{"not_picked":["Reflex","Flechettes","Backflip"],"picked":"SKIP","floor":35},{"not_picked":["Deadly Poison","Escape Plan+1","Acrobatics"],"picked":"SKIP","floor":37},{"not_picked":["Eviscerate+1","Cloak And Dagger+1","Dodge and Roll+1"],"picked":"SKIP","floor":39},{"not_picked":["Doppelganger","Dagger Throw+1","Leg Sweep+1"],"picked":"SKIP","floor":42},{"not_picked":["PiercingWail+1","Setup","Concentrate+1"],"picked":"SKIP","floor":44},{"not_picked":["Underhanded Strike","Flying Knee+1","Dagger Spray+1"],"picked":"SKIP","floor":45},{"not_picked":["Reflex+1","Bouncing Flask","Backflip"],"picked":"SKIP","floor":48}],"player_experience":87833,"relics_obtained":[{"floor":2,"key":"Pen Nib"},{"floor":4,"key":"StoneCalendar"},{"floor":9,"key":"Ancient Tea Set"},{"floor":12,"key":"Ginger"},{"floor":20,"key":"Red Mask"},{"floor":26,"key":"Orichalcum"},{"floor":34,"key":"Juzu Bracelet"},{"floor":34,"key":"Frozen Egg 2"},{"floor":34,"key":"FossilizedHelix"},{"floor":36,"key":"Dead Branch"},{"floor":43,"key":"Dream Catcher"}],"event_choices":[{"damage_healed":0,"gold_gain":0,"cards_transformed":["Strike_G"],"player_choice":"Transformed","damage_taken":0,"max_hp_gain":0,"max_hp_loss":0,"event_name":"Transmorgrifier","floor":14,"gold_loss":0,"cards_obtained":["Venomology"]},{"damage_healed":0,"gold_gain":0,"player_choice":"Fought Bandits","damage_taken":0,"max_hp_gain":0,"max_hp_loss":0,"event_name":"Masked Bandits","floor":20,"gold_loss":0},{"cards_removed":["Strike_G"],"damage_healed":0,"gold_gain":0,"player_choice":"Gave Gold","damage_taken":0,"max_hp_gain":0,"max_hp_loss":0,"event_name":"Beggar","floor":21,"gold_loss":75},{"damage_healed":0,"gold_gain":0,"player_choice":"Ignored","damage_taken":0,"max_hp_gain":0,"max_hp_loss":0,"event_name":"Cursed Tome","floor":25,"gold_loss":0},{"damage_healed":0,"gold_gain":0,"player_choice":"Fight","damage_taken":0,"max_hp_gain":0,"max_hp_loss":0,"event_name":"MindBloom","floor":36,"gold_loss":0},{"damage_healed":0,"gold_gain":0,"player_choice":"Memory 1","damage_taken":0,"max_hp_gain":0,"max_hp_loss":0,"event_name":"SensoryStone","floor":41,"gold_loss":0},{"damage_healed":0,"gold_gain":0,"player_choice":"Ignored","damage_taken":0,"max_hp_gain":0,"max_hp_loss":0,"event_name":"Mysterious Sphere","floor":46,"gold_loss":0}],"is_beta":false,"boss_relics":[{"not_picked":["Pandora\u0027s Box","Ring of the Serpent"],"picked":"Philosopher\u0027s Stone"},{"not_picked":["White Beast Statue","HoveringKite"],"picked":"Calling Bell"}],"items_purged_floors":[19,38],"is_endless":false,"potions_floor_spawned":[1,8,16,24,28,31,36,39,42],"ascension_level":0}