{"gold_per_floor":[369,389,402,222,222,222,23,53,53,128,128,160,160,170,170,243,243,256,306,181,191,211,211,243,243,325,354,216,216,216,234,234,309,309,320,320,330,12,12,39,39,72,72,149,149,177,177,210,210,210,210,210,210,37,62,62],"floor_reached":57,"playtime":2680,"items_purged":["Normality","Strike_G","Flying Knee+1","Masterful Stab"],"score":3245,"play_id":"684beef3-d3f3-4699-bf37-f678c4d3bd97","local_time":"20190817094146","is_ascension_mode":true,"campfire_choices":[{"data":"Flechettes","floor":6.0,"key":"SMITH"},{"data":"Acrobatics","floor":11.0,"key":"SMITH"},{"data":"Deep Breath","floor":15.0,"key":"SMITH"},{"data":"Night Terror","floor":23.0,"key":"SMITH"},{"data":"Purity","floor":25.0,"key":"SMITH"},{"data":"Tactician","floor":29.0,"key":"SMITH"},{"floor":32.0,"key":"RECALL"},{"data":"Impatience","floor":41.0,"key":"SMITH"},{"data":"Footwork","floor":45.0,"key":"SMITH"},{"floor":47.0,"key":"REST"},{"floor":49.0,"key":"REST"},{"floor":53.0,"key":"REST"}],"neow_cost":"CURSE","seed_source_timestamp":191748074954069,"circlet_count":0,"master_deck":["AscendersBane","Defend_G","Defend_G","Defend_G","Defend_G","Defend_G","Survivor","Acrobatics+1","Flechettes+1","Deep Breath+1","Purity+1","Escape Plan","Night Terror+1","Setup+1","Footwork+1","Tactician+1","Footwork+1","Blur","Impatience+1"],"special_seed":0,"relics":["Ring of the Snake","Pear","WingedGreaves","Du-Vu Doll","Astrolabe","Darkstone Periapt","Question Card","MawBank","Runic Pyramid","TheAbacus","Regal Pillow","PreservedInsect","The Courier","Orichalcum","Tough Bandages","Bag of Preparation","Boot"],"potions_floor_usage":[56,56],"damage_taken":[{"damage":2.0,"enemies":"Cultist","floor":1.0,"turns":5.0},{"damage":7.0,"enemies":"Jaw Worm","floor":2.0,"turns":8.0},{"damage":0.0,"enemies":"2 Louse","floor":3.0,"turns":3.0},{"damage":23.0,"enemies":"Lagavulin","floor":8.0,"turns":9.0},{"damage":14.0,"enemies":"Gremlin Nob","floor":12.0,"turns":3.0},{"damage":0.0,"enemies":"Large Slime","floor":14.0,"turns":3.0},{"damage":0.0,"enemies":"Hexaghost","floor":16.0,"turns":7.0},{"damage":1.0,"enemies":"Shell Parasite","floor":18.0,"turns":4.0},{"damage":12.0,"enemies":"2 Thieves","floor":21.0,"turns":4.0},{"damage":1.0,"enemies":"Sentry and Sphere","floor":22.0,"turns":3.0},{"damage":1.0,"enemies":"Book of Stabbing","floor":24.0,"turns":2.0},{"damage":27.0,"enemies":"Slavers","floor":27.0,"turns":3.0},{"damage":0.0,"enemies":"Snake Plant","floor":31.0,"turns":5.0},{"damage":2.0,"enemies":"Automaton","floor":33.0,"turns":6.0},{"damage":0.0,"enemies":"3 Shapes","floor":35.0,"turns":5.0},{"damage":0.0,"enemies":"3 Darklings","floor":37.0,"turns":5.0},{"damage":0.0,"enemies":"Giant Head","floor":40.0,"turns":3.0},{"damage":0.0,"enemies":"Nemesis","floor":42.0,"turns":8.0},{"damage":0.0,"enemies":"Reptomancer","floor":46.0,"turns":2.0},{"damage":9.0,"enemies":"Giant Head","floor":48.0,"turns":4.0},{"damage":0.0,"enemies":"Time Eater","floor":50.0,"turns":8.0},{"damage":8.0,"enemies":"Donu and Deca","floor":51.0,"turns":3.0},{"damage":0.0,"enemies":"Shield and Spear","floor":55.0,"turns":2.0},{"damage":56,"enemies":"The Heart","floor":56,"turns":8}],"seed_played":"-2247148055749297753","potions_obtained":[{"floor":2.0,"key":"PowerPotion"},{"floor":12.0,"key":"SkillPotion"},{"floor":13.0,"key":"EssenceOfSteel"},{"floor":16.0,"key":"Energy Potion"},{"floor":21.0,"key":"EssenceOfSteel"},{"floor":24.0,"key":"Weak Potion"},{"floor":31.0,"key":"LiquidBronze"},{"floor":37.0,"key":"LiquidBronze"}],"is_trial":false,"path_per_floor":["M","M","M","$","?","R","$","E","T","?","R","E","?","M","R","B",null,"M","?","$","M","M","R","E","R","T","E","$","R","?","M","R","B",null,"M","?","M","$","?","E","R","E","T","T","R","E","R","E","R","B","B",null,"R","$","E","B",null],"character_chosen":"THE_SILENT","items_purchased":["Deep Breath","Purity","TheAbacus","Impatience","Bag of Preparation","Energy Potion"],"campfire_rested":3,"item_purchase_floors":[4,7,38,38,54,54],"current_hp_per_floor":[57,50,50,50,50,50,50,37,37,26,26,12,12,12,12,12,60,59,59,59,47,46,46,45,45,45,18,18,18,18,18,18,16,61,61,61,61,61,61,61,61,61,61,61,61,61,76,67,76,76,68,74,76,76,76,20],"gold":62,"neow_bonus":"TWO_FIFTY_GOLD","is_prod":false,"is_daily":false,"chose_seed":false,"campfire_upgraded":8,"win_rate":0,"timestamp":1566002506,"path_taken":["M","?","M","$","?","R","$","E","T","?","R","E","?","M","R","BOSS","M","?","$","M","M","R","E","R","T","E","$","R","?","M","R","BOSS","M","?","M","$","?","E","R","E","T","?","R","E","R","E","R","BOSS","BOSS","R","$","E","BOSS"],"build_version":"2019-07-17","purchased_purges":4,"victory":true,"max_hp_per_floor":[66,66,66,66,66,66,66,76,76,76,76,76,76,76,76,76,76,76,76,76,76,76,76,76,76,76,76,76,76,76,76,76,76,76,76,76,76,76,76,76,76,76,76,76,76,76,76,76,76,76,76,76,76,76,76,76],"card_choices":[{"not_picked":["Dagger Spray","Cloak And Dagger"],"picked":"Acrobatics","floor":1.0},{"not_picked":["Blur","Dagger Throw"],"picked":"Flechettes","floor":2.0},{"not_picked":["Distraction","Poisoned Stab"],"picked":"Masterful Stab","floor":3.0},{"not_picked":["Poisoned Stab","Riddle With Holes","Sucker Punch"],"picked":"SKIP","floor":8.0},{"not_picked":["Masterful Stab","Slice","Flying Knee"],"picked":"SKIP","floor":12.0},{"not_picked":["Phantasmal Killer","Bane"],"picked":"Escape Plan","floor":14.0},{"not_picked":["Doppelganger","Tools of the Trade"],"picked":"Night Terror","floor":16.0},{"not_picked":["Choke","Backflip","Heel Hook"],"picked":"SKIP","floor":18.0},{"not_picked":["Setup","Poisoned Stab+1","Outmaneuver"],"picked":"SKIP","floor":21.0},{"not_picked":["Poisoned Stab","Envenom","Skewer"],"picked":"SKIP","floor":22.0},{"not_picked":["Poisoned Stab+1","Concentrate","Infinite Blades"],"picked":"SKIP","floor":24.0},{"not_picked":["Deflect","Footwork","Acrobatics"],"picked":"Tactician","floor":27.0},{"not_picked":["Poisoned Stab","Footwork","Deadly Poison","Heel Hook"],"picked":"SKIP","floor":31.0},{"not_picked":["Poisoned Stab","Footwork","Deadly Poison","Heel Hook"],"picked":"SKIP","floor":31.0},{"not_picked":["Poisoned Stab","Deadly Poison","Heel Hook"],"picked":"Footwork","floor":31.0},{"not_picked":["Dodge and Roll","Blur","Prepared","Sucker Punch"],"picked":"SKIP","floor":35.0},{"not_picked":["Dodge and Roll","Prepared","Sucker Punch"],"picked":"Blur","floor":35.0},{"not_picked":["Finisher","Cloak And Dagger","Glass Knife","Underhanded Strike+1"],"picked":"SKIP","floor":37.0},{"not_picked":["Masterful Stab","Backstab","Expertise","Predator"],"picked":"SKIP","floor":40.0},{"not_picked":["Accuracy","Setup+1","Noxious Fumes","Underhanded Strike"],"picked":"SKIP","floor":42.0},{"not_picked":["Outmaneuver","Noxious Fumes","Expertise","Blade Dance+1"],"picked":"SKIP","floor":46.0},{"not_picked":["Skewer","Blade Dance+1","Tools of the Trade","Setup"],"picked":"SKIP","floor":48.0},{"not_picked":["Prepared","Footwork","Dagger Spray","Unload"],"picked":"SKIP","floor":55.0}],"player_experience":911385,"relics_obtained":[{"floor":8.0,"key":"Pear"},{"floor":9.0,"key":"WingedGreaves"},{"floor":12.0,"key":"Du-Vu Doll"},{"floor":24.0,"key":"Darkstone Periapt"},{"floor":26.0,"key":"Question Card"},{"floor":27.0,"key":"MawBank"},{"floor":40.0,"key":"Regal Pillow"},{"floor":42.0,"key":"PreservedInsect"},{"floor":44.0,"key":"The Courier"},{"floor":46.0,"key":"Orichalcum"},{"floor":48.0,"key":"Tough Bandages"},{"floor":55.0,"key":"Boot"}],"event_choices":[{"cards_removed":["Strike_G"],"damage_healed":0.0,"max_hp_gain":0.0,"max_hp_loss":0.0,"gold_gain":0.0,"event_name":"Living Wall","player_choice":"Forget","floor":5.0,"gold_loss":0.0,"damage_taken":0.0},{"damage_healed":0.0,"max_hp_gain":0.0,"max_hp_loss":0.0,"gold_gain":75.0,"event_name":"World of Goop","player_choice":"Gather Gold","floor":10.0,"gold_loss":0.0,"damage_taken":11.0},{"damage_healed":0.0,"max_hp_gain":0.0,"max_hp_loss":0.0,"gold_gain":0.0,"event_name":"Lab","player_choice":"Got Potions","floor":13.0,"gold_loss":0.0,"damage_taken":0.0},{"damage_healed":0.0,"max_hp_gain":0.0,"max_hp_loss":0.0,"gold_gain":50.0,"event_name":"Nest","player_choice":"Stole From Cult","floor":19.0,"gold_loss":0.0,"damage_taken":0.0},{"damage_healed":0.0,"max_hp_gain":0.0,"max_hp_loss":0.0,"gold_gain":0.0,"event_name":"The Mausoleum","player_choice":"Ignored","floor":30.0,"gold_loss":0.0,"damage_taken":0.0},{"damage_healed":0.0,"max_hp_gain":0.0,"max_hp_loss":0.0,"gold_gain":0.0,"event_name":"Tomb of Lord Red Mask","player_choice":"Ignored","floor":36.0,"gold_loss":0.0,"damage_taken":0.0},{"cards_removed":["Neutralize"],"damage_healed":0.0,"max_hp_gain":0.0,"max_hp_loss":0.0,"gold_gain":0.0,"event_name":"Falling","player_choice":"Removed Attack","floor":39.0,"gold_loss":0.0,"damage_taken":0.0}],"is_beta":false,"boss_relics":[{"not_picked":["Cursed Key","Orrery"],"picked":"Astrolabe"},{"not_picked":["Ring of the Serpent","Busted Crown"],"picked":"Runic Pyramid"}],"items_purged_floors":[4,7,20,28],"is_endless":false,"potions_floor_spawned":[2,12,14,16,21,24,31,37,42,46],"ascension_level":20}