{"gold_per_floor":[114,134,134,153,171,171,191,143,143,8,8,28,28,57,57,153,203,222,236,269,15,15,15,25,38,87,100,5,5,5],"floor_reached":30,"playtime":2138,"items_purged":[],"score":257,"play_id":"aebad103-d61b-4b34-beb3-63e47fda70db","local_time":"20190828211957","is_ascension_mode":false,"campfire_choices":[{"data":"Dash","floor":6,"key":"SMITH"},{"floor":11,"key":"REST"},{"floor":15,"key":"REST"},{"floor":23,"key":"REST"}],"neow_cost":"NONE","seed_source_timestamp":361888927051226,"circlet_count":0,"master_deck":["Strike_G","Strike_G","Strike_G+1","Strike_G","Strike_G","Defend_G","Defend_G","Defend_G","Defend_G","Defend_G","Survivor","Neutralize","Deadly Poison","Dodge and Roll","Neutralize","Mind Blast","Riddle With Holes","Dash+1","Poisoned Stab","Sucker Punch","Flying Knee","Die Die Die","Deadly Poison","Backflip","Corpse Explosion","Predator","Dagger Spray","Caltrops","Escape Plan+1","Terror+1","Dagger Spray","Blade Dance","Enlightenment"],"relics":["Ring of the Snake","Letter Opener","Vajra","Tiny House","Red Mask","Mummified Hand","Art of War","Frozen Egg 2"],"potions_floor_usage":[14,17,24,24,25,30],"damage_taken":[{"damage":2,"enemies":"Small Slimes","floor":1,"turns":4},{"damage":0,"enemies":"Cultist","floor":2,"turns":4},{"damage":6,"enemies":"Jaw Worm","floor":4,"turns":5},{"damage":0,"enemies":"Exordium Wildlife","floor":5,"turns":4},{"damage":17,"enemies":"Exordium Thugs","floor":7,"turns":6},{"damage":0,"enemies":"Large Slime","floor":12,"turns":4},{"damage":13,"enemies":"Lagavulin","floor":14,"turns":6},{"damage":16,"enemies":"Slime Boss","floor":16,"turns":10},{"damage":24,"enemies":"Shell Parasite","floor":18,"turns":6},{"damage":20,"enemies":"Spheric Guardian","floor":19,"turns":4},{"damage":28,"enemies":"Masked Bandits","floor":20,"turns":4},{"damage":15,"enemies":"Snecko","floor":24,"turns":5},{"damage":10,"enemies":"Centurion and Healer","floor":25,"turns":7},{"damage":10,"enemies":"Snake Plant","floor":27,"turns":4},{"damage":22,"enemies":"Snecko","floor":30,"turns":3}],"seed_played":"774240288224339733","potions_obtained":[{"floor":2,"key":"Swift Potion"},{"floor":12,"key":"Dexterity Potion"},{"floor":16,"key":"SteroidPotion"},{"floor":17,"key":"Fruit Juice"},{"floor":20,"key":"Dexterity Potion"},{"floor":24,"key":"SteroidPotion"},{"floor":25,"key":"PowerPotion"},{"floor":27,"key":"Dexterity Potion"}],"is_trial":false,"path_per_floor":["M","M","?","M","M","R","M","$","T","$","R","M","?","E","R","B",null,"M","M","?","$","$","R","M","M","T","M","$","T","M"],"character_chosen":"THE_SILENT","items_purchased":["Weak Potion","Flying Knee","Die Die Die","Mummified Hand","Enlightenment"],"campfire_rested":3,"item_purchase_floors":[8,10,10,21,28],"current_hp_per_floor":[75,75,75,69,69,69,52,52,52,52,75,75,75,62,77,61,87,63,43,15,15,15,41,26,16,16,6,6,6,0],"gold":5,"neow_bonus":"TEN_PERCENT_HP_BONUS","is_prod":false,"is_daily":false,"chose_seed":false,"campfire_upgraded":1,"win_rate":0,"timestamp":1567052397,"path_taken":["M","M","?","M","M","R","?","$","T","$","R","?","?","E","R","BOSS","M","M","?","?","$","R","M","M","T","M","$","?","M"],"build_version":"2019-07-17","purchased_purges":0,"victory":false,"max_hp_per_floor":[77,77,77,77,77,77,77,77,77,77,77,77,77,77,77,77,87,87,87,87,87,87,87,87,87,87,87,87,87,87],"card_choices":[{"not_picked":["Dodge and Roll","Flying Knee"],"picked":"Deadly Poison","floor":1},{"not_picked":["Expertise","Prepared"],"picked":"Dodge and Roll","floor":2},{"not_picked":["Prepared","Backflip"],"picked":"Dash","floor":4},{"not_picked":["Tactician","Prepared"],"picked":"Poisoned Stab","floor":5},{"not_picked":["Skewer","Footwork"],"picked":"Sucker Punch","floor":7},{"not_picked":["Dagger Spray","Deflect"],"picked":"Deadly Poison","floor":12},{"not_picked":["Unload","Finisher"],"picked":"Backflip","floor":14},{"not_picked":["Wraith Form v2","Malaise"],"picked":"Corpse Explosion","floor":16},{"not_picked":["Heel Hook","Bane"],"picked":"Predator","floor":17},{"not_picked":["Prepared+1","Underhanded Strike"],"picked":"Dagger Spray","floor":18},{"not_picked":["Sucker Punch","Outmaneuver"],"picked":"Caltrops","floor":19},{"not_picked":["Outmaneuver","Bane"],"picked":"Escape Plan+1","floor":20},{"not_picked":["Cloak And Dagger","Prepared"],"picked":"Terror+1","floor":24},{"not_picked":["Deadly Poison","Sucker Punch"],"picked":"Dagger Spray","floor":25},{"not_picked":["Wraith Form v2","Heel Hook"],"picked":"Blade Dance","floor":27}],"player_experience":459759,"relics_obtained":[{"floor":9,"key":"Letter Opener"},{"floor":14,"key":"Vajra"},{"floor":20,"key":"Red Mask"},{"floor":26,"key":"Art of War"},{"floor":29,"key":"Frozen Egg 2"}],"event_choices":[{"damage_healed":0,"gold_gain":0,"player_choice":"3 cards matched","damage_taken":0,"max_hp_gain":0,"max_hp_loss":0,"event_name":"Match and Keep!","floor":3,"gold_loss":0,"cards_obtained":["Neutralize","Mind Blast","Riddle With Holes"]},{"damage_healed":0,"gold_gain":0,"player_choice":"Ignored","damage_taken":0,"max_hp_gain":0,"max_hp_loss":0,"event_name":"Shining Light","floor":13,"gold_loss":0},{"damage_healed":0,"gold_gain":0,"player_choice":"Fought Bandits","damage_taken":0,"max_hp_gain":0,"max_hp_loss":0,"event_name":"Masked Bandits","floor":20,"gold_loss":0}],"is_beta":false,"boss_relics":[{"not_picked":["Astrolabe","Busted Crown"],"picked":"Tiny House"}],"items_purged_floors":[],"is_endless":false,"potions_floor_spawned":[2,12,16,20,24,25,27],"killed_by":"Snecko","ascension_level":0}