{"gold_per_floor":[113,188,199,199,48,73,91,101,101,101,118,118,118,68,68,146,146,163,163,163,182,53,82,82,132,157,157,157,177,78,91,91,168,168,181,106,121,121,121,151,151,151,222,237,248,281,300,316,316,316,316,316,316,49,74,74],"floor_reached":57,"playtime":2037,"items_purged":["Strike_R","Strike_R","Bash+1","Madness"],"score":3460,"play_id":"5c3fc22b-60e7-446b-ac1f-60ed731a644b","local_time":"20190920110838","is_ascension_mode":true,"campfire_choices":[{"data":"Fire Breathing","floor":10.0,"key":"SMITH"},{"data":"Evolve","floor":13.0,"key":"SMITH"},{"data":"Shrug It Off","floor":15.0,"key":"SMITH"},{"data":"Burning Pact","floor":24.0,"key":"SMITH"},{"floor":27.0,"key":"RECALL"},{"data":"Entrench","floor":32.0,"key":"SMITH"},{"data":"Impatience","floor":41.0,"key":"SMITH"},{"data":"Feel No Pain","floor":49.0,"key":"SMITH"},{"data":"Madness","floor":53.0,"key":"SMITH"}],"neow_cost":"NONE","seed_source_timestamp":3103181818287400,"circlet_count":0,"master_deck":["AscendersBane","Evolve+1","Fire Breathing+1","Shrug It Off+1","Body Slam+1","Burning Pact+1","Entrench+1","Impatience+1","Feel No Pain+1","Finesse","Madness+1","Reckless Charge+1"],"special_seed":0,"relics":["Burning Blood","NeowsBlessing","Blood Vial","Smiling Mask","Pandora\u0027s Box","Bottled Tornado","Whetstone","Mark of Pain","HornCleat","Meat on the Bone","Art of War","Medical Kit","Bag of Preparation"],"potions_floor_usage":[56],"damage_taken":[{"damage":0.0,"enemies":"Cultist","floor":1.0,"turns":1.0},{"damage":0.0,"enemies":"Jaw Worm","floor":3.0,"turns":1.0},{"damage":0.0,"enemies":"3 Sentries","floor":6.0,"turns":2.0},{"damage":4.0,"enemies":"2 Louse","floor":7.0,"turns":3.0},{"damage":10.0,"enemies":"Red Slaver","floor":8.0,"turns":3.0},{"damage":12.0,"enemies":"Large Slime","floor":11.0,"turns":6.0},{"damage":33.0,"enemies":"Hexaghost","floor":16.0,"turns":7.0},{"damage":14.0,"enemies":"2 Thieves","floor":18.0,"turns":4.0},{"damage":13.0,"enemies":"Chosen","floor":21.0,"turns":5.0},{"damage":14.0,"enemies":"Book of Stabbing","floor":23.0,"turns":4.0},{"damage":24.0,"enemies":"Snake Plant","floor":29.0,"turns":6.0},{"damage":19.0,"enemies":"Snecko","floor":31.0,"turns":9.0},{"damage":22.0,"enemies":"Collector","floor":33.0,"turns":11.0},{"damage":0.0,"enemies":"3 Shapes","floor":35.0,"turns":2.0},{"damage":0.0,"enemies":"3 Darklings","floor":37.0,"turns":2.0},{"damage":0.0,"enemies":"Reptomancer","floor":40.0,"turns":2.0},{"damage":0.0,"enemies":"Writhing Mass","floor":44.0,"turns":1.0},{"damage":0.0,"enemies":"Sphere and 2 Shapes","floor":45.0,"turns":2.0},{"damage":0.0,"enemies":"Giant Head","floor":46.0,"turns":2.0},{"damage":0.0,"enemies":"4 Shapes","floor":47.0,"turns":1.0},{"damage":0.0,"enemies":"Transient","floor":48.0,"turns":2.0},{"damage":0.0,"enemies":"Donu and Deca","floor":50.0,"turns":2.0},{"damage":0.0,"enemies":"Time Eater","floor":51.0,"turns":6.0},{"damage":0.0,"enemies":"Shield and Spear","floor":55.0,"turns":3.0},{"damage":0,"enemies":"The Heart","floor":56,"turns":5}],"seed_played":"-4066988049665956062","potions_obtained":[{"floor":3.0,"key":"Dexterity Potion"},{"floor":7.0,"key":"Explosive Potion"},{"floor":8.0,"key":"DuplicationPotion"},{"floor":16.0,"key":"FearPotion"},{"floor":33.0,"key":"LiquidBronze"},{"floor":40.0,"key":"Dexterity Potion"},{"floor":44.0,"key":"SneckoOil"}],"is_trial":false,"path_per_floor":["M","?","M","?","$","E","M","M","T","R","M","?","R","$","R","B",null,"M","T","?","M","$","E","R","?","T","R","$","M","$","M","R","B",null,"M","$","M","?","?","E","R","?","T","M","M","E","M","M","R","B","B",null,"R","$","E","B",null],"character_chosen":"IRONCLAD","items_purchased":["Evolve","Burning Pact","Impatience","Feel No Pain","PowerPotion","Medical Kit"],"campfire_rested":0,"item_purchase_floors":[5,22,30,36,54,54],"current_hp_per_floor":[74,63,69,69,69,75,75,71,71,71,67,67,67,67,67,42,67,61,61,61,56,56,50,50,50,50,50,50,34,34,23,23,9,59,67,67,75,65,65,73,73,59,59,67,75,75,75,75,75,75,75,75,75,75,75,75],"gold":74,"neow_bonus":"THREE_ENEMY_KILL","is_prod":false,"is_daily":false,"chose_seed":false,"campfire_upgraded":8,"win_rate":0,"timestamp":1568948918,"path_taken":["M","?","M","?","$","E","M","M","T","R","?","?","R","$","R","BOSS","M","?","?","M","$","E","R","?","T","R","$","M","?","M","R","BOSS","M","$","M","?","?","E","R","?","T","M","M","E","M","M","R","BOSS","BOSS","R","$","E","BOSS"],"build_version":"2019-09-19","purchased_purges":4,"victory":true,"max_hp_per_floor":[75,75,75,75,75,75,75,75,75,75,75,75,75,75,75,75,75,75,75,75,75,75,75,75,75,75,75,75,75,75,75,75,75,75,75,75,75,75,75,75,75,75,75,75,75,75,75,75,75,75,75,75,75,75,75,75],"card_choices":[{"not_picked":["Armaments","Wild Strike","Metallicize"],"picked":"SKIP","floor":1.0},{"not_picked":["Ghostly Armor","Dropkick","Spot Weakness"],"picked":"SKIP","floor":3.0},{"not_picked":["Evolve","Heavy Blade"],"picked":"Fire Breathing","floor":6.0},{"not_picked":["Cleave","Anger"],"picked":"Shrug It Off","floor":7.0},{"not_picked":["Iron Wave","Armaments","Heavy Blade"],"picked":"SKIP","floor":8.0},{"not_picked":["Headbutt","Heavy Blade"],"picked":"Body Slam","floor":11.0},{"not_picked":["Sword Boomerang","Twin Strike","Flex"],"picked":"SKIP","floor":18.0},{"not_picked":["Flex","Iron Wave","Rupture"],"picked":"SKIP","floor":21.0},{"not_picked":["Reaper","True Grit","Anger"],"picked":"SKIP","floor":23.0},{"not_picked":["Whirlwind","Burning Pact"],"picked":"Entrench","floor":29.0},{"not_picked":["Shrug It Off","Sword Boomerang","Headbutt"],"picked":"SKIP","floor":31.0},{"not_picked":["Sword Boomerang+1","Wild Strike","Clash"],"picked":"SKIP","floor":35.0},{"not_picked":["Thunderclap+1","Heavy Blade","Intimidate"],"picked":"SKIP","floor":37.0},{"not_picked":["Blind","Impatience"],"picked":"Finesse","floor":38.0},{"not_picked":["Wild Strike","Shrug It Off+1","Iron Wave"],"picked":"SKIP","floor":40.0},{"not_picked":["Iron Wave","Wild Strike+1","Seeing Red"],"picked":"SKIP","floor":44.0},{"not_picked":["Warcry","Anger","Cleave"],"picked":"SKIP","floor":45.0},{"not_picked":["Cleave","Immolate"],"picked":"Reckless Charge+1","floor":46.0},{"not_picked":["Perfected Strike","Heavy Blade+1","Entrench"],"picked":"SKIP","floor":47.0},{"not_picked":["Pommel Strike","Clash","Sever Soul"],"picked":"SKIP","floor":48.0},{"not_picked":["Corruption","Inflame","Pummel+1"],"picked":"SKIP","floor":55.0}],"player_experience":3320100,"relics_obtained":[{"floor":6.0,"key":"Blood Vial"},{"floor":9.0,"key":"Smiling Mask"},{"floor":23.0,"key":"Bottled Tornado"},{"floor":26.0,"key":"Whetstone"},{"floor":40.0,"key":"HornCleat"},{"floor":43.0,"key":"Meat on the Bone"},{"floor":46.0,"key":"Art of War"},{"floor":55.0,"key":"Bag of Preparation"}],"event_choices":[{"damage_healed":0.0,"max_hp_gain":0.0,"max_hp_loss":0.0,"gold_gain":75.0,"event_name":"World of Goop","player_choice":"Gather Gold","floor":2.0,"gold_loss":0.0,"damage_taken":11.0},{"damage_healed":0.0,"max_hp_gain":0.0,"max_hp_loss":0.0,"gold_gain":0.0,"event_name":"Upgrade Shrine","player_choice":"Upgraded","floor":4.0,"gold_loss":0.0,"damage_taken":0.0,"cards_upgraded":["Bash"]},{"damage_healed":0.0,"max_hp_gain":0.0,"max_hp_loss":0.0,"gold_gain":0.0,"event_name":"Accursed Blacksmith","player_choice":"Forge","floor":12.0,"gold_loss":0.0,"damage_taken":0.0,"cards_upgraded":["Body Slam"]},{"damage_healed":0.0,"max_hp_gain":0.0,"max_hp_loss":0.0,"gold_gain":0.0,"event_name":"Ghosts","player_choice":"Ignored","floor":20.0,"gold_loss":0.0,"damage_taken":0.0},{"damage_healed":0.0,"max_hp_gain":0.0,"max_hp_loss":0.0,"gold_gain":50.0,"event_name":"Nest","player_choice":"Stole From Cult","floor":25.0,"gold_loss":0.0,"damage_taken":0.0},{"damage_healed":0.0,"max_hp_gain":0.0,"max_hp_loss":0.0,"gold_gain":0.0,"event_name":"SensoryStone","player_choice":"Memory 3","floor":38.0,"gold_loss":0.0,"damage_taken":10.0},{"damage_healed":0.0,"max_hp_gain":0.0,"max_hp_loss":0.0,"gold_gain":0.0,"event_name":"Tomb of Lord Red Mask","player_choice":"Ignored","floor":39.0,"gold_loss":0.0,"damage_taken":0.0},{"damage_healed":0.0,"max_hp_gain":0.0,"max_hp_loss":0.0,"gold_gain":0.0,"event_name":"Winding Halls","player_choice":"Embrace Madness","floor":42.0,"gold_loss":0.0,"damage_taken":14.0,"cards_obtained":["Madness","Madness"]}],"is_beta":true,"boss_relics":[{"not_picked":["Calling Bell","Snecko Eye"],"picked":"Pandora\u0027s Box"},{"not_picked":["Runic Cube","Cursed Key"],"picked":"Mark of Pain"}],"items_purged_floors":[5,14,22,54],"is_endless":false,"potions_floor_spawned":[3,7,8,16,21,33,40,44,45],"ascension_level":20}