{"gold_per_floor":[114,132,146,146,165,165,165,176,256,181,181,208,222,222],"floor_reached":14,"playtime":669,"items_purged":["Defend_B"],"score":179,"play_id":"fe91bfe4-21ac-4cc5-a857-205d55858785","local_time":"20190211062522","is_ascension_mode":true,"campfire_choices":[{"data":"Go for the Eyes","floor":6.0,"key":"SMITH"},{"data":"Beam Cell","floor":11.0,"key":"SMITH"}],"neow_cost":"NONE","seed_source_timestamp":428643384774588,"circlet_count":0,"master_deck":["AscendersBane","Strike_B","Strike_B","Strike_B","Strike_B","Defend_B","Defend_B","Defend_B","Zap","Dualcast","Gash","Go for the Eyes+1","Gash","Beam Cell+1","Conserve Battery","Hologram"],"special_seed":0,"relics":["Cracked Core","Prayer Wheel","Darkstone Periapt","Dream Catcher"],"potions_floor_usage":[13,13],"damage_taken":[{"damage":0.0,"enemies":"Jaw Worm","floor":1.0,"turns":3.0},{"damage":4.0,"enemies":"2 Louse","floor":2.0,"turns":3.0},{"damage":1.0,"enemies":"Cultist","floor":3.0,"turns":3.0},{"damage":8.0,"enemies":"2 Fungi Beasts","floor":5.0,"turns":3.0},{"damage":6.0,"enemies":"3 Louse","floor":8.0,"turns":3.0},{"damage":38.0,"enemies":"3 Sentries","floor":12.0,"turns":10.0},{"damage":0,"enemies":"Looter","floor":13,"turns":3},{"damage":27,"enemies":"Exordium Thugs","floor":14,"turns":4}],"seed_played":"6884325392817339082","potions_obtained":[{"floor":8.0,"key":"GamblersBrew"},{"floor":12.0,"key":"Regen Potion"}],"is_trial":false,"path_per_floor":["M","M","M","?","M","R","?","M","T","$","R","E","M","M"],"character_chosen":"DEFECT","items_purchased":[],"campfire_rested":0,"item_purchase_floors":[],"current_hp_per_floor":[64,60,59,59,51,51,51,45,45,45,45,7,16,0],"gold":222,"neow_bonus":"THREE_CARDS","is_prod":false,"is_daily":false,"chose_seed":false,"campfire_upgraded":2,"win_rate":0,"timestamp":1549862722,"path_taken":["M","M","M","?","M","R","?","?","T","$","R","E","M","M"],"build_version":"2019-01-17v2","purchased_purges":1,"victory":false,"max_hp_per_floor":[71,71,71,71,71,71,71,71,71,71,71,71,71,71],"card_choices":[{"not_picked":["Streamline","Rebound"],"picked":"Gash","floor":0.0},{"not_picked":["Compile Driver","Steam"],"picked":"Go for the Eyes","floor":1.0},{"not_picked":["Barrage","Go for the Eyes"],"picked":"Gash","floor":2.0},{"not_picked":["Cold Snap","Doom and Gloom"],"picked":"Conserve Battery","floor":3.0},{"not_picked":["Streamline","Steam Power","Compile Driver"],"picked":"SKIP","floor":5.0},{"not_picked":["Barrage","Fusion"],"picked":"Beam Cell","floor":8.0},{"not_picked":["Coolheaded","Fission"],"picked":"Conserve Battery","floor":8.0},{"not_picked":["Streamline","Conserve Battery"],"picked":"Hologram","floor":12.0},{"not_picked":["Ball Lightning","Go for the Eyes","Sweeping Beam"],"picked":"SKIP","floor":13},{"not_picked":["Sweeping Beam","Storm","Defragment"],"picked":"SKIP","floor":13}],"player_experience":1279996,"relics_obtained":[{"floor":9.0,"key":"Darkstone Periapt"},{"floor":12.0,"key":"Dream Catcher"}],"event_choices":[{"damage_healed":0.0,"max_hp_gain":0.0,"max_hp_loss":0.0,"gold_gain":0.0,"event_name":"Scrap Ooze","player_choice":"Fled","floor":4.0,"gold_loss":0.0,"damage_taken":0.0},{"cards_removed":["Conserve Battery"],"damage_healed":0.0,"max_hp_gain":0.0,"max_hp_loss":0.0,"gold_gain":0.0,"event_name":"WeMeetAgain","player_choice":"Gave Card","floor":7.0,"gold_loss":0.0,"damage_taken":0.0,"relics_obtained":["Prayer Wheel"]}],"is_beta":false,"boss_relics":[],"items_purged_floors":[10],"is_endless":false,"potions_floor_spawned":[8,12],"killed_by":"Exordium Thugs","ascension_level":19}