{"gold_per_floor":[118,133,58,58,58,58,92,107,107,127,27,55,55,75,75,148,148,160,177,177,195,70,70,96,115,139,54,54,72,91,118,118,192,192,203,203,203,153,203,228,228,255,255,283,383,64,64,89,89,89,89,89,89,39,65,65],"floor_reached":57,"playtime":2166,"items_purged":["Strike_R","Strike_R","Strike_R","Strike_R","Bash","Reckless Charge"],"score":3503,"play_id":"26bc1f97-bfe5-43c9-ade4-946937cc5e4b","local_time":"20190909134327","is_ascension_mode":true,"campfire_choices":[{"data":"True Grit","floor":6.0,"key":"SMITH"},{"data":"Immolate","floor":13.0,"key":"SMITH"},{"data":"Evolve","floor":15.0,"key":"SMITH"},{"data":"Power Through","floor":23.0,"key":"SMITH"},{"floor":32.0,"key":"RECALL"},{"data":"Corruption","floor":47.0,"key":"SMITH"},{"data":"Offering","floor":49.0,"key":"SMITH"},{"data":"Fiend Fire","floor":53.0,"key":"SMITH"}],"neow_cost":"NONE","seed_source_timestamp":2161183406131900,"circlet_count":0,"master_deck":["AscendersBane","Defend_R","Defend_R","Defend_R","Power Through+1","True Grit+1","Immolate+1","Evolve+1","Fiend Fire+1","Body Slam+1","Burning Pact+1","Impervious+1","Seeing Red+1","Exhume","Corruption+1","Offering+1","Shockwave+1"],"special_seed":0,"relics":["Burning Blood","NeowsBlessing","Turnip","PreservedInsect","Kunai","Philosopher\u0027s Stone","Juzu Bracelet","Smiling Mask","Charon\u0027s Ashes","WingedGreaves","Black Star","Thread and Needle","Oddly Smooth Stone","Sundial","Pocketwatch","Lantern","Paper Frog","Centennial Puzzle","Red Skull","Dead Branch","Membership Card","Ornamental Fan","Singing Bowl","Mango","Blood Vial"],"potions_floor_usage":[56,56],"damage_taken":[{"damage":0.0,"enemies":"Cultist","floor":1.0,"turns":1.0},{"damage":0.0,"enemies":"Jaw Worm","floor":2.0,"turns":1.0},{"damage":0.0,"enemies":"Gremlin Nob","floor":7.0,"turns":1.0},{"damage":0.0,"enemies":"2 Louse","floor":8.0,"turns":3.0},{"damage":21.0,"enemies":"Large Slime","floor":10.0,"turns":10.0},{"damage":10.0,"enemies":"3 Sentries","floor":12.0,"turns":4.0},{"damage":0.0,"enemies":"2 Fungi Beasts","floor":14.0,"turns":3.0},{"damage":27.0,"enemies":"Slime Boss","floor":16.0,"turns":8.0},{"damage":0.0,"enemies":"Spheric Guardian","floor":18.0,"turns":4.0},{"damage":40.0,"enemies":"3 Byrds","floor":19.0,"turns":3.0},{"damage":4.0,"enemies":"Cultist and Chosen","floor":21.0,"turns":5.0},{"damage":14.0,"enemies":"Book of Stabbing","floor":24.0,"turns":4.0},{"damage":6.0,"enemies":"Snecko","floor":25.0,"turns":6.0},{"damage":0.0,"enemies":"Sentry and Sphere","floor":29.0,"turns":3.0},{"damage":0.0,"enemies":"Centurion and Healer","floor":30.0,"turns":5.0},{"damage":0.0,"enemies":"Gremlin Leader","floor":31.0,"turns":4.0},{"damage":21.0,"enemies":"Champ","floor":33.0,"turns":8.0},{"damage":0.0,"enemies":"3 Shapes","floor":35.0,"turns":4.0},{"damage":17.0,"enemies":"2 Orb Walkers","floor":39.0,"turns":4.0},{"damage":5.0,"enemies":"Reptomancer","floor":40.0,"turns":4.0},{"damage":6.0,"enemies":"Nemesis","floor":42.0,"turns":3.0},{"damage":16.0,"enemies":"Giant Head","floor":44.0,"turns":5.0},{"damage":0.0,"enemies":"Mind Bloom Boss Battle","floor":45.0,"turns":5.0},{"damage":0.0,"enemies":"Reptomancer","floor":48.0,"turns":2.0},{"damage":6.0,"enemies":"Donu and Deca","floor":50.0,"turns":1.0},{"damage":6.0,"enemies":"Awakened One","floor":51.0,"turns":4.0},{"damage":0.0,"enemies":"Shield and Spear","floor":55.0,"turns":1.0},{"damage":14,"enemies":"The Heart","floor":56,"turns":6}],"seed_played":"-96785981719665296","potions_obtained":[{"floor":2.0,"key":"Ancient Potion"},{"floor":12.0,"key":"Fruit Juice"},{"floor":21.0,"key":"Strength Potion"},{"floor":29.0,"key":"Energy Potion"},{"floor":30.0,"key":"Block Potion"},{"floor":33.0,"key":"SkillPotion"},{"floor":40.0,"key":"Explosive Potion"},{"floor":44.0,"key":"PowerPotion"}],"is_trial":false,"path_per_floor":["M","M","$","?","?","R","E","M","T","M","$","E","R","M","R","B",null,"M","M","?","M","$","R","E","M","T","?","?","M","M","E","R","B",null,"M","?","?","$","?","E","?","E","T","E","?","$","R","E","R","B","B",null,"R","$","E","B",null],"character_chosen":"IRONCLAD","items_purchased":["Membership Card","Ancient Potion"],"campfire_rested":0,"item_purchase_floors":[46,46],"current_hp_per_floor":[74,75,75,80,35,35,41,47,47,32,32,33,33,39,39,18,68,74,40,40,42,42,42,34,34,34,34,9,15,21,27,27,12,71,77,77,77,77,66,67,67,67,67,57,63,63,63,69,69,69,69,85,85,85,104,96],"gold":65,"neow_bonus":"THREE_ENEMY_KILL","is_prod":false,"is_daily":false,"chose_seed":false,"campfire_upgraded":7,"win_rate":0,"timestamp":1568007807,"path_taken":["M","?","$","?","?","R","E","M","T","?","$","E","R","M","R","BOSS","M","M","?","M","$","R","E","M","T","?","?","M","M","E","R","BOSS","M","?","?","$","?","E","?","E","T","E","?","$","R","E","R","BOSS","BOSS","R","$","E","BOSS"],"build_version":"2019-08-26","purchased_purges":6,"victory":true,"max_hp_per_floor":[75,75,75,80,80,80,80,80,80,80,80,85,85,85,85,85,85,85,85,85,85,85,85,85,85,85,85,90,90,90,90,90,90,90,90,90,90,90,90,90,90,90,90,90,90,90,90,90,90,90,90,90,90,90,104,104],"card_choices":[{"not_picked":["Sword Boomerang","Armaments"],"picked":"Power Through","floor":1.0},{"not_picked":["Clash","Shrug It Off"],"picked":"True Grit","floor":2.0},{"not_picked":["Feel No Pain","Clothesline"],"picked":"Immolate","floor":7.0},{"not_picked":["Disarm","Clothesline","Bloodletting"],"picked":"SKIP","floor":8.0},{"not_picked":["Armaments","Havoc"],"picked":"Evolve","floor":10.0},{"not_picked":["Clothesline","Sever Soul","Flex"],"picked":"SKIP","floor":12.0},{"not_picked":["Clothesline","Sever Soul","Flex"],"picked":"SKIP","floor":12.0},{"not_picked":["Wild Strike","Dual Wield","Shrug It Off"],"picked":"SKIP","floor":14.0},{"not_picked":["Impervious","Demon Form"],"picked":"Fiend Fire","floor":16.0},{"not_picked":["Thunderclap","Power Through","Cleave"],"picked":"SKIP","floor":18.0},{"not_picked":["Hemokinesis","Headbutt"],"picked":"Body Slam+1","floor":19.0},{"not_picked":["Body Slam","Metallicize","Bloodletting"],"picked":"SKIP","floor":21.0},{"not_picked":["Thunderclap","Sentinel"],"picked":"Burning Pact+1","floor":24.0},{"not_picked":["Cleave+1","Sword Boomerang+1"],"picked":"Impervious","floor":25.0},{"not_picked":["Iron Wave","Body Slam","Pummel"],"picked":"SKIP","floor":29.0},{"not_picked":["Sword Boomerang","Pommel Strike"],"picked":"Reckless Charge","floor":30.0},{"not_picked":["Metallicize","Fire Breathing","Pommel Strike+1"],"picked":"SKIP","floor":31.0},{"not_picked":["Cleave","Perfected Strike+1","Flame Barrier"],"picked":"SKIP","floor":35.0},{"not_picked":["Cleave+1","Warcry"],"picked":"Seeing Red+1","floor":40.0},{"not_picked":["Iron Wave","Anger"],"picked":"Exhume","floor":42.0},{"not_picked":["Body Slam+1","Clothesline","Combust"],"picked":"SKIP","floor":44.0},{"not_picked":["Battle Trance","Whirlwind"],"picked":"Corruption","floor":45.0},{"not_picked":["Dual Wield","Bloodletting"],"picked":"Offering","floor":48.0},{"not_picked":["Demon Form","Shrug It Off"],"picked":"Shockwave+1","floor":55.0}],"player_experience":3217714,"relics_obtained":[{"floor":7.0,"key":"PreservedInsect"},{"floor":12.0,"key":"Kunai"},{"floor":24.0,"key":"Juzu Bracelet"},{"floor":26.0,"key":"Smiling Mask"},{"floor":31.0,"key":"WingedGreaves"},{"floor":39.0,"key":"Thread and Needle"},{"floor":40.0,"key":"Oddly Smooth Stone"},{"floor":40.0,"key":"Sundial"},{"floor":42.0,"key":"Pocketwatch"},{"floor":42.0,"key":"Lantern"},{"floor":43.0,"key":"Paper Frog"},{"floor":44.0,"key":"Centennial Puzzle"},{"floor":44.0,"key":"Red Skull"},{"floor":45.0,"key":"Dead Branch"},{"floor":48.0,"key":"Ornamental Fan"},{"floor":48.0,"key":"Singing Bowl"},{"floor":55.0,"key":"Mango"},{"floor":55.0,"key":"Blood Vial"}],"event_choices":[{"damage_healed":0.0,"max_hp_gain":5.0,"max_hp_loss":0.0,"gold_gain":0.0,"event_name":"Big Fish","player_choice":"Donut","floor":4.0,"gold_loss":0.0,"damage_taken":0.0},{"damage_healed":0.0,"max_hp_gain":0.0,"max_hp_loss":0.0,"gold_gain":0.0,"event_name":"Scrap Ooze","player_choice":"Success","floor":5.0,"gold_loss":0.0,"damage_taken":45.0,"relics_obtained":["Turnip"]},{"cards_removed":["Strike_R"],"damage_healed":0.0,"max_hp_gain":0.0,"max_hp_loss":0.0,"gold_gain":0.0,"event_name":"Back to Basics","player_choice":"Elegance","floor":20.0,"gold_loss":0.0,"damage_taken":0.0},{"damage_healed":0.0,"max_hp_gain":0.0,"max_hp_loss":0.0,"gold_gain":0.0,"event_name":"Addict","player_choice":"Obtained Relic","floor":27.0,"gold_loss":85.0,"damage_taken":0.0,"relics_obtained":["Charon\u0027s Ashes"]},{"damage_healed":0.0,"max_hp_gain":5.0,"max_hp_loss":0.0,"gold_gain":0.0,"event_name":"Forgotten Altar","player_choice":"Shed Blood","floor":28.0,"gold_loss":0.0,"damage_taken":30.0},{"cards_removed":["Defend_R"],"damage_healed":0.0,"max_hp_gain":0.0,"max_hp_loss":0.0,"gold_gain":0.0,"event_name":"Falling","player_choice":"Removed Skill","floor":36.0,"gold_loss":0.0,"damage_taken":0.0},{"damage_healed":0.0,"max_hp_gain":0.0,"max_hp_loss":0.0,"gold_gain":0.0,"event_name":"Tomb of Lord Red Mask","player_choice":"Ignored","floor":37.0,"gold_loss":0.0,"damage_taken":0.0},{"damage_healed":0.0,"max_hp_gain":0.0,"max_hp_loss":0.0,"gold_gain":0.0,"event_name":"Mysterious Sphere","player_choice":"Fight","floor":39.0,"gold_loss":0.0,"damage_taken":0.0},{"damage_healed":0.0,"max_hp_gain":0.0,"max_hp_loss":0.0,"gold_gain":0.0,"event_name":"Accursed Blacksmith","player_choice":"Forge","floor":41.0,"gold_loss":0.0,"damage_taken":0.0,"cards_upgraded":["Impervious"]},{"damage_healed":0.0,"max_hp_gain":0.0,"max_hp_loss":0.0,"gold_gain":0.0,"event_name":"MindBloom","player_choice":"Fight","floor":45.0,"gold_loss":0.0,"damage_taken":0.0}],"is_beta":true,"boss_relics":[{"not_picked":["Runic Pyramid","Pandora\u0027s Box"],"picked":"Philosopher\u0027s Stone"},{"not_picked":["Velvet Choker","Runic Cube"],"picked":"Black Star"}],"items_purged_floors":[3,11,22,38,46,54],"is_endless":false,"potions_floor_spawned":[2,12,21,29,30,31,33,40,44,55],"ascension_level":20}