{"gold_per_floor":[116,116,126,126,51,79,93,123,123,88,105,120,120,140,140,212,212,228,243,243,257,257,257,289,133,157,105,105,115,115,127,127,201,201,221,221,6,20,20,20,47,59,71,103,115,127,157,185,197,209],"floor_reached":50,"playtime":2435,"items_purged":["Defend_B","Defend_B"],"score":979,"play_id":"2f1078d4-f9b5-4c52-af95-2095f3f0cc9d","local_time":"20190130140114","is_ascension_mode":true,"campfire_choices":[{"floor":13.0,"key":"REST"},{"data":"Genetic Algorithm","floor":15.0,"key":"SMITH"},{"data":"Hologram","floor":23.0,"key":"SMITH"},{"floor":28.0,"key":"REST"},{"floor":32.0,"key":"RECALL"},{"floor":40.0,"key":"REST"},{"data":"Machine Learning","floor":42.0,"key":"SMITH"},{"data":"Seek","floor":46,"key":"SMITH"},{"floor":49,"key":"REST"}],"neow_cost":"PERCENT_DAMAGE","seed_source_timestamp":171870364670445,"circlet_count":0,"master_deck":["AscendersBane","Defend_B","Zap+1","Leap","Ball Lightning","Coolheaded","FTL+1","Genetic Algorithm+1","Cold Snap+1","Gash+1","Gash+1","Go for the Eyes+1","Scrape+1","Machine Learning+1","Hologram+1","Beam Cell+1","Bite+1","Bite+1","Bite+1","Bite+1","Bite+1","Gash+1","Echo Form","Sweeping Beam+1","Beam Cell+1","Conserve Battery","Gash+1","FTL+1","Seek+1","Glacier","Genetic Algorithm+1","Compile Driver+1","Parasite","Rip and Tear+1","Defragment"],"special_seed":0,"relics":["Cracked Core","Nunchaku","Molten Egg 2","Prayer Wheel","Empty Cage","Dream Catcher","Oddly Smooth Stone","Inserter","DollysMirror","MawBank","Question Card","Pantograph"],"potions_floor_usage":[],"damage_taken":[{"damage":4.0,"enemies":"Jaw Worm","floor":1.0,"turns":5.0},{"damage":0.0,"enemies":"Cultist","floor":3.0,"turns":3.0},{"damage":26.0,"enemies":"Lagavulin","floor":6.0,"turns":5.0},{"damage":0.0,"enemies":"Small Slimes","floor":7.0,"turns":3.0},{"damage":10.0,"enemies":"Gremlin Nob","floor":8.0,"turns":3.0},{"damage":7.0,"enemies":"Exordium Wildlife","floor":11.0,"turns":4.0},{"damage":6.0,"enemies":"Exordium Thugs","floor":12.0,"turns":3.0},{"damage":10.0,"enemies":"Lots of Slimes","floor":14.0,"turns":2.0},{"damage":20.0,"enemies":"The Guardian","floor":16.0,"turns":7.0},{"damage":0.0,"enemies":"Spheric Guardian","floor":18.0,"turns":3.0},{"damage":7.0,"enemies":"Chosen","floor":19.0,"turns":3.0},{"damage":24.0,"enemies":"Centurion and Healer","floor":21.0,"turns":6.0},{"damage":42.0,"enemies":"Book of Stabbing","floor":24.0,"turns":4.0},{"damage":16.0,"enemies":"Snecko","floor":29.0,"turns":4.0},{"damage":11.0,"enemies":"Shelled Parasite and Fungi","floor":31.0,"turns":4.0},{"damage":42.0,"enemies":"Automaton","floor":33.0,"turns":8.0},{"damage":49.0,"enemies":"3 Darklings","floor":35.0,"turns":5.0},{"damage":0.0,"enemies":"Orb Walker","floor":38.0,"turns":3.0},{"damage":13.0,"enemies":"Giant Head","floor":41.0,"turns":8.0},{"damage":35,"enemies":"Writhing Mass","floor":44,"turns":6},{"damage":0,"enemies":"Transient","floor":47,"turns":5},{"damage":33,"enemies":"4 Shapes","floor":48,"turns":8},{"damage":76,"enemies":"Time Eater","floor":50,"turns":6}],"seed_played":"3248411341767393287","potions_obtained":[{"floor":7.0,"key":"FearPotion"},{"floor":8.0,"key":"Energy Potion"},{"floor":11.0,"key":"Weak Potion"},{"floor":12.0,"key":"PowerPotion"},{"floor":16.0,"key":"Fruit Juice"},{"floor":19.0,"key":"Regen Potion"},{"floor":24.0,"key":"PowerPotion"},{"floor":35.0,"key":"Explosive Potion"},{"floor":41.0,"key":"Fire Potion"}],"is_trial":false,"path_per_floor":["M","?","M","?","$","E","M","E","T","?","M","M","R","M","R","B",null,"M","M","?","M","?","R","E","$","T","$","R","M","$","M","R","B",null,"M","?","$","M","$","R","E","R","T","M","T","R","M","M","R","B"],"character_chosen":"DEFECT","items_purchased":["Block Potion","Sweeping Beam+1","DollysMirror"],"campfire_rested":4,"item_purchase_floors":[25,27,37],"current_hp_per_floor":[42,42,42,42,42,16,16,6,6,23,16,10,31,21,21,6,59,59,52,52,39,39,39,27,27,27,27,42,38,38,39,39,21,45,17,17,17,17,17,32,34,34,34,20,20,20,35,11,26,0],"gold":209,"neow_bonus":"ONE_RARE_RELIC","is_prod":false,"is_daily":false,"chose_seed":false,"campfire_upgraded":4,"win_rate":0,"timestamp":1548853274,"path_taken":["M","?","M","?","$","E","?","E","T","?","M","M","R","M","R","BOSS","M","M","?","M","?","R","E","?","T","$","R","M","$","M","R","BOSS","M","?","$","M","?","R","E","R","T","?","?","R","M","M","R","BOSS"],"build_version":"2019-01-17v2","purchased_purges":2,"victory":false,"max_hp_per_floor":[71,71,71,71,71,71,71,71,71,71,71,71,71,71,71,76,76,76,76,53,53,53,53,53,53,53,53,53,53,53,53,53,53,53,53,53,53,53,53,53,53,53,53,53,53,53,53,53,53,53],"card_choices":[{"not_picked":["Barrage","Streamline"],"picked":"Leap","floor":1.0},{"not_picked":["Leap","Rebound"],"picked":"Ball Lightning","floor":3.0},{"not_picked":["Lockon","BootSequence","Auto Shields"],"picked":"SKIP","floor":6.0},{"not_picked":["Heatsinks","Scrape+1"],"picked":"FTL+1","floor":7.0},{"not_picked":["Leap","Double Energy"],"picked":"Genetic Algorithm","floor":8.0},{"not_picked":["White Noise","Genetic Algorithm"],"picked":"Cold Snap+1","floor":11.0},{"not_picked":["Auto Shields","Heatsinks"],"picked":"Gash+1","floor":11.0},{"not_picked":["Reboot","Hologram"],"picked":"Gash+1","floor":12.0},{"not_picked":["Leap","Streamline+1"],"picked":"Go for the Eyes+1","floor":12.0},{"not_picked":["Steam Power","Chaos"],"picked":"Scrape+1","floor":14.0},{"not_picked":["Skim","Turbo","Aggregate"],"picked":"SKIP","floor":14.0},{"not_picked":["Thunder Strike+1","Core Surge+1"],"picked":"Machine Learning","floor":16.0},{"not_picked":["Redo","Ball Lightning+1"],"picked":"Hologram","floor":18.0},{"not_picked":["Cold Snap+1","Steam Power","Streamline+1"],"picked":"SKIP","floor":18.0},{"not_picked":["Force Field","Coolheaded"],"picked":"Beam Cell+1","floor":19.0},{"not_picked":["Coolheaded","Consume","Static Discharge"],"picked":"SKIP","floor":19.0},{"not_picked":["Genetic Algorithm","Barrage+1"],"picked":"Gash+1","floor":21.0},{"not_picked":["Chill+1","Doom and Gloom+1"],"picked":"Echo Form","floor":21.0},{"not_picked":["Chaos","Chill","Coolheaded"],"picked":"SKIP","floor":24.0},{"not_picked":["Reprogram+1","Stack"],"picked":"Beam Cell+1","floor":28.0},{"not_picked":["Coolheaded","Beam Cell+1"],"picked":"Conserve Battery","floor":29.0},{"not_picked":["Streamline+1","Melter+1"],"picked":"Gash+1","floor":29.0},{"not_picked":["Electrodynamics","Turbo"],"picked":"FTL+1","floor":31.0},{"not_picked":["Sweeping Beam+1","Barrage+1","Blizzard+1"],"picked":"SKIP","floor":31.0},{"not_picked":["Multi-Cast","Rainbow"],"picked":"Seek","floor":33.0},{"not_picked":["Coolheaded","Sweeping Beam+1"],"picked":"Glacier","floor":35.0},{"not_picked":["Barrage+1","Lockon+1","Chaos"],"picked":"SKIP","floor":35.0},{"not_picked":["Ball Lightning+1","Go for the Eyes+1"],"picked":"Compile Driver+1","floor":38.0},{"not_picked":["Barrage+1","Tempest","Compile Driver+1"],"picked":"SKIP","floor":38.0},{"not_picked":["Steam Power+1","Storm","Stack+1"],"picked":"SKIP","floor":41.0},{"not_picked":["Glacier","Chill+1","Reinforced Body+1","Barrage+1"],"picked":"SKIP","floor":44},{"not_picked":["Cold Snap+1","Sweeping Beam+1","Beam Cell+1","Compile Driver+1"],"picked":"SKIP","floor":44},{"not_picked":["Recycle+1","Meteor Strike+1","Heatsinks"],"picked":"Rip and Tear+1","floor":47},{"not_picked":["Cold Snap+1","Coolheaded+1","Rebound+1","Blizzard+1"],"picked":"SKIP","floor":47},{"not_picked":["Cold Snap+1","Double Energy","FTL+1"],"picked":"Defragment","floor":48},{"not_picked":["Sweeping Beam+1","Cold Snap+1","Coolheaded","Ball Lightning+1"],"picked":"SKIP","floor":48}],"player_experience":1191529,"relics_obtained":[{"floor":6.0,"key":"Molten Egg 2"},{"floor":8.0,"key":"Prayer Wheel"},{"floor":24.0,"key":"Dream Catcher"},{"floor":26.0,"key":"Oddly Smooth Stone"},{"floor":41.0,"key":"MawBank"},{"floor":43.0,"key":"Question Card"},{"floor":45,"key":"Pantograph"}],"event_choices":[{"damage_healed":0.0,"max_hp_gain":0.0,"max_hp_loss":0.0,"gold_gain":0.0,"event_name":"Living Wall","player_choice":"Grow","floor":2.0,"gold_loss":0.0,"damage_taken":0.0,"cards_upgraded":["Zap"]},{"damage_healed":0.0,"max_hp_gain":0.0,"max_hp_loss":0.0,"gold_gain":0.0,"cards_transformed":["Defend_B"],"event_name":"Transmorgrifier","player_choice":"Transformed","floor":4.0,"gold_loss":0.0,"damage_taken":0.0,"cards_obtained":["Coolheaded"]},{"damage_healed":17.0,"max_hp_gain":0.0,"max_hp_loss":0.0,"gold_gain":0.0,"event_name":"The Cleric","player_choice":"Healed","floor":10.0,"gold_loss":35.0,"damage_taken":0.0},{"damage_healed":0.0,"max_hp_gain":0.0,"max_hp_loss":23.0,"gold_gain":0.0,"event_name":"Vampires","player_choice":"Became a vampire","floor":20.0,"gold_loss":0.0,"damage_taken":0.0,"cards_obtained":["Bite","Bite","Bite","Bite","Bite"]},{"cards_removed":["Dualcast"],"damage_healed":0.0,"max_hp_gain":0.0,"max_hp_loss":0.0,"gold_gain":0.0,"event_name":"Back to Basics","player_choice":"Elegance","floor":22.0,"gold_loss":0.0,"damage_taken":0.0},{"damage_healed":0.0,"max_hp_gain":0.0,"max_hp_loss":0.0,"gold_gain":0.0,"event_name":"WeMeetAgain","player_choice":"Ignored","floor":36.0,"gold_loss":0.0,"damage_taken":0.0}],"is_beta":false,"boss_relics":[{"not_picked":["Busted Crown","Runic Dome"],"picked":"Empty Cage"},{"not_picked":["Snecko Eye","Black Star"],"picked":"Inserter"}],"items_purged_floors":[5,25],"is_endless":false,"potions_floor_spawned":[7,8,11,12,16,19,24,29,31,35,41,44],"killed_by":"Time Eater","ascension_level":16}