{"gold_per_floor":[14,14,29,29,40,40,59,20,97,97],"floor_reached":10,"playtime":245,"items_purged":[],"score":116,"play_id":"a86b20d2-11b8-4ad1-b2a0-58c046dfdf9f","local_time":"20190817115721","is_ascension_mode":true,"campfire_choices":[{"data":"Calculated Gamble","floor":6.0,"key":"SMITH"}],"neow_cost":"NO_GOLD","seed_source_timestamp":203647987924376,"circlet_count":0,"master_deck":["AscendersBane","Strike_G","Strike_G","Strike_G","Defend_G","Defend_G","Defend_G","Defend_G","Survivor","Neutralize","PiercingWail","Calculated Gamble+1","Night Terror","Acrobatics","Choke"],"special_seed":0,"relics":["Ring of the Snake","Pantograph","Ornamental Fan"],"potions_floor_usage":[],"damage_taken":[{"damage":9.0,"enemies":"Jaw Worm","floor":1.0,"turns":7.0},{"damage":3.0,"enemies":"Cultist","floor":3.0,"turns":6.0},{"damage":0.0,"enemies":"2 Louse","floor":5.0,"turns":3.0},{"damage":8.0,"enemies":"Looter","floor":7.0,"turns":4.0},{"damage":57,"enemies":"Gremlin Nob","floor":10,"turns":4}],"seed_played":"-3098369596876698066","potions_obtained":[{"floor":3.0,"key":"Strength Potion"}],"is_trial":false,"path_per_floor":["M","?","M","T","M","R","M","$","T","E"],"character_chosen":"THE_SILENT","items_purchased":["Choke"],"campfire_rested":0,"item_purchase_floors":[8],"current_hp_per_floor":[50,50,47,47,47,47,39,39,39,0],"gold":97,"neow_bonus":"REMOVE_TWO","is_prod":false,"is_daily":false,"chose_seed":false,"campfire_upgraded":1,"win_rate":0,"timestamp":1566010641,"path_taken":["M","?","M","?","?","R","M","$","T","E"],"build_version":"2019-07-17","purchased_purges":0,"victory":false,"max_hp_per_floor":[66,66,66,66,66,66,66,66,66,66],"card_choices":[{"not_picked":["Poisoned Stab","Underhanded Strike"],"picked":"PiercingWail","floor":1.0},{"not_picked":["Dagger Spray","Underhanded Strike","Deflect"],"picked":"SKIP","floor":3.0},{"not_picked":["Poisoned Stab","Deadly Poison"],"picked":"Night Terror","floor":5.0},{"not_picked":["Outmaneuver","Slice"],"picked":"Acrobatics","floor":7.0}],"player_experience":914566,"relics_obtained":[{"floor":4.0,"key":"Pantograph"},{"floor":9.0,"key":"Ornamental Fan"}],"event_choices":[{"damage_healed":0.0,"max_hp_gain":0.0,"max_hp_loss":0.0,"gold_gain":0.0,"cards_transformed":["Strike_G"],"event_name":"Living Wall","player_choice":"Change","floor":2.0,"gold_loss":0.0,"damage_taken":0.0,"cards_obtained":["Calculated Gamble"]}],"is_beta":false,"boss_relics":[],"items_purged_floors":[],"is_endless":false,"potions_floor_spawned":[3],"killed_by":"Gremlin Nob","ascension_level":20}