{"gold_per_floor":[14,14,24,38,38,38,65,75,75,75,87,118,136,156,156,231,231,249,199,199,199,210,243,260,260,306,306,306,58,90,140,140,217,217,229,229,245,145,163,163,176,210,280,300,315,315,332,282,282,282,282,282,282,9,39,39],"floor_reached":57,"playtime":2610,"items_purged":["Strike_R","Strike_R","Bash","Defend_R"],"score":3322,"play_id":"48b2abff-949c-4f0c-b881-2b5461310c3c","local_time":"20190830093802","is_ascension_mode":true,"campfire_choices":[{"data":"Fiend Fire","floor":6.0,"key":"SMITH"},{"data":"Evolve","floor":10.0,"key":"SMITH"},{"data":"Body Slam","floor":15.0,"key":"SMITH"},{"data":"Barricade","floor":25.0,"key":"SMITH"},{"data":"Rage","floor":27.0,"key":"SMITH"},{"data":"Feel No Pain","floor":32.0,"key":"SMITH"},{"data":"True Grit","floor":40.0,"key":"SMITH"},{"floor":46.0,"key":"RECALL"},{"data":"Offering","floor":49.0,"key":"SMITH"},{"data":"Battle Trance","floor":53.0,"key":"SMITH"}],"neow_cost":"NO_GOLD","seed_source_timestamp":1281183936059600,"circlet_count":0,"master_deck":["AscendersBane","Defend_R","Defend_R","Reckless Charge","Intimidate","Battle Trance+1","Fiend Fire+1","Evolve+1","Rage+1","Body Slam+1","Barricade+1","Feel No Pain+1","Offering+1","Warcry+1","True Grit+1","Power Through"],"special_seed":0,"relics":["Burning Blood","Paper Frog","Gremlin Horn","Meat on the Bone","Lizard Tail","Bag of Preparation","Oddly Smooth Stone","Potion Belt","Regal Pillow","Coffee Dripper","Smiling Mask","Toy Ornithopter","Mango"],"potions_floor_usage":[56,56,56,56],"damage_taken":[{"damage":3.0,"enemies":"2 Louse","floor":1.0,"turns":4.0},{"damage":4.0,"enemies":"Small Slimes","floor":3.0,"turns":4.0},{"damage":1.0,"enemies":"Cultist","floor":4.0,"turns":3.0},{"damage":0.0,"enemies":"Lagavulin","floor":7.0,"turns":3.0},{"damage":18.0,"enemies":"Gremlin Gang","floor":8.0,"turns":4.0},{"damage":10.0,"enemies":"Lots of Slimes","floor":11.0,"turns":4.0},{"damage":10.0,"enemies":"3 Sentries","floor":12.0,"turns":6.0},{"damage":14.0,"enemies":"Large Slime","floor":13.0,"turns":4.0},{"damage":3.0,"enemies":"3 Louse","floor":14.0,"turns":3.0},{"damage":0.0,"enemies":"Slime Boss","floor":16.0,"turns":5.0},{"damage":1.0,"enemies":"Chosen","floor":18.0,"turns":3.0},{"damage":32.0,"enemies":"2 Thieves","floor":19.0,"turns":5.0},{"damage":26.0,"enemies":"Centurion and Healer","floor":22.0,"turns":7.0},{"damage":10.0,"enemies":"Book of Stabbing","floor":23.0,"turns":3.0},{"damage":8.0,"enemies":"3 Cultists","floor":24.0,"turns":5.0},{"damage":25.0,"enemies":"Gremlin Leader","floor":30.0,"turns":4.0},{"damage":0.0,"enemies":"Automaton","floor":33.0,"turns":6.0},{"damage":12.0,"enemies":"3 Shapes","floor":35.0,"turns":5.0},{"damage":18.0,"enemies":"3 Darklings","floor":37.0,"turns":5.0},{"damage":8.0,"enemies":"Sphere and 2 Shapes","floor":39.0,"turns":4.0},{"damage":6.0,"enemies":"Transient","floor":41.0,"turns":5.0},{"damage":6.0,"enemies":"Giant Head","floor":42.0,"turns":6.0},{"damage":17.0,"enemies":"Jaw Worm Horde","floor":44.0,"turns":4.0},{"damage":11.0,"enemies":"Maw","floor":45.0,"turns":4.0},{"damage":6.0,"enemies":"3 Darklings","floor":47.0,"turns":3.0},{"damage":6.0,"enemies":"Time Eater","floor":50.0,"turns":5.0},{"damage":6.0,"enemies":"Donu and Deca","floor":51.0,"turns":4.0},{"damage":6.0,"enemies":"Shield and Spear","floor":55.0,"turns":4.0},{"damage":6,"enemies":"The Heart","floor":56,"turns":7}],"seed_played":"4479928855110693871","potions_obtained":[{"floor":1.0,"key":"SneckoOil"},{"floor":4.0,"key":"SteroidPotion"},{"floor":7.0,"key":"Swift Potion"},{"floor":13.0,"key":"Block Potion"},{"floor":16.0,"key":"EntropicBrew"},{"floor":18.0,"key":"Dexterity Potion"},{"floor":22.0,"key":"PowerPotion"},{"floor":23.0,"key":"AttackPotion"},{"floor":33.0,"key":"BloodPotion"},{"floor":35.0,"key":"GamblersBrew"},{"floor":37.0,"key":"Ancient Potion"},{"floor":41.0,"key":"Block Potion"},{"floor":55.0,"key":"EntropicBrew"}],"is_trial":false,"path_per_floor":["M","?","M","M","?","R","E","M","T","R","M","E","M","M","R","B",null,"M","M","?","?","M","E","M","R","T","R","?","$","E","?","R","B",null,"M","?","M","$","M","R","M","E","T","M","M","R","M","$","R","B","B",null,"R","$","E","B",null],"character_chosen":"IRONCLAD","items_purchased":["Potion Belt","Toy Ornithopter"],"campfire_rested":0,"item_purchase_floors":[29,54],"current_hp_per_floor":[71,71,73,75,75,75,75,63,63,63,59,55,47,50,50,56,70,75,49,49,49,41,49,47,47,47,47,47,47,40,40,40,46,68,62,75,63,63,61,61,61,61,61,50,45,45,45,45,45,45,45,68,68,68,82,89],"gold":39,"neow_bonus":"REMOVE_TWO","is_prod":false,"is_daily":false,"chose_seed":false,"campfire_upgraded":9,"win_rate":0,"timestamp":1567129082,"path_taken":["M","?","M","M","?","R","E","M","T","R","?","E","?","M","R","BOSS","M","?","?","?","M","E","?","R","T","R","?","$","E","?","R","BOSS","M","?","M","?","M","R","M","E","T","M","M","R","?","$","R","BOSS","BOSS","R","$","E","BOSS"],"build_version":"2019-08-26","purchased_purges":4,"victory":true,"max_hp_per_floor":[75,75,75,75,75,75,75,75,75,75,75,75,75,75,75,75,75,75,75,75,75,75,75,75,75,75,75,75,75,75,75,75,75,75,75,75,75,75,75,75,75,75,75,75,75,75,75,75,75,75,75,75,75,75,89,89],"card_choices":[{"not_picked":["Clash","Hemokinesis"],"picked":"Reckless Charge","floor":1.0},{"not_picked":["Rupture","Wild Strike"],"picked":"Battle Trance","floor":3.0},{"not_picked":["Rupture","Cleave","Wild Strike"],"picked":"SKIP","floor":4.0},{"not_picked":["Twin Strike","Reckless Charge","Flame Barrier"],"picked":"SKIP","floor":7.0},{"not_picked":["Headbutt","Havoc"],"picked":"Evolve","floor":8.0},{"not_picked":["Battle Trance","Ghostly Armor"],"picked":"Rage","floor":11.0},{"not_picked":["Reckless Charge","Intimidate"],"picked":"Body Slam","floor":12.0},{"not_picked":["Twin Strike","Sword Boomerang","True Grit"],"picked":"SKIP","floor":13.0},{"not_picked":["Fire Breathing","Iron Wave"],"picked":"Barricade","floor":14.0},{"not_picked":["Headbutt","Anger","Body Slam"],"picked":"SKIP","floor":18.0},{"not_picked":["Pommel Strike","Body Slam","Fire Breathing"],"picked":"SKIP","floor":19.0},{"not_picked":["Sword Boomerang","Infernal Blade","Clash"],"picked":"SKIP","floor":22.0},{"not_picked":["Bloodletting","Body Slam"],"picked":"Feel No Pain","floor":23.0},{"not_picked":["Headbutt","Searing Blow","Combust"],"picked":"SKIP","floor":24.0},{"not_picked":["Searing Blow","Heavy Blade","Battle Trance"],"picked":"SKIP","floor":30.0},{"not_picked":["Limit Break","Brutality"],"picked":"Offering","floor":33.0},{"not_picked":["Twin Strike","Clothesline+1"],"picked":"Warcry+1","floor":35.0},{"not_picked":["Twin Strike","Thunderclap"],"picked":"True Grit","floor":37.0},{"not_picked":["Demon Form","Wild Strike","Rupture"],"picked":"SKIP","floor":39.0},{"not_picked":["Warcry","Twin Strike+1","True Grit"],"picked":"SKIP","floor":41.0},{"not_picked":["Body Slam","Immolate","Havoc"],"picked":"SKIP","floor":42.0},{"not_picked":["Sentinel","Thunderclap","Body Slam+1"],"picked":"SKIP","floor":44.0},{"not_picked":["Dropkick+1","Sword Boomerang+1"],"picked":"Power Through","floor":45.0},{"not_picked":["Sword Boomerang","Flex+1","Fire Breathing+1"],"picked":"SKIP","floor":47.0},{"not_picked":["Twin Strike","Pommel Strike","Demon Form"],"picked":"SKIP","floor":55.0}],"player_experience":3124341,"relics_obtained":[{"floor":7.0,"key":"Paper Frog"},{"floor":9.0,"key":"Gremlin Horn"},{"floor":12.0,"key":"Meat on the Bone"},{"floor":23.0,"key":"Bag of Preparation"},{"floor":26.0,"key":"Oddly Smooth Stone"},{"floor":30.0,"key":"Regal Pillow"},{"floor":42.0,"key":"Smiling Mask"},{"floor":55.0,"key":"Mango"}],"event_choices":[{"damage_healed":0.0,"max_hp_gain":0.0,"max_hp_loss":0.0,"gold_gain":0.0,"cards_transformed":["Strike_R"],"event_name":"Living Wall","player_choice":"Change","floor":2.0,"gold_loss":0.0,"damage_taken":0.0,"cards_obtained":["Intimidate"]},{"damage_healed":0.0,"max_hp_gain":0.0,"max_hp_loss":0.0,"gold_gain":0.0,"cards_transformed":["Strike_R"],"event_name":"Transmorgrifier","player_choice":"Transformed","floor":5.0,"gold_loss":0.0,"damage_taken":0.0,"cards_obtained":["Fiend Fire"]},{"damage_healed":0.0,"max_hp_gain":0.0,"max_hp_loss":0.0,"gold_gain":0.0,"event_name":"Vampires","player_choice":"Ignored","floor":20.0,"gold_loss":0.0,"damage_taken":0.0},{"damage_healed":0.0,"max_hp_gain":0.0,"max_hp_loss":0.0,"gold_gain":0.0,"event_name":"Duplicator","player_choice":"Ignored","floor":21.0,"gold_loss":0.0,"damage_taken":0.0},{"damage_healed":0.0,"max_hp_gain":0.0,"max_hp_loss":0.0,"gold_gain":0.0,"event_name":"Cursed Tome","player_choice":"Ignored","floor":28.0,"gold_loss":0.0,"damage_taken":0.0},{"damage_healed":0.0,"max_hp_gain":0.0,"max_hp_loss":0.0,"gold_gain":50.0,"event_name":"Nest","player_choice":"Stole From Cult","floor":31.0,"gold_loss":0.0,"damage_taken":0.0},{"damage_healed":13.0,"max_hp_gain":0.0,"max_hp_loss":0.0,"gold_gain":0.0,"event_name":"Wheel of Change","player_choice":"Full Heal","floor":36.0,"gold_loss":0.0,"damage_taken":0.0}],"is_beta":true,"boss_relics":[{"not_picked":["Ectoplasm","Orrery"],"picked":"Lizard Tail"},{"not_picked":["Tiny House","Black Blood"],"picked":"Coffee Dripper"}],"items_purged_floors":[29,38,48,54],"is_endless":false,"potions_floor_spawned":[1,4,7,13,16,18,22,23,33,35,37,41,45,55],"ascension_level":20}