{"gold_per_floor":[210,210,221,221,232,259,259,276,276,276,290,304,120,132,132,237,287,297,297,36,36,36,35,52,71,71,90,39,58,58,58,58,58],"floor_reached":33,"playtime":2153,"items_purged":[],"score":276,"play_id":"ffda85da-334c-48ab-938e-9fadeede07aa","local_time":"20190809142216","is_ascension_mode":false,"campfire_choices":[{"floor":7.0,"key":"REST"},{"floor":10.0,"key":"REST"},{"floor":15.0,"key":"REST"},{"floor":30,"key":"REST"},{"floor":32,"key":"REST"}],"neow_cost":"NONE","seed_source_timestamp":0,"circlet_count":0,"master_deck":["Strike_B","Strike_B","Strike_B","Strike_B","Defend_B+1","Defend_B","Defend_B","Defend_B","Zap","Dualcast","Streamline","Capacitor","Ball Lightning","Leap","Stack","Leap","Loop","Doom and Gloom","Go for the Eyes","Streamline","Chill+1","Go for the Eyes","Streamline+1","Streamline+1","Stack","Coolheaded","Reinforced Body","Amplify","Impatience"],"special_seed":0,"relics":["Cracked Core","Cables","Pantograph","Orichalcum","Tiny House","Sundial","Question Card","Shuriken"],"potions_floor_usage":[29,33],"damage_taken":[{"damage":2.0,"enemies":"2 Louse","floor":1.0,"turns":3.0},{"damage":1.0,"enemies":"Cultist","floor":3.0,"turns":3.0},{"damage":5.0,"enemies":"Jaw Worm","floor":5.0,"turns":4.0},{"damage":26.0,"enemies":"Lagavulin","floor":6.0,"turns":5.0},{"damage":6.0,"enemies":"Large Slime","floor":8.0,"turns":5.0},{"damage":11.0,"enemies":"3 Louse","floor":11.0,"turns":3.0},{"damage":4.0,"enemies":"Exordium Thugs","floor":12.0,"turns":6.0},{"damage":0.0,"enemies":"Looter","floor":14.0,"turns":2.0},{"damage":13.0,"enemies":"The Guardian","floor":16.0,"turns":9.0},{"damage":20.0,"enemies":"Spheric Guardian","floor":18.0,"turns":5.0},{"damage":10.0,"enemies":"2 Thieves","floor":23.0,"turns":4.0},{"damage":16.0,"enemies":"Snecko","floor":24.0,"turns":6.0},{"damage":11.0,"enemies":"Snake Plant","floor":25.0,"turns":5.0},{"damage":2.0,"enemies":"Centurion and Healer","floor":27.0,"turns":10.0},{"damage":6,"enemies":"Snecko","floor":29,"turns":5},{"damage":80,"enemies":"Collector","floor":33,"turns":7}],"seed_played":"-6361181239072334244","potions_obtained":[{"floor":1.0,"key":"Explosive Potion"},{"floor":14.0,"key":"Poison Potion"},{"floor":16.0,"key":"GamblersBrew"},{"floor":17.0,"key":"Explosive Potion"},{"floor":23.0,"key":"Weak Potion"},{"floor":27.0,"key":"Block Potion"},{"floor":29,"key":"PowerPotion"}],"is_trial":false,"path_per_floor":["M","?","M","?","M","E","R","M","T","R","M","M","$","M","R","B",null,"M","?","$","?","?","M","M","M","T","M","$","M","R","?","R","B"],"character_chosen":"DEFECT","items_purchased":["Orichalcum","Doom and Gloom","Question Card","Coolheaded"],"campfire_rested":5,"item_purchase_floors":[13,13,20,28],"current_hp_per_floor":[73,73,72,72,67,41,63,57,57,75,64,60,60,60,75,62,80,60,60,60,60,52,42,26,15,15,13,13,7,31,31,55,0],"gold":58,"neow_bonus":"HUNDRED_GOLD","is_prod":false,"is_daily":false,"chose_seed":false,"campfire_upgraded":0,"win_rate":0,"timestamp":1565385736,"path_taken":["M","?","M","?","M","E","R","M","T","R","?","M","$","M","R","BOSS","M","?","$","?","?","M","M","M","T","M","$","?","R","?","R","BOSS"],"build_version":"2019-07-17","purchased_purges":0,"victory":false,"max_hp_per_floor":[75,75,75,75,75,75,75,75,75,75,75,75,75,75,75,75,80,80,80,80,80,80,80,80,80,80,80,80,80,80,80,80,80],"card_choices":[{"not_picked":["Reinforced Body","Compile Driver"],"picked":"Streamline","floor":1.0},{"not_picked":["Scrape","Coolheaded"],"picked":"Capacitor","floor":3.0},{"not_picked":["Glacier","All For One"],"picked":"Ball Lightning","floor":5.0},{"not_picked":["Turbo","Stack"],"picked":"Leap","floor":6.0},{"not_picked":["Gash","Leap"],"picked":"Stack","floor":8.0},{"not_picked":["Compile Driver","Melter"],"picked":"Leap","floor":11.0},{"not_picked":["Chaos","Gash"],"picked":"Loop","floor":12.0},{"not_picked":["FTL","Loop"],"picked":"Go for the Eyes","floor":14.0},{"not_picked":["Rip and Tear","Force Field"],"picked":"Streamline","floor":17.0},{"not_picked":["Hello World","Heatsinks"],"picked":"Chill+1","floor":18.0},{"not_picked":["Loop","Turbo","Heatsinks+1"],"picked":"Go for the Eyes","floor":23.0},{"not_picked":["Steam Power","Compile Driver","Hologram"],"picked":"Streamline+1","floor":24.0},{"not_picked":["Hello World","Compile Driver+1","Leap"],"picked":"Streamline+1","floor":25.0},{"not_picked":["Melter","Cold Snap","Double Energy"],"picked":"Stack","floor":27.0},{"not_picked":["Gash","Coolheaded","Rebound"],"picked":"Reinforced Body","floor":29}],"player_experience":367417,"relics_obtained":[{"floor":6.0,"key":"Cables"},{"floor":9.0,"key":"Pantograph"},{"floor":26.0,"key":"Shuriken"}],"event_choices":[{"damage_healed":0.0,"max_hp_gain":0.0,"max_hp_loss":0.0,"gold_gain":0.0,"event_name":"Shining Light","player_choice":"Ignored","floor":2.0,"gold_loss":0.0,"damage_taken":0.0},{"damage_healed":0.0,"max_hp_gain":0.0,"max_hp_loss":0.0,"gold_gain":0.0,"event_name":"Purifier","player_choice":"Ignored","floor":4.0,"gold_loss":0.0,"damage_taken":0.0},{"damage_healed":0.0,"max_hp_gain":0.0,"max_hp_loss":0.0,"gold_gain":0.0,"event_name":"The Mausoleum","player_choice":"Opened","floor":19.0,"gold_loss":0.0,"damage_taken":0.0,"relics_obtained":["Sundial"]},{"damage_healed":0.0,"max_hp_gain":0.0,"max_hp_loss":0.0,"gold_gain":0.0,"event_name":"Vampires","player_choice":"Ignored","floor":21.0,"gold_loss":0.0,"damage_taken":0.0},{"damage_healed":0.0,"max_hp_gain":0.0,"max_hp_loss":0.0,"gold_gain":0.0,"event_name":"Knowing Skull","player_choice":"","floor":22.0,"potions_obtained":[],"gold_loss":0.0,"damage_taken":8.0,"cards_obtained":[]},{"damage_healed":0,"gold_gain":0,"player_choice":"2 cards matched","damage_taken":0,"max_hp_gain":0,"max_hp_loss":0,"event_name":"Match and Keep!","floor":31,"gold_loss":0,"cards_obtained":["Amplify","Impatience"]}],"is_beta":false,"boss_relics":[{"not_picked":["Philosopher\u0027s Stone","Orrery"],"picked":"Tiny House"}],"items_purged_floors":[],"is_endless":false,"potions_floor_spawned":[1,14,16,23,27,29],"killed_by":"Collector","ascension_level":0}