{"gold_per_floor":[112,128,128,128,53,79,79,105,105,137,137,149,164,192,192,263,263,279,279,296,124,124,124,158,172,172,172,202,212,222,249,249,323,323,343,355,355,39,56,71,100,111,158,192,212,227,260,260,260,260,260,260,260,44,72,72],"floor_reached":57,"playtime":3687,"items_purged":["Conserve Battery","Compile Driver+1"],"score":3764,"play_id":"f9d9bbf8-6a3d-47c2-9770-f56594ad63dd","local_time":"20190826190102","daily_mods":["SealedDeck"],"is_ascension_mode":true,"campfire_choices":[{"data":"Consume","floor":7.0,"key":"SMITH"},{"data":"Turbo","floor":11.0,"key":"SMITH"},{"data":"Defragment","floor":15.0,"key":"SMITH"},{"data":"Heatsinks","floor":23.0,"key":"SMITH"},{"data":"Recycle","floor":27,"key":"SMITH"},{"data":"Coolheaded","floor":32,"key":"SMITH"},{"floor":49,"key":"RECALL"},{"data":"Loop","floor":53,"key":"SMITH"}],"neow_cost":"","seed_source_timestamp":0,"circlet_count":0,"master_deck":["AscendersBane","Genetic Algorithm","Turbo+1","Hologram","Consume+1","White Noise+1","Skim+1","Recycle+1","Chill+1","Gash","Self Repair","Capacitor","Defragment+1","Heatsinks+1","Double Energy+1","Coolheaded+1","Loop+1"],"special_seed":0,"relics":["Cracked Core","Letter Opener","Emotion Chip","Bottled Lightning","Matryoshka","Happy Flower","Calling Bell","Bronze Scales","Question Card","Gambling Chip","Potion Belt","Ice Cream","Bag of Preparation","DataDisk","Torii","Runic Dome","ClockworkSouvenir","Art of War","Blood Vial","War Paint","Pen Nib","TheAbacus","FossilizedHelix"],"potions_floor_usage":[24,24,24,51,56,56,56],"damage_taken":[{"damage":0.0,"enemies":"2 Louse","floor":1.0,"turns":3.0},{"damage":0.0,"enemies":"Cultist","floor":2.0,"turns":3.0},{"damage":34.0,"enemies":"Lagavulin","floor":6.0,"turns":7.0},{"damage":17.0,"enemies":"3 Sentries","floor":8.0,"turns":9.0},{"damage":13.0,"enemies":"Lagavulin","floor":10.0,"turns":7.0},{"damage":0.0,"enemies":"Jaw Worm","floor":12.0,"turns":3.0},{"damage":0.0,"enemies":"Exordium Wildlife","floor":13.0,"turns":5.0},{"damage":17.0,"enemies":"3 Sentries","floor":14.0,"turns":12.0},{"damage":0.0,"enemies":"Slime Boss","floor":16.0,"turns":8.0},{"damage":0.0,"enemies":"Shell Parasite","floor":18.0,"turns":4.0},{"damage":35.0,"enemies":"Chosen","floor":20.0,"turns":8.0},{"damage":0,"enemies":"Book of Stabbing","floor":24,"turns":3},{"damage":0,"enemies":"Centurion and Healer","floor":25,"turns":6},{"damage":0,"enemies":"Gremlin Leader","floor":28,"turns":3},{"damage":0,"enemies":"Snake Plant","floor":29,"turns":2},{"damage":0,"enemies":"Chosen and Byrds","floor":30,"turns":3},{"damage":0,"enemies":"Slavers","floor":31,"turns":2},{"damage":0,"enemies":"Champ","floor":33,"turns":5},{"damage":0,"enemies":"3 Shapes","floor":35,"turns":2},{"damage":0,"enemies":"3 Darklings","floor":36,"turns":3},{"damage":0,"enemies":"Sphere and 2 Shapes","floor":39,"turns":1},{"damage":0,"enemies":"4 Shapes","floor":40,"turns":1},{"damage":0,"enemies":"Giant Head","floor":41,"turns":1},{"damage":0,"enemies":"3 Darklings","floor":42,"turns":1},{"damage":0,"enemies":"Reptomancer","floor":44,"turns":1},{"damage":0,"enemies":"Sphere and 2 Shapes","floor":45,"turns":1},{"damage":0,"enemies":"4 Shapes","floor":46,"turns":1},{"damage":0,"enemies":"Nemesis","floor":47,"turns":1},{"damage":0,"enemies":"Donu and Deca","floor":50,"turns":1},{"damage":0,"enemies":"Time Eater","floor":51,"turns":5},{"damage":0,"enemies":"Shield and Spear","floor":55,"turns":1},{"damage":0,"enemies":"The Heart","floor":56,"turns":6}],"seed_played":"-6451810858879933838","potions_obtained":[{"floor":2.0,"key":"Regen Potion"},{"floor":6.0,"key":"Poison Potion"},{"floor":8.0,"key":"FearPotion"},{"floor":10.0,"key":"Energy Potion"},{"floor":20.0,"key":"Block Potion"},{"floor":22.0,"key":"Weak Potion"},{"floor":22.0,"key":"PowerPotion"},{"floor":29,"key":"Ancient Potion"},{"floor":31,"key":"PowerPotion"},{"floor":36,"key":"Strength Potion"},{"floor":42,"key":"SteroidPotion"},{"floor":45,"key":"GamblersBrew"},{"floor":47,"key":"Weak Potion"}],"is_trial":true,"path_per_floor":["M","M","?","$","$","E","R","E","T","E","R","M","M","E","R","B",null,"M","?","M","$","?","R","E","M","T","R","E","M","M","E","R","B",null,"M","M","?","$","M","M","E","M","T","E","M","M","E","$","R","B","B",null,"R","$","E","B",null],"character_chosen":"DEFECT","items_purchased":["Potion Belt","ClockworkSouvenir","TheAbacus"],"campfire_rested":0,"item_purchase_floors":[21,38,54],"current_hp_per_floor":[64,64,64,64,64,42,42,25,25,19,19,26,33,23,23,30,61,68,68,40,40,40,40,47,54,54,54,61,68,71,71,71,71,71,71,71,71,71,71,71,71,71,71,71,71,71,71,71,71,71,71,71,71,71,71,71],"gold":72,"neow_bonus":"","is_prod":false,"is_daily":false,"chose_seed":false,"campfire_upgraded":7,"win_rate":0,"timestamp":1566817262,"path_taken":["M","M","?","?","$","E","R","E","T","E","R","M","M","E","R","BOSS","M","?","M","$","?","R","E","?","T","R","E","M","M","E","R","BOSS","M","M","?","$","M","M","E","M","T","E","?","M","E","$","R","BOSS","BOSS","R","$","E","BOSS"],"build_version":"2019-08-23","purchased_purges":2,"victory":true,"max_hp_per_floor":[71,71,71,71,71,71,71,71,71,71,71,71,71,71,71,71,71,71,71,71,71,71,71,71,71,71,71,71,71,71,71,71,71,71,71,71,71,71,71,71,71,71,71,71,71,71,71,71,71,71,71,71,71,71,71,71],"card_choices":[{"not_picked":["Stack","Reinforced Body","Leap"],"picked":"SKIP","floor":1.0},{"not_picked":["Sunder","Ball Lightning","FTL"],"picked":"SKIP","floor":2.0},{"not_picked":["Genetic Algorithm","Sweeping Beam","Darkness"],"picked":"SKIP","floor":6.0},{"not_picked":["Stack","Sweeping Beam"],"picked":"Self Repair","floor":8.0},{"not_picked":["Force Field","Genetic Algorithm","Multi-Cast"],"picked":"SKIP","floor":10.0},{"not_picked":["Storm","Barrage","Rebound"],"picked":"SKIP","floor":12.0},{"not_picked":["Redo","Gash"],"picked":"Capacitor","floor":13.0},{"not_picked":["Undo","Reinforced Body"],"picked":"Defragment","floor":14.0},{"not_picked":["Rip and Tear","Genetic Algorithm","Stack","Scrape"],"picked":"SKIP","floor":18.0},{"not_picked":["Streamline","Electrodynamics","Cold Snap+1"],"picked":"Heatsinks","floor":20.0},{"not_picked":["Blizzard","Stack","Consume+1"],"picked":"Double Energy+1","floor":24},{"not_picked":["Conserve Battery","Compile Driver+1","Melter","Streamline"],"picked":"SKIP","floor":25},{"not_picked":["Conserve Battery","Melter","Streamline"],"picked":"Compile Driver+1","floor":25},{"not_picked":["Streamline","Consume","Rebound","Hologram"],"picked":"SKIP","floor":28},{"not_picked":["Streamline","Creative AI","Beam Cell","Conserve Battery"],"picked":"SKIP","floor":29},{"not_picked":["Beam Cell","Rebound","White Noise","Conserve Battery"],"picked":"SKIP","floor":30},{"not_picked":["Genetic Algorithm+1","Thunder Strike","Rebound"],"picked":"Coolheaded","floor":31},{"not_picked":["Barrage","Hologram","Static Discharge","Compile Driver"],"picked":"SKIP","floor":35},{"not_picked":["Static Discharge","Tempest","Glacier+1","Compile Driver"],"picked":"SKIP","floor":36},{"not_picked":["Streamline","Capacitor+1","Self Repair","Go for the Eyes"],"picked":"SKIP","floor":39},{"not_picked":["Auto Shields","Beam Cell","Coolheaded","Sweeping Beam"],"picked":"SKIP","floor":40},{"not_picked":["Aggregate","Static Discharge","Electrodynamics"],"picked":"Loop","floor":41},{"not_picked":["Beam Cell+1","Heatsinks+1","Skim","Conserve Battery"],"picked":"SKIP","floor":42},{"not_picked":["Scrape+1","Ball Lightning+1","Blizzard","Coolheaded"],"picked":"SKIP","floor":44},{"not_picked":["Gash+1","Redo","Hello World+1","Self Repair"],"picked":"SKIP","floor":45},{"not_picked":["Hello World","Creative AI","Coolheaded+1","Barrage"],"picked":"SKIP","floor":46},{"not_picked":["Ball Lightning","BootSequence","Leap+1","Rebound"],"picked":"SKIP","floor":47},{"not_picked":["Thunder Strike","Coolheaded","Beam Cell","Ball Lightning+1"],"picked":"SKIP","floor":55}],"player_experience":3104676,"relics_obtained":[{"floor":6.0,"key":"Letter Opener"},{"floor":8.0,"key":"Emotion Chip"},{"floor":9.0,"key":"Bottled Lightning"},{"floor":10.0,"key":"Matryoshka"},{"floor":14.0,"key":"Happy Flower"},{"floor":17.0,"key":"Bronze Scales"},{"floor":17.0,"key":"Question Card"},{"floor":17.0,"key":"Gambling Chip"},{"floor":24,"key":"Ice Cream"},{"floor":26,"key":"Bag of Preparation"},{"floor":28,"key":"DataDisk"},{"floor":31,"key":"Torii"},{"floor":41,"key":"Art of War"},{"floor":43,"key":"Blood Vial"},{"floor":43,"key":"War Paint"},{"floor":47,"key":"Pen Nib"},{"floor":55,"key":"FossilizedHelix"}],"event_choices":[{"damage_healed":0.0,"max_hp_gain":0.0,"max_hp_loss":0.0,"gold_gain":0.0,"cards_transformed":["Ball Lightning"],"event_name":"Transmorgrifier","player_choice":"Transformed","floor":3.0,"gold_loss":0.0,"damage_taken":0.0,"cards_obtained":["Conserve Battery"]},{"damage_healed":0.0,"max_hp_gain":0.0,"max_hp_loss":0.0,"gold_gain":0.0,"event_name":"Ghosts","player_choice":"Ignored","floor":19.0,"gold_loss":0.0,"damage_taken":0.0},{"damage_healed":0.0,"max_hp_gain":0.0,"max_hp_loss":0.0,"gold_gain":0.0,"event_name":"Lab","player_choice":"Got Potions","floor":22.0,"gold_loss":0.0,"damage_taken":0.0},{"damage_healed":0,"gold_gain":0,"player_choice":"Upgraded","damage_taken":0,"max_hp_gain":0,"max_hp_loss":0,"event_name":"Upgrade Shrine","floor":37,"gold_loss":0,"cards_upgraded":["Skim"]}],"is_beta":true,"boss_relics":[{"not_picked":["Astrolabe","Eternal Feather"],"picked":"Calling Bell"},{"not_picked":["Lizard Tail","Fusion Hammer"],"picked":"Runic Dome"}],"items_purged_floors":[5,38],"is_endless":false,"potions_floor_spawned":[2,6,8,10,13,20,29,31,36,42,45,47],"ascension_level":20}