{"gold_per_floor":[117,127,137,187,202,202,233,233,233,253,267,267,294,313,313,313],"floor_reached":16,"playtime":464,"items_purged":[],"score":228,"play_id":"670a8b16-53dd-499b-bee3-3aa16fd49b87","local_time":"20190920162626","is_ascension_mode":true,"campfire_choices":[{"data":"Barrage","floor":6,"key":"SMITH"},{"data":"Zap","floor":8,"key":"SMITH"},{"data":"Beam Cell","floor":12,"key":"SMITH"},{"floor":15,"key":"REST"}],"neow_cost":"TEN_PERCENT_HP_LOSS","seed_source_timestamp":859575417203465,"circlet_count":0,"master_deck":["AscendersBane","Strike_B","Strike_B","Strike_B","Strike_B","Defend_B","Defend_B","Defend_B","Defend_B","Zap+1","Dualcast","Barrage+1","Undo","Cold Snap","Recycle","Turbo","White Noise","Beam Cell+1","Creative AI"],"relics":["Cracked Core","TungstenRod","Shuriken","Kunai","Centennial Puzzle"],"potions_floor_usage":[7,10,16],"damage_taken":[{"damage":0,"enemies":"Cultist","floor":1,"turns":4},{"damage":0,"enemies":"Small Slimes","floor":2,"turns":3},{"damage":2,"enemies":"Jaw Worm","floor":3,"turns":5},{"damage":0,"enemies":"3 Louse","floor":5,"turns":4},{"damage":15,"enemies":"Lagavulin","floor":7,"turns":8},{"damage":9,"enemies":"Large Slime","floor":10,"turns":4},{"damage":15,"enemies":"Lots of Slimes","floor":11,"turns":6},{"damage":19,"enemies":"3 Sentries","floor":13,"turns":6},{"damage":3,"enemies":"3 Louse","floor":14,"turns":3},{"damage":22,"enemies":"Slime Boss","floor":16,"turns":3}],"seed_played":"-3639700664889303583","potions_obtained":[{"floor":3,"key":"Swift Potion"},{"floor":5,"key":"SteroidPotion"},{"floor":7,"key":"FocusPotion"}],"is_trial":false,"path_per_floor":["M","M","M","?","M","R","E","R","T","M","M","R","E","M","R","B"],"character_chosen":"DEFECT","items_purchased":[],"campfire_rested":1,"item_purchase_floors":[],"current_hp_per_floor":[64,64,62,62,62,62,47,47,47,38,23,23,4,1,20,0],"gold":313,"neow_bonus":"ONE_RARE_RELIC","is_prod":false,"is_daily":false,"chose_seed":false,"campfire_upgraded":3,"win_rate":0,"timestamp":1568967986,"path_taken":["M","M","?","?","M","R","E","R","T","M","M","R","E","?","R","BOSS"],"build_version":"2019-09-19","purchased_purges":0,"victory":false,"max_hp_per_floor":[64,64,64,64,64,64,64,64,64,64,64,64,64,64,64,64],"card_choices":[{"not_picked":["Loop","Sweeping Beam"],"picked":"Barrage","floor":1},{"not_picked":["Storm","Double Energy"],"picked":"Undo","floor":2},{"not_picked":["Stack","Storm"],"picked":"Cold Snap","floor":3},{"not_picked":["Beam Cell","Hologram"],"picked":"Recycle","floor":5},{"not_picked":["Doom and Gloom","Compile Driver"],"picked":"Turbo","floor":7},{"not_picked":["Blizzard","Stack"],"picked":"White Noise","floor":10},{"not_picked":["Streamline","Scrape"],"picked":"Beam Cell","floor":11},{"not_picked":["Melter","Hologram"],"picked":"Creative AI","floor":13},{"not_picked":["Turbo","Beam Cell","Rebound"],"picked":"SKIP","floor":14}],"player_experience":888525,"relics_obtained":[{"floor":7,"key":"Shuriken"},{"floor":9,"key":"Kunai"},{"floor":13,"key":"Centennial Puzzle"}],"event_choices":[{"damage_healed":0,"gold_gain":50,"player_choice":"Pray","damage_taken":0,"max_hp_gain":0,"max_hp_loss":0,"event_name":"Golden Shrine","floor":4,"gold_loss":0}],"is_beta":true,"boss_relics":[],"items_purged_floors":[],"is_endless":false,"potions_floor_spawned":[3,5,7],"killed_by":"Slime Boss","ascension_level":20}