{"gold_per_floor":[111,72,72,147,147,147,206,225,225,252,262,288,48,70,70,143,143,161,61,74,86,105,105,133,151,151,177,102,502,521,546,546,624,624,635,655,669,669,455,484,484,515,515,534,563,579,612,630,630,630,630,630,630,106,131,131],"floor_reached":57,"playtime":2570,"items_purged":["Strike_R","Strike_R","Immolate+1","Defend_R"],"score":3655,"play_id":"c7ce024a-6e9c-42b6-b733-7f49bd86a56d","local_time":"20190901234404","is_ascension_mode":true,"campfire_choices":[{"data":"Evolve","floor":6.0,"key":"SMITH"},{"data":"Carnage","floor":15.0,"key":"SMITH"},{"data":"Immolate","floor":23.0,"key":"SMITH"},{"data":"Berserk","floor":32.0,"key":"SMITH"},{"data":"Deep Breath","floor":41.0,"key":"SMITH"},{"floor":49.0,"key":"RECALL"},{"data":"Feel No Pain","floor":53,"key":"SMITH"}],"neow_cost":"NONE","seed_source_timestamp":1503521487777300,"circlet_count":0,"master_deck":["AscendersBane","Defend_R","Defend_R","Feel No Pain+1","Evolve+1","Offering","Pommel Strike+1","Reckless Charge","Berserk+1","Second Wind+1","Exhume","Body Slam+1","Offering","Deep Breath+1","Armaments+1","Discovery","Power Through"],"special_seed":0,"relics":["Burning Blood","Meat on the Bone","StoneCalendar","Bag of Marbles","Omamori","Odd Mushroom","Runic Dome","Orichalcum","Thread and Needle","Blue Candle","Old Coin","Mummified Hand","Dream Catcher","Empty Cage","Letter Opener","Lantern","PreservedInsect","Incense Burner","Champion Belt","ClockworkSouvenir","Unceasing Top"],"potions_floor_usage":[50,56,56],"damage_taken":[{"damage":4.0,"enemies":"Small Slimes","floor":1.0,"turns":5.0},{"damage":12.0,"enemies":"3 Sentries","floor":7.0,"turns":13.0},{"damage":27.0,"enemies":"Jaw Worm","floor":8.0,"turns":11.0},{"damage":35.0,"enemies":"Lagavulin","floor":10.0,"turns":7.0},{"damage":6.0,"enemies":"Cultist","floor":11.0,"turns":4.0},{"damage":11.0,"enemies":"Gremlin Nob","floor":12.0,"turns":3.0},{"damage":20.0,"enemies":"The Mushroom Lair","floor":14.0,"turns":4.0},{"damage":6.0,"enemies":"Slime Boss","floor":16.0,"turns":5.0},{"damage":6.0,"enemies":"Spheric Guardian","floor":18.0,"turns":3.0},{"damage":13.0,"enemies":"3 Byrds","floor":20.0,"turns":3.0},{"damage":6.0,"enemies":"Centurion and Healer","floor":21.0,"turns":4.0},{"damage":13.0,"enemies":"Snecko","floor":22.0,"turns":3.0},{"damage":6.0,"enemies":"Slavers","floor":24.0,"turns":2.0},{"damage":6.0,"enemies":"Snake Plant","floor":25.0,"turns":2.0},{"damage":27.0,"enemies":"Gremlin Leader","floor":27.0,"turns":4.0},{"damage":6.0,"enemies":"Colosseum Slavers","floor":29.0,"turns":3.0},{"damage":6.0,"enemies":"Colosseum Nobs","floor":29.0,"turns":3.0},{"damage":6.0,"enemies":"Centurion and Healer","floor":30.0,"turns":3.0},{"damage":17.0,"enemies":"Book of Stabbing","floor":31.0,"turns":4.0},{"damage":14.0,"enemies":"Automaton","floor":33.0,"turns":7.0},{"damage":6.0,"enemies":"3 Shapes","floor":35.0,"turns":3.0},{"damage":6.0,"enemies":"3 Darklings","floor":36.0,"turns":3.0},{"damage":12.0,"enemies":"Spire Growth","floor":37.0,"turns":2.0},{"damage":12.0,"enemies":"Nemesis","floor":40.0,"turns":3.0},{"damage":6.0,"enemies":"Reptomancer","floor":42.0,"turns":2.0},{"damage":12.0,"enemies":"Jaw Worm Horde","floor":44.0,"turns":2.0},{"damage":12.0,"enemies":"Nemesis","floor":45.0,"turns":3.0},{"damage":13.0,"enemies":"Sphere and 2 Shapes","floor":46.0,"turns":3.0},{"damage":12.0,"enemies":"Reptomancer","floor":47.0,"turns":1.0},{"damage":1.0,"enemies":"3 Darklings","floor":48.0,"turns":5.0},{"damage":12,"enemies":"Time Eater","floor":50,"turns":3},{"damage":18,"enemies":"Donu and Deca","floor":51,"turns":3},{"damage":18,"enemies":"Shield and Spear","floor":55,"turns":1},{"damage":19,"enemies":"The Heart","floor":56,"turns":6}],"seed_played":"7221916705564472835","potions_obtained":[{"floor":1.0,"key":"BloodPotion"},{"floor":10.0,"key":"Strength Potion"},{"floor":12.0,"key":"SteroidPotion"},{"floor":18.0,"key":"LiquidBronze"},{"floor":20.0,"key":"Strength Potion"},{"floor":25.0,"key":"Swift Potion"},{"floor":36.0,"key":"Fire Potion"},{"floor":40.0,"key":"Block Potion"},{"floor":48.0,"key":"SpeedPotion"}],"is_trial":false,"path_per_floor":["M","$","?","?","?","R","?","M","T","E","M","E","$","?","R","B",null,"M","$","M","M","M","R","E","M","T","E","?","?","M","E","R","B",null,"M","M","M","?","$","E","R","E","T","M","E","M","E","M","R","B","B",null,"R","$","E","B",null],"character_chosen":"IRONCLAD","items_purchased":["Evolve","Omamori","Deep Breath","Discovery","ClockworkSouvenir","SpeedPotion"],"campfire_rested":0,"item_purchase_floors":[2,13,39,54,54,54],"current_hp_per_floor":[70,70,63,52,52,52,46,37,37,20,32,39,39,37,37,49,69,69,69,62,62,55,55,55,55,55,46,46,46,46,47,47,51,69,69,69,63,63,63,57,57,57,57,51,45,50,44,49,49,55,55,70,70,70,58,45],"gold":131,"neow_bonus":"REMOVE_CARD","is_prod":false,"is_daily":false,"chose_seed":false,"campfire_upgraded":6,"win_rate":0,"timestamp":1567352644,"path_taken":["M","$","?","?","?","R","?","?","T","E","M","E","$","?","R","BOSS","M","$","M","M","M","R","E","M","T","E","?","?","?","E","R","BOSS","M","M","M","?","$","E","R","E","T","M","E","M","E","M","R","BOSS","BOSS","R","$","E","BOSS"],"build_version":"2019-08-26","purchased_purges":4,"victory":true,"max_hp_per_floor":[75,75,75,75,75,75,75,75,75,75,75,75,75,75,75,75,75,75,75,75,75,75,75,75,75,75,75,75,75,75,75,75,75,75,75,75,75,75,75,75,75,75,75,75,75,75,75,75,75,75,75,75,75,75,75,75],"card_choices":[{"not_picked":["Sword Boomerang","Pummel"],"picked":"Feel No Pain","floor":1.0},{"not_picked":["Havoc","Entrench"],"picked":"Carnage","floor":8.0},{"not_picked":["Pommel Strike","Warcry"],"picked":"Offering","floor":10.0},{"not_picked":["Perfected Strike","Iron Wave","Wild Strike"],"picked":"SKIP","floor":11.0},{"not_picked":["Heavy Blade","Clash","Inflame"],"picked":"SKIP","floor":12.0},{"not_picked":["Demon Form","Limit Break"],"picked":"Immolate","floor":16.0},{"not_picked":["Sword Boomerang","Searing Blow"],"picked":"Pommel Strike+1","floor":18.0},{"not_picked":["Entrench+1","Thunderclap","Perfected Strike"],"picked":"SKIP","floor":20.0},{"not_picked":["Disarm","Clash+1","Shockwave"],"picked":"SKIP","floor":21.0},{"not_picked":["Cleave","Impervious"],"picked":"Reckless Charge","floor":22.0},{"not_picked":["Headbutt","Metallicize+1","Infernal Blade"],"picked":"SKIP","floor":24.0},{"not_picked":["Flex+1","Hemokinesis","Havoc"],"picked":"SKIP","floor":25.0},{"not_picked":["Perfected Strike","Iron Wave"],"picked":"Berserk","floor":27.0},{"not_picked":["Flex","Heavy Blade"],"picked":"Second Wind+1","floor":30.0},{"not_picked":["Heavy Blade","Twin Strike+1"],"picked":"Exhume","floor":31.0},{"not_picked":["Flame Barrier","Havoc","Clash+1"],"picked":"SKIP","floor":35.0},{"not_picked":["Corruption","Iron Wave"],"picked":"Body Slam+1","floor":36.0},{"not_picked":["Wild Strike","Demon Form","Havoc"],"picked":"SKIP","floor":37.0},{"not_picked":["Body Slam","Iron Wave+1","Uppercut+1"],"picked":"SKIP","floor":40.0},{"not_picked":["Sword Boomerang+1","Armaments+1","Clash"],"picked":"SKIP","floor":42.0},{"not_picked":["Sword Boomerang+1","Clash"],"picked":"Armaments+1","floor":42.0},{"not_picked":["Second Wind","Sever Soul","Heavy Blade"],"picked":"SKIP","floor":44.0},{"not_picked":["Iron Wave","Clothesline","True Grit"],"picked":"SKIP","floor":45.0},{"not_picked":["Pommel Strike+1","Sword Boomerang","Infernal Blade"],"picked":"SKIP","floor":46.0},{"not_picked":["Intimidate","Heavy Blade","Wild Strike"],"picked":"SKIP","floor":47.0},{"not_picked":["Second Wind","Carnage","Iron Wave+1"],"picked":"SKIP","floor":48.0},{"not_picked":["Corruption","Hemokinesis"],"picked":"Power Through","floor":55}],"player_experience":3149857,"relics_obtained":[{"floor":7.0,"key":"Meat on the Bone"},{"floor":10.0,"key":"StoneCalendar"},{"floor":12.0,"key":"Bag of Marbles"},{"floor":14.0,"key":"Odd Mushroom"},{"floor":24.0,"key":"Orichalcum"},{"floor":26.0,"key":"Thread and Needle"},{"floor":27.0,"key":"Blue Candle"},{"floor":29.0,"key":"Old Coin"},{"floor":29.0,"key":"Mummified Hand"},{"floor":31.0,"key":"Dream Catcher"},{"floor":40.0,"key":"Letter Opener"},{"floor":42.0,"key":"Lantern"},{"floor":43.0,"key":"PreservedInsect"},{"floor":45.0,"key":"Incense Burner"},{"floor":47.0,"key":"Champion Belt"},{"floor":55,"key":"Unceasing Top"}],"event_choices":[{"cards_removed":["Strike_R"],"damage_healed":0.0,"max_hp_gain":0.0,"max_hp_loss":0.0,"gold_gain":0.0,"event_name":"Golden Wing","player_choice":"Card Removal","floor":3.0,"gold_loss":0.0,"damage_taken":7.0},{"damage_healed":0.0,"max_hp_gain":0.0,"max_hp_loss":0.0,"gold_gain":75.0,"event_name":"World of Goop","player_choice":"Gather Gold","floor":4.0,"gold_loss":0.0,"damage_taken":11.0},{"cards_removed":["Strike_R"],"damage_healed":0.0,"max_hp_gain":0.0,"max_hp_loss":0.0,"gold_gain":0.0,"event_name":"Living Wall","player_choice":"Forget","floor":5.0,"gold_loss":0.0,"damage_taken":0.0},{"damage_healed":0.0,"max_hp_gain":0.0,"max_hp_loss":0.0,"gold_gain":0.0,"event_name":"Dead Adventurer","player_choice":"Searched \u00271\u0027 times","floor":7.0,"gold_loss":0.0,"damage_taken":0.0},{"damage_healed":0.0,"max_hp_gain":0.0,"max_hp_loss":0.0,"gold_gain":0.0,"event_name":"Mushrooms","player_choice":"Fought Mushrooms","floor":14.0,"gold_loss":0.0,"damage_taken":0.0},{"cards_removed":["Bash"],"damage_healed":0.0,"max_hp_gain":0.0,"max_hp_loss":0.0,"gold_gain":0.0,"event_name":"Beggar","player_choice":"Gave Gold","floor":28.0,"gold_loss":75.0,"damage_taken":0.0},{"damage_healed":0.0,"max_hp_gain":0.0,"max_hp_loss":0.0,"gold_gain":0.0,"event_name":"Colosseum","player_choice":"Fight","floor":29.0,"gold_loss":0.0,"damage_taken":0.0},{"damage_healed":0.0,"max_hp_gain":0.0,"max_hp_loss":0.0,"gold_gain":0.0,"event_name":"Colosseum","player_choice":"Fought Nobs","floor":29.0,"gold_loss":0.0,"damage_taken":0.0},{"damage_healed":0.0,"max_hp_gain":0.0,"max_hp_loss":0.0,"gold_gain":0.0,"event_name":"Duplicator","player_choice":"Copied","floor":38.0,"gold_loss":0.0,"damage_taken":0.0,"cards_obtained":["Offering"]}],"is_beta":true,"boss_relics":[{"not_picked":["Sozu","Calling Bell"],"picked":"Runic Dome"},{"not_picked":["Black Blood","White Beast Statue"],"picked":"Empty Cage"}],"items_purged_floors":[13,19,39,54],"is_endless":false,"potions_floor_spawned":[1,10,12,18,20,25,30,36,37,40,44,48,55],"ascension_level":20}