{"gold_per_floor":[112,128,128,141,161,194,194,119,119,135,135,60,77,111,111,186,186,202,222,238,94,294,294,312,332,355,355,355,11,38,71,71,142,142,159,175,226,226,246,280,130,157,183,183,218,228,259,259,259,259,259,259,259,29,64,64],"floor_reached":57,"playtime":2416,"items_purged":["Strike_B","Strike_B","Pain","Zap"],"score":3525,"play_id":"524a04dd-dc9d-4f8e-bb8e-315ca1d5e851","local_time":"20190530133250","is_ascension_mode":true,"campfire_choices":[{"floor":7.0,"key":"REST"},{"data":"Dualcast","floor":11.0,"key":"SMITH"},{"data":"Defragment","floor":15.0,"key":"SMITH"},{"data":"Coolheaded","floor":23.0,"key":"SMITH"},{"data":"Coolheaded","floor":27.0,"key":"SMITH"},{"data":"Creative AI","floor":32.0,"key":"SMITH"},{"floor":44.0,"key":"RECALL"},{"data":"Recycle","floor":49.0,"key":"SMITH"},{"data":"Buffer","floor":53.0,"key":"SMITH"}],"neow_cost":"NONE","seed_source_timestamp":1047862695757306,"circlet_count":0,"master_deck":["AscendersBane","Defend_B","Defend_B","Defend_B","Dualcast+1","Coolheaded+1","Undo","Electrodynamics","Defragment+1","Echo Form","Heatsinks+1","Meteor Strike+1","Capacitor+1","Tempest+1","Storm","Coolheaded+1","Creative AI+1","Biased Cognition","Glacier","Buffer+1","Consume","Recycle+1","Seek"],"special_seed":0,"relics":["Cracked Core","DataDisk","Mummified Hand","Symbiotic Virus","Astrolabe","Ancient Tea Set","WarpedTongs","ClockworkSouvenir","Potion Belt","Strawberry","Inserter","Vajra","Meat on the Bone","Bottled Tornado","Lantern","Gambling Chip","Sundial","Medical Kit","Letter Opener"],"potions_floor_usage":[56,56,56,56,56,56,56,56],"damage_taken":[{"damage":7.0,"enemies":"Jaw Worm","floor":1.0,"turns":3.0},{"damage":0.0,"enemies":"Cultist","floor":2.0,"turns":3.0},{"damage":0.0,"enemies":"2 Louse","floor":4.0,"turns":3.0},{"damage":2.0,"enemies":"2 Fungi Beasts","floor":5.0,"turns":4.0},{"damage":54.0,"enemies":"Gremlin Nob","floor":6.0,"turns":5.0},{"damage":0.0,"enemies":"Lots of Slimes","floor":10.0,"turns":7.0},{"damage":1.0,"enemies":"Looter","floor":13.0,"turns":4.0},{"damage":0.0,"enemies":"Lagavulin","floor":14.0,"turns":5.0},{"damage":0.0,"enemies":"The Guardian","floor":16.0,"turns":11.0},{"damage":1.0,"enemies":"Spheric Guardian","floor":18.0,"turns":4.0},{"damage":5.0,"enemies":"2 Thieves","floor":19.0,"turns":3.0},{"damage":0.0,"enemies":"Cultist and Chosen","floor":20.0,"turns":3.0},{"damage":0.0,"enemies":"Snake Plant","floor":24.0,"turns":2.0},{"damage":0.0,"enemies":"Chosen and Byrds","floor":25.0,"turns":2.0},{"damage":18.0,"enemies":"Slavers","floor":31.0,"turns":4.0},{"damage":0.0,"enemies":"Automaton","floor":33.0,"turns":4.0},{"damage":13.0,"enemies":"Orb Walker","floor":35.0,"turns":3.0},{"damage":4.0,"enemies":"3 Shapes","floor":36.0,"turns":3.0},{"damage":0.0,"enemies":"Writhing Mass","floor":39.0,"turns":1.0},{"damage":0.0,"enemies":"Nemesis","floor":40.0,"turns":4.0},{"damage":0.0,"enemies":"Reptomancer","floor":42.0,"turns":3.0},{"damage":0.0,"enemies":"Nemesis","floor":45.0,"turns":5.0},{"damage":0.0,"enemies":"Sphere and 2 Shapes","floor":46.0,"turns":1.0},{"damage":0.0,"enemies":"Giant Head","floor":47.0,"turns":6.0},{"damage":0.0,"enemies":"Awakened One","floor":50.0,"turns":3.0},{"damage":0.0,"enemies":"Donu and Deca","floor":51.0,"turns":3.0},{"damage":0.0,"enemies":"Shield and Spear","floor":55.0,"turns":2.0},{"damage":28,"enemies":"The Heart","floor":56,"turns":4}],"seed_played":"-6995899624914810325","potions_obtained":[{"floor":1.0,"key":"Swift Potion"},{"floor":3.0,"key":"Block Potion"},{"floor":13.0,"key":"Poison Potion"},{"floor":14.0,"key":"PowerPotion"},{"floor":16.0,"key":"Block Potion"},{"floor":24.0,"key":"Explosive Potion"},{"floor":31.0,"key":"PowerPotion"},{"floor":33.0,"key":"FearPotion"},{"floor":35.0,"key":"LiquidBronze"},{"floor":42.0,"key":"Strength Potion"},{"floor":45.0,"key":"AttackPotion"},{"floor":55.0,"key":"EntropicBrew"}],"is_trial":false,"path_per_floor":["M","M","?","M","M","E","R","?","T","M","R","$","M","E","R","B",null,"M","M","M","$","?","R","M","M","T","R","?","$","T","E","R","B",null,"M","M","T","?","M","E","$","E","T","R","E","M","E","?","R","B","B",null,"R","$","E","B",null],"character_chosen":"DEFECT","items_purchased":["Storm","ClockworkSouvenir","Medical Kit"],"campfire_rested":1,"item_purchase_floors":[21,29,54],"current_hp_per_floor":[57,57,57,57,55,1,22,22,22,22,22,22,21,21,21,21,59,58,53,53,53,53,53,53,53,53,53,53,53,53,42,42,42,69,56,52,52,52,52,52,52,52,52,52,52,52,52,52,52,52,52,72,72,72,72,56],"gold":64,"neow_bonus":"RANDOM_COMMON_RELIC","is_prod":false,"is_daily":false,"chose_seed":false,"campfire_upgraded":7,"win_rate":0,"timestamp":1559194370,"path_taken":["M","M","?","?","M","E","R","?","T","M","R","$","M","E","R","BOSS","M","M","M","$","?","R","M","?","T","R","?","$","?","E","R","BOSS","M","?","?","?","M","E","$","E","T","R","E","M","E","?","R","BOSS","BOSS","R","$","E","BOSS"],"build_version":"2019-05-28","purchased_purges":4,"victory":true,"max_hp_per_floor":[71,71,71,71,71,71,71,71,71,71,71,71,71,71,71,71,71,71,71,71,71,71,71,71,71,71,71,71,71,71,78,78,78,78,78,78,78,78,78,78,78,78,78,78,78,78,78,78,78,78,78,78,78,78,78,78],"card_choices":[{"not_picked":["Rip and Tear","Conserve Battery","Hologram"],"picked":"SKIP","floor":1.0},{"not_picked":["Gash","Redo"],"picked":"Coolheaded","floor":2.0},{"not_picked":["Streamline","Sweeping Beam"],"picked":"Chill","floor":4.0},{"not_picked":["Compile Driver","Conserve Battery"],"picked":"Undo","floor":5.0},{"not_picked":["Doom and Gloom","Storm"],"picked":"Capacitor","floor":6.0},{"not_picked":["Turbo","Compile Driver"],"picked":"Electrodynamics","floor":10.0},{"not_picked":["Barrage","Turbo"],"picked":"Defragment","floor":13.0},{"not_picked":["Turbo","Streamline","Thunder Strike"],"picked":"SKIP","floor":14.0},{"not_picked":["Fission","Meteor Strike"],"picked":"Echo Form","floor":16.0},{"not_picked":["Conserve Battery","Fusion","Barrage"],"picked":"SKIP","floor":18.0},{"not_picked":["Coolheaded","Beam Cell"],"picked":"Tempest+1","floor":19.0},{"not_picked":["Leap","Coolheaded","Barrage"],"picked":"SKIP","floor":20.0},{"not_picked":["Cold Snap","Darkness","Ball Lightning"],"picked":"SKIP","floor":24.0},{"not_picked":["Beam Cell","Doom and Gloom"],"picked":"Coolheaded","floor":25.0},{"not_picked":["Sweeping Beam","Stack"],"picked":"Creative AI","floor":31.0},{"not_picked":["Fission","Creative AI"],"picked":"Biased Cognition","floor":33.0},{"not_picked":["Stack+1","Hello World","Gash"],"picked":"SKIP","floor":35.0},{"not_picked":["Stack+1","Leap+1","Hologram"],"picked":"SKIP","floor":36.0},{"not_picked":["Go for the Eyes","Compile Driver"],"picked":"Glacier","floor":39.0},{"not_picked":["Coolheaded","Heatsinks","Stack+1"],"picked":"SKIP","floor":40.0},{"not_picked":["Gash","Stack","Rip and Tear"],"picked":"SKIP","floor":42.0},{"not_picked":["Aggregate","Darkness"],"picked":"Buffer","floor":45.0},{"not_picked":["Conserve Battery","Streamline"],"picked":"Consume","floor":46.0},{"not_picked":["Coolheaded","Turbo"],"picked":"Recycle","floor":47.0},{"not_picked":["Hologram","Gash"],"picked":"Seek","floor":55.0}],"player_experience":3051099,"relics_obtained":[{"floor":6.0,"key":"Mummified Hand"},{"floor":14.0,"key":"Symbiotic Virus"},{"floor":26.0,"key":"Ancient Tea Set"},{"floor":30.0,"key":"Potion Belt"},{"floor":31.0,"key":"Strawberry"},{"floor":37.0,"key":"Vajra"},{"floor":40.0,"key":"Meat on the Bone"},{"floor":42.0,"key":"Bottled Tornado"},{"floor":43.0,"key":"Lantern"},{"floor":45.0,"key":"Gambling Chip"},{"floor":47.0,"key":"Sundial"},{"floor":55.0,"key":"Letter Opener"}],"event_choices":[{"damage_healed":0.0,"max_hp_gain":0.0,"max_hp_loss":0.0,"gold_gain":0.0,"event_name":"Lab","player_choice":"Got Potions","floor":3.0,"gold_loss":0.0,"damage_taken":0.0},{"cards_removed":["Strike_B"],"damage_healed":0.0,"max_hp_gain":0.0,"max_hp_loss":0.0,"gold_gain":0.0,"event_name":"The Cleric","player_choice":"Card Removal","floor":8.0,"gold_loss":75.0,"damage_taken":0.0},{"damage_healed":0.0,"max_hp_gain":0.0,"max_hp_loss":0.0,"gold_gain":200.0,"event_name":"Wheel of Change","player_choice":"Gold","floor":22.0,"gold_loss":0.0,"damage_taken":0.0},{"damage_healed":0.0,"max_hp_gain":0.0,"max_hp_loss":0.0,"gold_gain":0.0,"event_name":"Accursed Blacksmith","player_choice":"Rummage","floor":28.0,"gold_loss":0.0,"damage_taken":0.0,"relics_obtained":["WarpedTongs"],"cards_obtained":["Pain"]},{"cards_removed":["Defend_B"],"damage_healed":0.0,"max_hp_gain":0.0,"max_hp_loss":0.0,"gold_gain":0.0,"event_name":"Falling","player_choice":"Removed Skill","floor":38.0,"gold_loss":0.0,"damage_taken":0.0},{"damage_healed":0.0,"max_hp_gain":0.0,"max_hp_loss":0.0,"gold_gain":0.0,"event_name":"Tomb of Lord Red Mask","player_choice":"Ignored","floor":48.0,"gold_loss":0.0,"damage_taken":0.0}],"is_beta":true,"boss_relics":[{"not_picked":["FrozenCore","Sozu"],"picked":"Astrolabe"},{"not_picked":["Calling Bell","Eternal Feather"],"picked":"Inserter"}],"items_purged_floors":[12,21,29,41],"is_endless":false,"potions_floor_spawned":[1,5,13,14,16,19,24,31,33,35,42,45,55],"ascension_level":20}