{"gold_per_floor":[118,118,133,151,151,151,181,181,181,181],"floor_reached":10,"playtime":506,"items_purged":[],"score":66,"play_id":"299c91b7-d54c-4f63-bec1-4b8db79beccb","local_time":"20190806133347","is_ascension_mode":false,"campfire_choices":[{"data":"Melter","floor":6,"key":"SMITH"}],"neow_cost":"NONE","seed_source_timestamp":611717764069675,"circlet_count":0,"master_deck":["Strike_B","Strike_B","Strike_B","Defend_B","Defend_B","Defend_B","Defend_B","Zap","Dualcast","Rainbow","Doom and Gloom","Multi-Cast","Melter+1","Stack+1","Beam Cell"],"relics":["Cracked Core","Toxic Egg 2","Boot"],"potions_floor_usage":[4,7],"damage_taken":[{"damage":0,"enemies":"Small Slimes","floor":1,"turns":3},{"damage":9,"enemies":"Jaw Worm","floor":3,"turns":3},{"damage":4,"enemies":"Cultist","floor":4,"turns":3},{"damage":44,"enemies":"Gremlin Nob","floor":7,"turns":6},{"damage":36,"enemies":"Gremlin Gang","floor":10,"turns":3}],"seed_played":"7522959118601046203","potions_obtained":[{"floor":1,"key":"Swift Potion"},{"floor":3,"key":"Energy Potion"}],"is_trial":false,"path_per_floor":["M","?","M","M","?","R","E","?","T","M"],"character_chosen":"DEFECT","items_purchased":[],"campfire_rested":0,"item_purchase_floors":[],"current_hp_per_floor":[75,75,66,62,62,62,18,18,18,0],"gold":181,"neow_bonus":"ONE_RANDOM_RARE_CARD","is_prod":false,"is_daily":false,"chose_seed":false,"campfire_upgraded":1,"win_rate":0,"timestamp":1565123627,"path_taken":["M","?","M","M","?","R","E","?","T","?"],"build_version":"2019-07-17","purchased_purges":0,"victory":false,"max_hp_per_floor":[75,75,75,75,75,75,75,75,75,75],"card_choices":[{"not_picked":["Hello World","Fusion"],"picked":"Doom and Gloom","floor":1},{"not_picked":["Conserve Battery","Rebound"],"picked":"Melter","floor":3},{"not_picked":["Sunder","Barrage"],"picked":"Stack","floor":4},{"not_picked":["Force Field","Rebound"],"picked":"Beam Cell","floor":7}],"player_experience":346169,"relics_obtained":[{"floor":7,"key":"Toxic Egg 2"},{"floor":9,"key":"Boot"}],"event_choices":[{"damage_healed":0,"gold_gain":0,"cards_transformed":["Strike_B"],"player_choice":"Change","damage_taken":0,"max_hp_gain":0,"max_hp_loss":0,"event_name":"Living Wall","floor":2,"gold_loss":0,"cards_obtained":["Multi-Cast"]},{"damage_healed":0,"gold_gain":0,"player_choice":"Ignored","damage_taken":0,"max_hp_gain":0,"max_hp_loss":0,"event_name":"Shining Light","floor":5,"gold_loss":0},{"damage_healed":0,"gold_gain":0,"player_choice":"Upgraded","damage_taken":0,"max_hp_gain":0,"max_hp_loss":0,"event_name":"Upgrade Shrine","floor":8,"gold_loss":0,"cards_upgraded":["Stack"]}],"is_beta":false,"boss_relics":[],"items_purged_floors":[],"is_endless":false,"potions_floor_spawned":[1,3],"killed_by":"Gremlin Gang","ascension_level":0}