{"gold_per_floor":[115,40,40,50,124,154,154,185,185,185,195,120,149,165,165,240,240,258,308,308,578,100,100,127,142,142,173,190,190,65,75,75,149,149,169,169,149,159,237,237,264,264,316,332,379,379,438,471,471,471,471],"floor_reached":51,"playtime":2108,"items_purged":["Strike_G","Strike_G","Strike_G"],"score":2168,"play_id":"02bc9256-705a-48f4-bad9-1950a14b996a","local_time":"20190815002310","is_ascension_mode":true,"campfire_choices":[{"data":"Well Laid Plans","floor":7.0,"key":"SMITH"},{"data":"Jack Of All Trades","floor":10.0,"key":"SMITH"},{"data":"Calculated Gamble","floor":15.0,"key":"SMITH"},{"data":"Bouncing Flask","floor":23.0,"key":"SMITH"},{"data":"Well Laid Plans","floor":29.0,"key":"SMITH"},{"data":"Reflex","floor":32.0,"key":"SMITH"},{"data":"Acrobatics","floor":40.0,"key":"SMITH"},{"data":"Concentrate","floor":46.0,"key":"SMITH"},{"floor":49.0,"key":"RECALL"}],"neow_cost":"CURSE","seed_source_timestamp":732349792898909,"circlet_count":0,"master_deck":["AscendersBane","Defend_G","Defend_G","Defend_G","Defend_G","Defend_G","Survivor","Neutralize","Dark Shackles","Jack Of All Trades+1","Well Laid Plans+1","Bouncing Flask+1","Calculated Gamble+1","Glass Knife","Well Laid Plans+1","Adrenaline","Ghostly","Ghostly","Ghostly","Flash of Steel","Flechettes","Backflip","Grand Finale","Reflex+1","Burst+1","Acrobatics+1","Acrobatics","Concentrate+1"],"special_seed":0,"relics":["Ring of the Snake","Gremlin Horn","Ice Cream","Darkstone Periapt","Letter Opener","Dream Catcher","Empty Cage","Question Card","Shovel","Singing Bowl","Snake Skull","Runic Dome","Turnip","Oddly Smooth Stone","Pocketwatch","Nunchaku"],"potions_floor_usage":[51],"damage_taken":[{"damage":0.0,"enemies":"Jaw Worm","floor":1.0,"turns":3.0},{"damage":0.0,"enemies":"2 Louse","floor":4.0,"turns":3.0},{"damage":42.0,"enemies":"Gremlin Nob","floor":6.0,"turns":6.0},{"damage":0.0,"enemies":"Lagavulin","floor":8.0,"turns":8.0},{"damage":2.0,"enemies":"Small Slimes","floor":11.0,"turns":3.0},{"damage":8.0,"enemies":"Gremlin Nob","floor":13.0,"turns":3.0},{"damage":0.0,"enemies":"2 Fungi Beasts","floor":14.0,"turns":3.0},{"damage":0.0,"enemies":"Slime Boss","floor":16.0,"turns":7.0},{"damage":0.0,"enemies":"Spheric Guardian","floor":18.0,"turns":4.0},{"damage":3.0,"enemies":"Slavers","floor":24.0,"turns":4.0},{"damage":0.0,"enemies":"Shell Parasite","floor":25.0,"turns":6.0},{"damage":0.0,"enemies":"Book of Stabbing","floor":27.0,"turns":5.0},{"damage":0.0,"enemies":"Sentry and Sphere","floor":28.0,"turns":4.0},{"damage":3.0,"enemies":"3 Cultists","floor":31.0,"turns":3.0},{"damage":0.0,"enemies":"Collector","floor":33.0,"turns":6.0},{"damage":0.0,"enemies":"Orb Walker","floor":35.0,"turns":3.0},{"damage":0.0,"enemies":"3 Darklings","floor":38.0,"turns":3.0},{"damage":0.0,"enemies":"Reptomancer","floor":41.0,"turns":3.0},{"damage":0.0,"enemies":"Writhing Mass","floor":44.0,"turns":5.0},{"damage":0.0,"enemies":"2 Orb Walkers","floor":45.0,"turns":2.0},{"damage":0.0,"enemies":"Sphere and 2 Shapes","floor":47.0,"turns":2.0},{"damage":0.0,"enemies":"Giant Head","floor":48.0,"turns":6.0},{"damage":0,"enemies":"Donu and Deca","floor":50,"turns":4},{"damage":38,"enemies":"Time Eater","floor":51,"turns":9}],"seed_played":"1501978008223629701","potions_obtained":[{"floor":1.0,"key":"Ancient Potion"},{"floor":11.0,"key":"Ancient Potion"},{"floor":14.0,"key":"Poison Potion"},{"floor":18.0,"key":"Ancient Potion"},{"floor":28.0,"key":"LiquidBronze"},{"floor":45.0,"key":"PowerPotion"}],"is_trial":false,"path_per_floor":["M","?","?","M","T","E","R","E","T","R","M","$","E","M","R","B",null,"M","?","?","?","$","R","E","M","T","E","M","R","$","M","R","B",null,"M","?","?","M","T","R","E","?","T","M","?","R","M","E","R","B","B"],"character_chosen":"THE_SILENT","items_purchased":["Question Card","Flash of Steel"],"campfire_rested":0,"item_purchase_floors":[22,22],"current_hp_per_floor":[59,59,59,59,59,17,17,17,17,17,15,15,7,7,7,7,49,49,49,31,7,7,7,4,4,4,4,6,6,6,3,3,3,26,26,26,26,28,28,28,28,28,28,28,30,30,32,34,34,34,0],"gold":471,"neow_bonus":"RANDOM_COLORLESS_2","is_prod":false,"is_daily":false,"chose_seed":false,"campfire_upgraded":8,"win_rate":0,"timestamp":1565796190,"path_taken":["M","?","?","M","?","E","R","E","T","R","M","$","E","?","R","BOSS","M","?","?","?","$","R","E","M","T","E","?","R","?","M","R","BOSS","M","?","?","?","?","R","E","?","T","?","?","R","M","E","R","BOSS","BOSS"],"build_version":"2019-07-17","purchased_purges":3,"victory":false,"max_hp_per_floor":[66,63,63,63,63,63,63,63,63,63,63,63,63,63,63,63,63,63,63,31,31,31,31,31,31,31,31,33,33,33,33,33,33,33,33,31,31,33,33,33,33,33,33,33,35,35,37,39,39,39,39],"card_choices":[{"not_picked":["Bane","Dagger Spray"],"picked":"Well Laid Plans","floor":1.0},{"not_picked":["Dodge and Roll","Prepared"],"picked":"Bouncing Flask","floor":4.0},{"not_picked":["Cloak And Dagger","Crippling Poison"],"picked":"Calculated Gamble","floor":6.0},{"not_picked":["Cloak And Dagger","Quick Slash","Glass Knife"],"picked":"SKIP","floor":8.0},{"not_picked":["Cloak And Dagger","Quick Slash"],"picked":"Glass Knife","floor":8.0},{"not_picked":["Dagger Throw","Backflip","Underhanded Strike"],"picked":"SKIP","floor":11.0},{"not_picked":["Dagger Throw","Backflip","Underhanded Strike"],"picked":"SKIP","floor":11.0},{"not_picked":["Flying Knee","PiercingWail"],"picked":"Well Laid Plans","floor":13.0},{"not_picked":["Eviscerate","Sucker Punch","Leg Sweep"],"picked":"SKIP","floor":14.0},{"not_picked":["Malaise","Envenom"],"picked":"Adrenaline","floor":16.0},{"not_picked":["Dash+1","Blade Dance","Dodge and Roll+1"],"picked":"SKIP","floor":18.0},{"not_picked":["Crippling Poison","Cloak And Dagger","Deflect"],"picked":"Flechettes","floor":24.0},{"not_picked":["Dodge and Roll","Heel Hook","Sucker Punch"],"picked":"Backflip","floor":25.0},{"not_picked":["Slice","Dagger Spray","All Out Attack"],"picked":"Grand Finale","floor":27.0},{"not_picked":["Setup","Dagger Throw","Quick Slash","Outmaneuver"],"picked":"Singing Bowl","floor":28.0},{"not_picked":["Sucker Punch","Backflip","Blur"],"picked":"Reflex","floor":31.0},{"not_picked":["A Thousand Cuts","Unload","Corpse Explosion"],"picked":"Burst","floor":33.0},{"not_picked":["Dagger Throw+1","Underhanded Strike","Deflect"],"picked":"Acrobatics","floor":35.0},{"not_picked":["Endless Agony","Slice","Outmaneuver","Eviscerate"],"picked":"Singing Bowl","floor":38.0},{"not_picked":["Leg Sweep","Deflect","Noxious Fumes"],"picked":"Acrobatics","floor":41.0},{"not_picked":["Setup","Acrobatics","Underhanded Strike"],"picked":"Concentrate","floor":44.0},{"not_picked":["Terror+1","Deadly Poison","Underhanded Strike","Accuracy"],"picked":"Singing Bowl","floor":45.0},{"not_picked":["Flying Knee","Grand Finale","Bane","Catalyst"],"picked":"Singing Bowl","floor":47.0},{"not_picked":["Masterful Stab","Predator+1","Bane","Endless Agony"],"picked":"Singing Bowl","floor":48.0}],"player_experience":890552,"relics_obtained":[{"floor":5.0,"key":"Gremlin Horn"},{"floor":6.0,"key":"Ice Cream"},{"floor":8.0,"key":"Darkstone Periapt"},{"floor":9.0,"key":"Letter Opener"},{"floor":13.0,"key":"Dream Catcher"},{"floor":24.0,"key":"Shovel"},{"floor":26.0,"key":"Singing Bowl"},{"floor":27.0,"key":"Snake Skull"},{"floor":41.0,"key":"Turnip"},{"floor":43.0,"key":"Oddly Smooth Stone"},{"floor":45.0,"key":"Pocketwatch"},{"floor":48.0,"key":"Nunchaku"}],"event_choices":[{"cards_removed":["Parasite"],"damage_healed":0.0,"max_hp_gain":0.0,"max_hp_loss":0.0,"gold_gain":0.0,"event_name":"The Cleric","player_choice":"Card Removal","floor":2.0,"gold_loss":75.0,"damage_taken":0.0},{"damage_healed":0.0,"max_hp_gain":0.0,"max_hp_loss":0.0,"gold_gain":0.0,"event_name":"Liars Game","player_choice":"Ignored","floor":3.0,"gold_loss":0.0,"damage_taken":0.0},{"damage_healed":0.0,"max_hp_gain":0.0,"max_hp_loss":0.0,"gold_gain":50.0,"event_name":"Nest","player_choice":"Stole From Cult","floor":19.0,"gold_loss":0.0,"damage_taken":0.0},{"damage_healed":0.0,"max_hp_gain":0.0,"max_hp_loss":32.0,"gold_gain":0.0,"event_name":"Ghosts","player_choice":"Became a Ghost","floor":20.0,"gold_loss":0.0,"damage_taken":0.0,"cards_obtained":["Ghostly","Ghostly","Ghostly"]},{"damage_healed":0.0,"max_hp_gain":0.0,"max_hp_loss":0.0,"gold_gain":270.0,"event_name":"Knowing Skull","player_choice":"GOLD GOLD GOLD ","floor":21.0,"potions_obtained":[],"gold_loss":0.0,"damage_taken":24.0,"cards_obtained":[]},{"damage_healed":0.0,"max_hp_gain":0.0,"max_hp_loss":2.0,"gold_gain":0.0,"event_name":"Winding Halls","player_choice":"Max HP","floor":36.0,"gold_loss":0.0,"damage_taken":0.0},{"damage_healed":0.0,"max_hp_gain":0.0,"max_hp_loss":0.0,"gold_gain":0.0,"event_name":"The Woman in Blue","player_choice":"Bought 1 Potion","floor":37.0,"gold_loss":0.0,"damage_taken":0.0},{"damage_healed":0.0,"max_hp_gain":0.0,"max_hp_loss":0.0,"gold_gain":0.0,"event_name":"Upgrade Shrine","player_choice":"Upgraded","floor":42.0,"gold_loss":0.0,"damage_taken":0.0,"cards_upgraded":["Burst"]},{"damage_healed":0.0,"max_hp_gain":0.0,"max_hp_loss":0.0,"gold_gain":0.0,"event_name":"Mysterious Sphere","player_choice":"Fight","floor":45.0,"gold_loss":0.0,"damage_taken":0.0}],"is_beta":false,"boss_relics":[{"not_picked":["HoveringKite","Calling Bell"],"picked":"Empty Cage"},{"not_picked":["Snecko Eye","White Beast Statue"],"picked":"Runic Dome"}],"items_purged_floors":[12,22,30],"is_endless":false,"potions_floor_spawned":[1,11,14,18,28,44,45,47],"killed_by":"Time Eater","ascension_level":20}