{"gold_per_floor":[117,117,136,153,103,103,115,115,139,157,31,31,31,41,41,139,139,150,162,182,200,200,200,8,8,8,8,24,24,24,123,123,123],"floor_reached":33,"playtime":2499,"items_purged":[],"score":237,"play_id":"14a0db9f-852f-44d7-a2df-df3d5a371881","local_time":"20190909115709","is_ascension_mode":false,"campfire_choices":[{"data":"Thunderclap","floor":6,"key":"SMITH"},{"data":"Shockwave","floor":12,"key":"SMITH"},{"floor":15,"key":"REST"},{"floor":23,"key":"REST"},{"data":"Armaments","floor":27,"key":"SMITH"},{"floor":29,"key":"REST"},{"floor":32,"key":"REST"}],"neow_cost":"NONE","seed_source_timestamp":960245783818876,"circlet_count":0,"master_deck":["Strike_R","Strike_R","Strike_R","Strike_R","Strike_R","Defend_R+1","Defend_R","Defend_R","Defend_R+1","Thunderclap+1","Heavy Blade","Iron Wave","Shockwave+1","Parasite","Iron Wave","Shrug It Off","Anger","Double Tap","Armaments+1","Shockwave","Cleave","Perfected Strike","Shrug It Off","Good Instincts","Shockwave","Clothesline"],"relics":["Burning Blood","War Paint","Eternal Feather","Vajra"],"potions_floor_usage":[14,16,16,16,19,20,28],"damage_taken":[{"damage":8,"enemies":"2 Louse","floor":1,"turns":3},{"damage":1,"enemies":"Jaw Worm","floor":3,"turns":3},{"damage":1,"enemies":"Cultist","floor":4,"turns":3},{"damage":13,"enemies":"Blue Slaver","floor":7,"turns":5},{"damage":15,"enemies":"Exordium Thugs","floor":10,"turns":4},{"damage":11,"enemies":"3 Louse","floor":14,"turns":5},{"damage":43,"enemies":"The Guardian","floor":16,"turns":9},{"damage":18,"enemies":"Chosen","floor":18,"turns":6},{"damage":0,"enemies":"3 Byrds","floor":19,"turns":7},{"damage":29,"enemies":"Cultist and Chosen","floor":20,"turns":8},{"damage":24,"enemies":"Snake Plant","floor":21,"turns":6},{"damage":60,"enemies":"Centurion and Healer","floor":28,"turns":10},{"damage":87,"enemies":"Champ","floor":33,"turns":18}],"seed_played":"3559637367227527472","potions_obtained":[{"floor":7,"key":"AttackPotion"},{"floor":10,"key":"SpeedPotion"},{"floor":14,"key":"FearPotion"},{"floor":18,"key":"EssenceOfSteel"},{"floor":19,"key":"GamblersBrew"}],"is_trial":false,"path_per_floor":["M","?","M","M","?","R","M","?","T","M","$","R","$","M","R","B",null,"M","M","M","M","?","R","$","?","T","R","M","R","?","?","R","B"],"character_chosen":"IRONCLAD","items_purchased":["Shrug It Off","LiquidBronze","Shrug It Off","Good Instincts","PowerPotion"],"campfire_rested":4,"item_purchase_floors":[11,11,24,24,24],"current_hp_per_floor":[78,75,80,80,80,80,73,80,80,71,71,71,71,66,80,43,80,68,74,51,33,33,69,69,69,69,80,26,65,65,65,80,0],"gold":123,"neow_bonus":"ONE_RANDOM_RARE_CARD","is_prod":false,"is_daily":false,"chose_seed":false,"campfire_upgraded":3,"win_rate":0.0,"timestamp":1568055429,"path_taken":["M","?","M","M","?","R","M","?","T","M","?","R","$","?","R","BOSS","M","M","M","M","?","R","?","?","T","R","?","R","?","?","R","BOSS"],"build_version":"2019-07-17","purchased_purges":0,"victory":false,"max_hp_per_floor":[80,80,80,80,80,80,80,80,80,80,80,80,80,80,80,80,80,80,80,80,80,80,80,80,80,80,80,80,80,80,80,80,80],"card_choices":[{"not_picked":["Pommel Strike","Sentinel"],"picked":"Thunderclap","floor":1},{"not_picked":["True Grit","Second Wind"],"picked":"Heavy Blade","floor":3},{"not_picked":["True Grit","Rupture"],"picked":"Iron Wave","floor":4},{"not_picked":["True Grit","Rupture"],"picked":"Shockwave","floor":7},{"not_picked":["Feel No Pain","Pommel Strike"],"picked":"Iron Wave","floor":10},{"not_picked":["Pommel Strike","Warcry"],"picked":"Anger","floor":14},{"not_picked":["Feed","Fiend Fire"],"picked":"Double Tap","floor":16},{"not_picked":["Spot Weakness","Flex"],"picked":"Armaments","floor":18},{"not_picked":["Bloodletting","Sword Boomerang"],"picked":"Shockwave","floor":19},{"not_picked":["Combust","Searing Blow"],"picked":"Cleave","floor":20},{"not_picked":["Intimidate+1","Anger+1"],"picked":"Perfected Strike","floor":21},{"not_picked":["Combust","Heavy Blade"],"picked":"Clothesline","floor":28}],"player_experience":500467,"relics_obtained":[{"floor":9,"key":"War Paint"},{"floor":26,"key":"Vajra"}],"event_choices":[{"damage_healed":0,"gold_gain":0,"player_choice":"Fled","damage_taken":3,"max_hp_gain":0,"max_hp_loss":0,"event_name":"Scrap Ooze","floor":2,"gold_loss":0},{"cards_removed":["Brutality"],"damage_healed":0,"gold_gain":0,"player_choice":"Card Removal","damage_taken":0,"max_hp_gain":0,"max_hp_loss":0,"event_name":"The Cleric","floor":5,"gold_loss":50},{"damage_healed":20,"gold_gain":0,"player_choice":"Healed and dodged fight","damage_taken":0,"max_hp_gain":0,"max_hp_loss":0,"event_name":"Mushrooms","floor":8,"gold_loss":0,"cards_obtained":["Parasite"]},{"damage_healed":0,"gold_gain":0,"player_choice":"Ignored","damage_taken":0,"max_hp_gain":0,"max_hp_loss":0,"event_name":"Purifier","floor":22,"gold_loss":0},{"damage_healed":0,"gold_gain":0,"cards_transformed":["Bash"],"player_choice":"Transformed","damage_taken":0,"max_hp_gain":0,"max_hp_loss":0,"event_name":"Transmorgrifier","floor":25,"gold_loss":0,"cards_obtained":["Shockwave"]},{"damage_healed":0,"gold_gain":0,"player_choice":"Ignored","damage_taken":0,"max_hp_gain":0,"max_hp_loss":0,"event_name":"Vampires","floor":30,"gold_loss":0},{"damage_healed":0,"gold_gain":99,"player_choice":"Stole From Cult","damage_taken":0,"max_hp_gain":0,"max_hp_loss":0,"event_name":"Nest","floor":31,"gold_loss":0}],"is_beta":false,"boss_relics":[{"not_picked":["Velvet Choker","Empty Cage"],"picked":"Eternal Feather"}],"items_purged_floors":[],"is_endless":false,"potions_floor_spawned":[7,10,14,18,19],"killed_by":"Champ","ascension_level":0}