{"gold_per_floor":[118,118,138,149,3,3,3,19,19,42,62,62,92,92,92,189,189,202,202,212,230,230,230,243,259,259,270,304,304,320,331,331,430,430,440,440,456,476,493,493,493,493,493,493,493,520,531,531,531,531],"floor_reached":50,"playtime":4447,"items_purged":[],"score":498,"play_id":"d25644aa-cd41-4be9-82f8-cff9862b5299","local_time":"20190916210957","is_ascension_mode":false,"campfire_choices":[{"data":"Perfected Strike","floor":6,"key":"SMITH"},{"data":"Flex","floor":15,"key":"SMITH"},{"data":"Metallicize","floor":23,"key":"SMITH"},{"data":"Juggernaut","floor":29,"key":"SMITH"},{"data":"Perfected Strike","floor":32,"key":"SMITH"}],"neow_cost":"","seed_source_timestamp":1738950128780300,"circlet_count":0,"master_deck":["Strike_R","Strike_R","Strike_R","Strike_R","Strike_R","Defend_R","Defend_R","Defend_R","Bash","Perfected Strike+1","Flex+1","Clash","Warcry","Metallicize+1","Clash","Perfected Strike+1","Whirlwind+1","Warcry","Bash","Juggernaut+1","Perfected Strike+1","Thunderclap+1","Flex+1"],"relics":["Burning Blood","Orichalcum","Darkstone Periapt","Red Skull","Meat on the Bone","Coffee Dripper","Frozen Egg 2","Boot","Fusion Hammer","Potion Belt","Ancient Tea Set"],"potions_floor_usage":[13,20,28,33,33,33,33,50,50],"damage_taken":[{"damage":0,"enemies":"Small Slimes","floor":1,"turns":3},{"damage":14,"enemies":"Jaw Worm","floor":3,"turns":4},{"damage":0,"enemies":"2 Louse","floor":4,"turns":2},{"damage":5,"enemies":"The Mushroom Lair","floor":7,"turns":3},{"damage":2,"enemies":"Gremlin Gang","floor":8,"turns":5},{"damage":10,"enemies":"3 Louse","floor":11,"turns":3},{"damage":8,"enemies":"Gremlin Nob","floor":13,"turns":3},{"damage":44,"enemies":"The Guardian","floor":16,"turns":9},{"damage":0,"enemies":"Chosen","floor":18,"turns":4},{"damage":0,"enemies":"Shell Parasite","floor":20,"turns":1},{"damage":16,"enemies":"Centurion and Healer","floor":21,"turns":4},{"damage":20,"enemies":"Snecko","floor":24,"turns":5},{"damage":4,"enemies":"Chosen and Byrds","floor":25,"turns":3},{"damage":16,"enemies":"Shelled Parasite and Fungi","floor":27,"turns":3},{"damage":10,"enemies":"Book of Stabbing","floor":28,"turns":3},{"damage":5,"enemies":"Snecko","floor":30,"turns":3},{"damage":11,"enemies":"Snake Plant","floor":31,"turns":3},{"damage":62,"enemies":"Champ","floor":33,"turns":8},{"damage":27,"enemies":"3 Darklings","floor":35,"turns":4},{"damage":5,"enemies":"Orb Walker","floor":37,"turns":2},{"damage":16,"enemies":"3 Darklings","floor":38,"turns":4},{"damage":39,"enemies":"4 Shapes","floor":39,"turns":4},{"damage":13,"enemies":"Sphere and 2 Shapes","floor":44,"turns":4},{"damage":9,"enemies":"Nemesis","floor":46,"turns":4},{"damage":10,"enemies":"3 Darklings","floor":47,"turns":3},{"damage":89,"enemies":"Awakened One","floor":50,"turns":6}],"seed_played":"8901929378847700391","potions_obtained":[{"floor":1,"key":"LiquidBronze"},{"floor":8,"key":"EntropicBrew"},{"floor":11,"key":"Regen Potion"},{"floor":16,"key":"Swift Potion"},{"floor":20,"key":"Fruit Juice"},{"floor":27,"key":"Strength Potion"},{"floor":30,"key":"BloodPotion"},{"floor":33,"key":"Strength Potion"},{"floor":39,"key":"SkillPotion"},{"floor":47,"key":"SmokeBomb"}],"is_trial":false,"path_per_floor":["M","?","M","M","$","R","?","M","T","T","M","$","E","$","R","B",null,"M","?","M","M","?","R","M","M","T","M","E","R","M","M","R","B",null,"M","?","M","M","M","R","?","R","T","M","R","E","M","?","R","B"],"character_chosen":"IRONCLAD","items_purchased":["Orichalcum"],"campfire_rested":0,"item_purchase_floors":[5],"current_hp_per_floor":[80,85,77,83,83,83,84,85,85,85,81,81,83,83,83,57,85,85,85,90,80,80,80,66,68,68,58,54,54,55,62,62,40,90,69,69,70,60,39,39,39,39,39,44,44,53,61,61,61,0],"gold":531,"neow_bonus":"","is_prod":false,"is_daily":false,"chose_seed":false,"campfire_upgraded":5,"win_rate":0.0,"timestamp":1568682597,"path_taken":["M","?","M","M","$","R","?","M","T","?","M","$","E","?","R","BOSS","M","?","M","M","?","R","M","M","T","M","E","R","?","M","R","BOSS","M","?","?","M","M","R","?","R","T","M","R","E","M","?","R","BOSS"],"build_version":"2019-07-17","purchased_purges":0,"victory":false,"max_hp_per_floor":[80,85,85,85,85,85,85,85,85,85,85,85,85,85,85,85,85,85,85,90,90,90,90,90,90,90,90,90,90,90,90,90,90,90,90,90,90,90,90,90,90,90,90,90,90,90,90,90,90,90],"card_choices":[{"not_picked":["Pommel Strike","Headbutt"],"picked":"Perfected Strike","floor":1},{"not_picked":["Anger","Infernal Blade"],"picked":"Flex","floor":3},{"not_picked":["Ghostly Armor","Sword Boomerang"],"picked":"Clash","floor":4},{"not_picked":["Disarm","Second Wind"],"picked":"Warcry","floor":8},{"not_picked":["Pommel Strike","True Grit"],"picked":"Metallicize","floor":11},{"not_picked":["Double Tap","Twin Strike"],"picked":"Clash","floor":13},{"not_picked":["Clothesline","Body Slam"],"picked":"Perfected Strike+1","floor":18},{"not_picked":["Perfected Strike","Feel No Pain"],"picked":"Whirlwind+1","floor":20},{"not_picked":["Sword Boomerang","Battle Trance","Pommel Strike"],"picked":"SKIP","floor":21},{"not_picked":["Body Slam","Bloodletting"],"picked":"Juggernaut","floor":24},{"not_picked":["Whirlwind","Headbutt","Armaments"],"picked":"SKIP","floor":25},{"not_picked":["Second Wind","Warcry"],"picked":"Perfected Strike","floor":27},{"not_picked":["Twin Strike","Offering","Carnage"],"picked":"SKIP","floor":28},{"not_picked":["Warcry+1","Cleave","Corruption+1"],"picked":"SKIP","floor":30},{"not_picked":["Battle Trance","Entrench","Twin Strike"],"picked":"SKIP","floor":31},{"not_picked":["True Grit","Battle Trance+1","Sword Boomerang"],"picked":"SKIP","floor":35},{"not_picked":["True Grit","Pommel Strike+1","Entrench"],"picked":"SKIP","floor":37},{"not_picked":["True Grit","Flex","Clothesline"],"picked":"SKIP","floor":38},{"not_picked":["Corruption+1","Clash","Rage"],"picked":"SKIP","floor":39},{"not_picked":["Perfected Strike+1","Flame Barrier","Iron Wave+1"],"picked":"SKIP","floor":44},{"not_picked":["Warcry","Impervious"],"picked":"Thunderclap+1","floor":46},{"not_picked":["Pommel Strike","Sword Boomerang+1","Corruption+1"],"picked":"SKIP","floor":47}],"player_experience":0,"relics_obtained":[{"floor":9,"key":"Darkstone Periapt"},{"floor":10,"key":"Red Skull"},{"floor":13,"key":"Meat on the Bone"},{"floor":26,"key":"Frozen Egg 2"},{"floor":28,"key":"Boot"},{"floor":43,"key":"Potion Belt"},{"floor":46,"key":"Ancient Tea Set"}],"event_choices":[{"damage_healed":0,"gold_gain":0,"player_choice":"Donut","damage_taken":0,"max_hp_gain":5,"max_hp_loss":0,"event_name":"Big Fish","floor":2,"gold_loss":0},{"damage_healed":0,"gold_gain":0,"player_choice":"Fought Mushrooms","damage_taken":0,"max_hp_gain":0,"max_hp_loss":0,"event_name":"Mushrooms","floor":7,"gold_loss":0},{"damage_healed":0,"gold_gain":0,"player_choice":"Ignored","damage_taken":0,"max_hp_gain":0,"max_hp_loss":0,"event_name":"Beggar","floor":19,"gold_loss":0},{"damage_healed":0,"gold_gain":0,"player_choice":"2 cards matched","damage_taken":0,"max_hp_gain":0,"max_hp_loss":0,"event_name":"Match and Keep!","floor":22,"gold_loss":0,"cards_obtained":["Warcry","Bash"]},{"damage_healed":0,"gold_gain":0,"player_choice":"0 cards matched","damage_taken":0,"max_hp_gain":0,"max_hp_loss":0,"event_name":"Match and Keep!","floor":36,"gold_loss":0,"cards_obtained":[]},{"cards_removed":["Defend_R"],"damage_healed":0,"gold_gain":0,"player_choice":"Removed Skill","damage_taken":0,"max_hp_gain":0,"max_hp_loss":0,"event_name":"Falling","floor":41,"gold_loss":0},{"damage_healed":0,"gold_gain":0,"player_choice":"Copied","damage_taken":0,"max_hp_gain":0,"max_hp_loss":0,"event_name":"Duplicator","floor":48,"gold_loss":0,"cards_obtained":["Flex"]}],"is_beta":false,"boss_relics":[{"not_picked":["Cursed Key","Runic Dome"],"picked":"Coffee Dripper"},{"not_picked":["White Beast Statue","Mark of Pain"],"picked":"Fusion Hammer"}],"items_purged_floors":[],"is_endless":false,"potions_floor_spawned":[1,8,11,16,20,27,30,33,38,39,47],"killed_by":"Awakened One","ascension_level":0}