{"gold_per_floor":[211,211,23,36,48,48,8,33,33,43,43,43,43,43,43,120,120,136,150,150,150,150,150,183,183,183,108,158,176,176,35,35,107,107,123,40,1039,1039,1053,1053,1053,1069,1140,1189,1216,1227,1262,1262,1262,1262],"floor_reached":50,"playtime":1995,"items_purged":["Strike_G","Strike_G"],"score":1124,"play_id":"0db3c4c0-7b57-475f-8ee7-b0945116cf82","local_time":"20190809231635","is_ascension_mode":true,"campfire_choices":[{"data":"Well Laid Plans","floor":6.0,"key":"SMITH"},{"data":"Impatience","floor":11.0,"key":"SMITH"},{"data":"Predator","floor":15.0,"key":"SMITH"},{"data":"Finisher","floor":23.0,"key":"SMITH"},{"floor":25.0,"key":"RECALL"},{"data":"Bane","floor":30.0,"key":"SMITH"},{"data":"Survivor","floor":32.0,"key":"SMITH"},{"data":"Defend_G","floor":40.0,"key":"SMITH"},{"data":"Defend_G","floor":49.0,"key":"SMITH"}],"neow_cost":"NONE","seed_source_timestamp":292757135155363,"circlet_count":0,"master_deck":["AscendersBane","Defend_G","Defend_G","Defend_G+1","Defend_G","Defend_G+1","Survivor+1","Neutralize+1","Impatience+1","Well Laid Plans+1","Bane+1","Predator+1","Finisher+1","Venomology+1","Corpse Explosion+1","Terror+1","Wraith Form v2+1","Acrobatics+1","Ghostly+1","Ghostly+1","Ghostly+1","Backflip+1","Escape Plan+1","Prepared+1","Footwork+1","Normality","Prepared+1"],"special_seed":0,"relics":["Ring of the Snake","Darkstone Periapt","Toxic Egg 2","Frozen Egg 2","Astrolabe","Anchor","Orrery","Singing Bowl","Du-Vu Doll","Ginger","Incense Burner"],"potions_floor_usage":[],"damage_taken":[{"damage":0.0,"enemies":"2 Louse","floor":1.0,"turns":4.0},{"damage":0.0,"enemies":"Cultist","floor":4.0,"turns":4.0},{"damage":3.0,"enemies":"Jaw Worm","floor":5.0,"turns":6.0},{"damage":27.0,"enemies":"3 Sentries","floor":8.0,"turns":13.0},{"damage":1.0,"enemies":"2 Fungi Beasts","floor":10.0,"turns":4.0},{"damage":38.0,"enemies":"Slime Boss","floor":16.0,"turns":10.0},{"damage":10.0,"enemies":"3 Byrds","floor":18.0,"turns":3.0},{"damage":0.0,"enemies":"Chosen","floor":19.0,"turns":3.0},{"damage":1.0,"enemies":"Gremlin Leader","floor":24.0,"turns":7.0},{"damage":1.0,"enemies":"Centurion and Healer","floor":29.0,"turns":3.0},{"damage":15.0,"enemies":"Automaton","floor":33.0,"turns":11.0},{"damage":0.0,"enemies":"3 Shapes","floor":35.0,"turns":4.0},{"damage":2.0,"enemies":"Orb Walker","floor":39.0,"turns":5.0},{"damage":0.0,"enemies":"Writhing Mass","floor":42.0,"turns":11.0},{"damage":2.0,"enemies":"2 Orb Walkers","floor":44.0,"turns":4.0},{"damage":25.0,"enemies":"Nemesis","floor":45.0,"turns":9.0},{"damage":0.0,"enemies":"Jaw Worm Horde","floor":46.0,"turns":3.0},{"damage":14.0,"enemies":"Giant Head","floor":47.0,"turns":10.0},{"damage":44,"enemies":"Awakened One","floor":50,"turns":21}],"seed_played":"2749603075771768957","potions_obtained":[{"floor":5.0,"key":"Weak Potion"},{"floor":8.0,"key":"PowerPotion"},{"floor":24.0,"key":"SkillPotion"},{"floor":33.0,"key":"Explosive Potion"},{"floor":42.0,"key":"SkillPotion"},{"floor":44.0,"key":"GhostInAJar"},{"floor":46.0,"key":"PowerPotion"}],"is_trial":false,"path_per_floor":["M","?","$","M","M","R","$","E","T","M","R","?","?","$","R","B",null,"M","M","?","?","?","R","E","R","T","$","?","M","R","$","R","B",null,"M","$","?","?","M","R","?","M","T","?","E","M","E","?","R","B"],"character_chosen":"THE_SILENT","items_purchased":["Impatience","Well Laid Plans","Predator","Escape Plan+1","Footwork+1"],"campfire_rested":0,"item_purchase_floors":[3,3,7,31,36],"current_hp_per_floor":[59,59,59,59,56,56,56,29,29,28,28,50,50,50,50,12,53,43,43,43,33,26,26,25,25,25,25,25,24,24,24,24,9,31,31,31,43,43,41,41,41,41,41,41,16,18,6,46,46,2],"gold":1262,"neow_bonus":"HUNDRED_GOLD","is_prod":false,"is_daily":false,"chose_seed":false,"campfire_upgraded":8,"win_rate":0,"timestamp":1565360195,"path_taken":["M","?","$","M","M","R","$","E","T","M","R","?","?","$","R","BOSS","M","?","?","?","?","R","E","R","T","?","?","M","R","$","R","BOSS","M","$","?","?","?","R","?","M","T","?","E","M","E","?","R","BOSS"],"build_version":"2019-07-17","purchased_purges":2,"victory":false,"max_hp_per_floor":[66,66,66,66,66,66,66,66,66,66,66,66,66,66,66,66,66,66,66,66,33,38,38,38,38,38,38,38,38,38,38,38,38,38,38,38,50,50,50,50,50,50,50,52,52,54,56,46,46,46],"card_choices":[{"not_picked":["Bane","Crippling Poison","Cloak And Dagger"],"picked":"SKIP","floor":1.0},{"not_picked":["Sucker Punch","Expertise","Slice"],"picked":"SKIP","floor":4.0},{"not_picked":["Eviscerate","Backflip"],"picked":"Bane","floor":5.0},{"not_picked":["Cloak And Dagger","Prepared"],"picked":"Finisher","floor":8.0},{"not_picked":["Choke","Finisher","Dagger Throw"],"picked":"SKIP","floor":10.0},{"not_picked":["After Image+1","Tools of the Trade+1"],"picked":"Venomology+1","floor":16.0},{"not_picked":["Escape Plan+1","Outmaneuver+1"],"picked":"Acrobatics+1","floor":18.0},{"not_picked":["Cloak And Dagger+1","Deadly Poison+1","Dagger Throw"],"picked":"SKIP","floor":19.0},{"not_picked":["Dagger Spray","Distraction+1","Flying Knee"],"picked":"SKIP","floor":24.0},{"not_picked":["Bane+1","Choke"],"picked":"Backflip+1","floor":29.0},{"not_picked":["Skewer","Endless Agony"],"picked":"Prepared+1","floor":34.0},{"not_picked":["Caltrops+1","Sucker Punch","Acrobatics+1"],"picked":"SKIP","floor":35.0},{"not_picked":["Setup+1","Leg Sweep+1","Quick Slash+1"],"picked":"SKIP","floor":39.0},{"not_picked":["Bane","Dagger Throw","Slice"],"picked":"SKIP","floor":42.0},{"not_picked":["Dodge and Roll+1","Die Die Die","Quick Slash"],"picked":"Singing Bowl","floor":44.0},{"not_picked":["Noxious Fumes+1","Cloak And Dagger+1"],"picked":"Prepared+1","floor":45.0},{"not_picked":["Poisoned Stab","Slice","Malaise+1"],"picked":"Singing Bowl","floor":46.0},{"not_picked":["Setup+1","Dodge and Roll+1","Slice"],"picked":"Singing Bowl","floor":47.0}],"player_experience":833611,"relics_obtained":[{"floor":8.0,"key":"Darkstone Periapt"},{"floor":9.0,"key":"Toxic Egg 2"},{"floor":24.0,"key":"Anchor"},{"floor":43.0,"key":"Singing Bowl"},{"floor":44.0,"key":"Du-Vu Doll"},{"floor":45.0,"key":"Ginger"},{"floor":47.0,"key":"Incense Burner"}],"event_choices":[{"damage_healed":0.0,"max_hp_gain":0.0,"max_hp_loss":0.0,"gold_gain":0.0,"event_name":"Upgrade Shrine","player_choice":"Upgraded","floor":2.0,"gold_loss":0.0,"damage_taken":0.0,"cards_upgraded":["Neutralize"]},{"damage_healed":22.0,"max_hp_gain":0.0,"max_hp_loss":0.0,"gold_gain":0.0,"event_name":"Big Fish","player_choice":"Banana","floor":12.0,"gold_loss":0.0,"damage_taken":0.0},{"damage_healed":0.0,"max_hp_gain":0.0,"max_hp_loss":0.0,"gold_gain":0.0,"event_name":"WeMeetAgain","player_choice":"Gave Potion","floor":13.0,"gold_loss":0.0,"damage_taken":0.0,"relics_obtained":["Frozen Egg 2"]},{"damage_healed":0.0,"max_hp_gain":0.0,"max_hp_loss":0.0,"gold_gain":0.0,"event_name":"The Mausoleum","player_choice":"Ignored","floor":20.0,"gold_loss":0.0,"damage_taken":0.0},{"damage_healed":0.0,"max_hp_gain":0.0,"max_hp_loss":33.0,"gold_gain":0.0,"event_name":"Ghosts","player_choice":"Became a Ghost","floor":21.0,"gold_loss":0.0,"damage_taken":0.0,"cards_obtained":["Ghostly","Ghostly","Ghostly"]},{"damage_healed":0.0,"max_hp_gain":5.0,"max_hp_loss":0.0,"gold_gain":0.0,"event_name":"Forgotten Altar","player_choice":"Shed Blood","floor":22.0,"gold_loss":0.0,"damage_taken":12.0},{"damage_healed":0.0,"max_hp_gain":0.0,"max_hp_loss":0.0,"gold_gain":50.0,"event_name":"Nest","player_choice":"Stole From Cult","floor":28.0,"gold_loss":0.0,"damage_taken":0.0},{"damage_healed":0.0,"max_hp_gain":0.0,"max_hp_loss":0.0,"gold_gain":999.0,"event_name":"MindBloom","player_choice":"Gold","floor":37.0,"gold_loss":0.0,"damage_taken":0.0,"cards_obtained":["Normality","Normality"]},{"cards_removed":["Normality"],"damage_healed":0.0,"max_hp_gain":0.0,"max_hp_loss":0.0,"gold_gain":0.0,"event_name":"Purifier","player_choice":"Purged","floor":38.0,"gold_loss":0.0,"damage_taken":0.0},{"damage_healed":0.0,"max_hp_gain":0.0,"max_hp_loss":0.0,"gold_gain":0.0,"event_name":"Tomb of Lord Red Mask","player_choice":"Ignored","floor":41.0,"gold_loss":0.0,"damage_taken":0.0},{"damage_healed":0.0,"max_hp_gain":0.0,"max_hp_loss":0.0,"gold_gain":0.0,"event_name":"Mysterious Sphere","player_choice":"Fight","floor":44.0,"gold_loss":0.0,"damage_taken":0.0},{"damage_healed":46.0,"max_hp_gain":0.0,"max_hp_loss":10.0,"gold_gain":0.0,"event_name":"The Moai Head","player_choice":"Heal","floor":48.0,"gold_loss":0.0,"damage_taken":0.0}],"is_beta":false,"boss_relics":[{"not_picked":["Tiny House","Black Star"],"picked":"Astrolabe"},{"not_picked":["WristBlade","Lizard Tail"],"picked":"Orrery"}],"items_purged_floors":[27,31],"is_endless":false,"potions_floor_spawned":[5,8,10,24,33,39,42,44,46],"killed_by":"Awakened One","ascension_level":20}