{"gold_per_floor":[209,209,228,92,111,111,111,140,140,166,190,190,26,26],"floor_reached":14,"playtime":2143,"items_purged":["Strike_B"],"score":178,"play_id":"6d2e4c02-b617-4d1e-b7bc-f7538ba9ec99","local_time":"20190131044306","is_ascension_mode":true,"campfire_choices":[{"data":"Barrage","floor":6,"key":"SMITH"},{"data":"Go for the Eyes","floor":12,"key":"SMITH"}],"neow_cost":"NONE","seed_source_timestamp":225356023486684,"circlet_count":0,"master_deck":["AscendersBane","Strike_B","Strike_B","Strike_B","Defend_B","Defend_B","Defend_B","Defend_B","Zap","Dualcast","Ball Lightning","Sweeping Beam","Conserve Battery","Capacitor","Barrage+1","Go for the Eyes+1","Beam Cell","Defragment"],"relics":["Cracked Core","Incense Burner","StoneCalendar","Potion Belt","Dream Catcher"],"potions_floor_usage":[],"damage_taken":[{"damage":0,"enemies":"Small Slimes","floor":1,"turns":3},{"damage":0,"enemies":"Cultist","floor":3,"turns":2},{"damage":0,"enemies":"2 Louse","floor":5,"turns":2},{"damage":28,"enemies":"3 Sentries","floor":8,"turns":6},{"damage":25,"enemies":"Lagavulin","floor":10,"turns":6},{"damage":37,"enemies":"3 Sentries","floor":14,"turns":5}],"seed_played":"-5143777500394394615","potions_obtained":[{"floor":8,"key":"FairyPotion"},{"floor":10,"key":"FairyPotion"}],"is_trial":false,"path_per_floor":["M","?","M","$","M","R","?","E","T","E","T","R","$","E"],"character_chosen":"DEFECT","items_purchased":["Conserve Battery","Capacitor","Defragment"],"campfire_rested":0,"item_purchase_floors":[4,4,13],"current_hp_per_floor":[64,64,64,64,64,64,64,36,36,11,11,11,11,0],"gold":26,"neow_bonus":"HUNDRED_GOLD","is_prod":false,"is_daily":false,"chose_seed":false,"campfire_upgraded":2,"win_rate":0,"timestamp":1548906186,"path_taken":["M","?","?","$","?","R","?","E","T","E","?","R","$","E"],"build_version":"2019-01-17v2","purchased_purges":1,"victory":false,"max_hp_per_floor":[71,71,71,71,71,71,71,71,71,71,71,71,71,71],"card_choices":[{"not_picked":["Coolheaded","Barrage"],"picked":"Ball Lightning","floor":1},{"not_picked":["Stack","Steam"],"picked":"Sweeping Beam","floor":3},{"not_picked":["Stack","Sweeping Beam"],"picked":"Barrage","floor":5},{"not_picked":["Electrodynamics","Hologram"],"picked":"Go for the Eyes","floor":8},{"not_picked":["Hyperbeam","Cold Snap"],"picked":"Beam Cell","floor":10}],"player_experience":1230937,"relics_obtained":[{"floor":8,"key":"Incense Burner"},{"floor":9,"key":"StoneCalendar"},{"floor":10,"key":"Potion Belt"},{"floor":11,"key":"Dream Catcher"}],"event_choices":[{"damage_healed":0,"gold_gain":0,"player_choice":"0 cards matched","damage_taken":0,"max_hp_gain":0,"max_hp_loss":0,"event_name":"Match and Keep!","floor":2,"gold_loss":0,"cards_obtained":[]},{"damage_healed":0,"gold_gain":0,"player_choice":"Leave","damage_taken":0,"max_hp_gain":0,"max_hp_loss":0,"event_name":"The Cleric","floor":7,"gold_loss":0}],"is_beta":false,"boss_relics":[],"items_purged_floors":[13],"is_endless":false,"potions_floor_spawned":[8,10],"killed_by":"3 Sentries","ascension_level":17}