{"gold_per_floor":[11,28,28,38,57,57,69,69],"floor_reached":8,"playtime":235,"items_purged":[],"score":100,"play_id":"46d9e72f-62e7-464e-9622-58940d08dcd0","local_time":"20190826145739","is_ascension_mode":true,"campfire_choices":[{"data":"Metamorphosis","floor":6.0,"key":"SMITH"}],"neow_cost":"NO_GOLD","seed_source_timestamp":405036117129246,"circlet_count":0,"master_deck":["AscendersBane","Strike_G","Strike_G","Strike_G","Strike_G","Strike_G","Defend_G","Defend_G","Defend_G","Defend_G","Defend_G","Survivor","Neutralize","Good Instincts","Metamorphosis+1","Acrobatics","Flechettes","PiercingWail"],"special_seed":0,"relics":["Ring of the Snake"],"potions_floor_usage":[],"damage_taken":[{"damage":2.0,"enemies":"Jaw Worm","floor":1.0,"turns":3.0},{"damage":3.0,"enemies":"Cultist","floor":2.0,"turns":4.0},{"damage":0.0,"enemies":"2 Louse","floor":4.0,"turns":3.0},{"damage":28.0,"enemies":"Lots of Slimes","floor":5.0,"turns":6.0},{"damage":8.0,"enemies":"3 Louse","floor":7.0,"turns":3.0},{"damage":37,"enemies":"Gremlin Nob","floor":8,"turns":3}],"seed_played":"8819398855007036730","potions_obtained":[{"floor":1.0,"key":"Dexterity Potion"}],"is_trial":false,"path_per_floor":["M","M","?","M","M","R","M","E"],"character_chosen":"THE_SILENT","items_purchased":[],"campfire_rested":0,"item_purchase_floors":[],"current_hp_per_floor":[57,54,54,54,26,26,18,0],"gold":69,"neow_bonus":"RANDOM_COLORLESS_2","is_prod":false,"is_daily":false,"chose_seed":false,"campfire_upgraded":1,"win_rate":0,"timestamp":1566799059,"path_taken":["M","M","?","M","M","R","M","E"],"build_version":"2019-07-17","purchased_purges":0,"victory":false,"max_hp_per_floor":[66,66,66,66,66,66,66,66],"card_choices":[{"not_picked":["Backstab","Bane","Quick Slash"],"picked":"SKIP","floor":1.0},{"not_picked":["Skewer","Deflect"],"picked":"Acrobatics","floor":2.0},{"not_picked":["Wraith Form v2","Prepared","All Out Attack"],"picked":"SKIP","floor":4.0},{"not_picked":["Outmaneuver","Deflect"],"picked":"Flechettes","floor":5.0},{"not_picked":["Underhanded Strike","Quick Slash"],"picked":"PiercingWail","floor":7.0}],"player_experience":988578,"relics_obtained":[],"event_choices":[{"damage_healed":0.0,"max_hp_gain":0.0,"max_hp_loss":0.0,"gold_gain":0.0,"event_name":"Match and Keep!","player_choice":"0 cards matched","floor":3.0,"gold_loss":0.0,"damage_taken":0.0,"cards_obtained":[]}],"is_beta":false,"boss_relics":[],"items_purged_floors":[],"is_endless":false,"potions_floor_spawned":[1],"killed_by":"Gremlin Nob","ascension_level":20}