{"gold_per_floor":[99,110,128,138,154,154,171,189,189,189,208,225,254,278,278,278],"floor_reached":16,"playtime":1310,"items_purged":[],"score":108,"play_id":"a0cc926d-b2f9-4d44-a95e-b8f13563fdef","local_time":"20190916213833","is_ascension_mode":false,"campfire_choices":[{"floor":6,"key":"REST"},{"data":"Clash","floor":10,"key":"SMITH"},{"data":"Clash","floor":15,"key":"SMITH"}],"neow_cost":"PERCENT_DAMAGE","seed_source_timestamp":1743803875636500,"circlet_count":0,"master_deck":["Strike_R","Strike_R","Strike_R","Strike_R","Strike_R","Defend_R","Defend_R+1","Bash","Burning Pact","Clash+1","Clothesline","Sword Boomerang","Clash+1","Shrug It Off+1","Twin Strike","Clash","Iron Wave","Rage","Whirlwind"],"relics":["Burning Blood","War Paint","Letter Opener","Odd Mushroom"],"potions_floor_usage":[16,16,16],"damage_taken":[{"damage":2,"enemies":"2 Louse","floor":1,"turns":2},{"damage":8,"enemies":"Jaw Worm","floor":2,"turns":3},{"damage":0,"enemies":"Small Slimes","floor":3,"turns":3},{"damage":39,"enemies":"Gremlin Gang","floor":4,"turns":6},{"damage":9,"enemies":"2 Fungi Beasts","floor":5,"turns":3},{"damage":0,"enemies":"Red Slaver","floor":7,"turns":1},{"damage":0,"enemies":"Large Slime","floor":8,"turns":4},{"damage":5,"enemies":"Blue Slaver","floor":11,"turns":2},{"damage":3,"enemies":"Lots of Slimes","floor":12,"turns":3},{"damage":17,"enemies":"Lagavulin","floor":13,"turns":6},{"damage":1,"enemies":"The Mushroom Lair","floor":14,"turns":4},{"damage":65,"enemies":"Hexaghost","floor":16,"turns":9}],"seed_played":"3641176048730087798","potions_obtained":[{"floor":1,"key":"PowerPotion"},{"floor":5,"key":"FearPotion"},{"floor":11,"key":"Explosive Potion"}],"is_trial":false,"path_per_floor":["M","M","M","M","M","R","M","M","T","R","M","M","E","?","R","B"],"character_chosen":"IRONCLAD","items_purchased":[],"campfire_rested":1,"item_purchase_floors":[],"current_hp_per_floor":[60,58,64,31,28,52,58,64,64,64,65,68,57,62,62,0],"gold":278,"neow_bonus":"TRANSFORM_TWO_CARDS","is_prod":false,"is_daily":false,"chose_seed":false,"campfire_upgraded":2,"win_rate":0.0,"timestamp":1568684313,"path_taken":["M","M","M","M","M","R","M","M","T","R","M","M","E","?","R","BOSS"],"build_version":"2019-07-17","purchased_purges":0,"victory":false,"max_hp_per_floor":[80,80,80,80,80,80,80,80,80,80,80,80,80,80,80,80],"card_choices":[{"not_picked":["Corruption","Perfected Strike"],"picked":"Clothesline","floor":1},{"not_picked":["Cleave","Corruption"],"picked":"Sword Boomerang","floor":2},{"not_picked":["Reckless Charge","Perfected Strike"],"picked":"Clash","floor":3},{"not_picked":["Warcry","Pommel Strike"],"picked":"Shrug It Off","floor":4},{"not_picked":["Warcry","Armaments"],"picked":"Twin Strike","floor":5},{"not_picked":["Metallicize","Perfected Strike"],"picked":"Clash","floor":7},{"not_picked":["Fire Breathing","True Grit"],"picked":"Iron Wave","floor":8},{"not_picked":["Feel No Pain","Rupture","Offering"],"picked":"SKIP","floor":11},{"not_picked":["Blood for Blood","Warcry","Armaments"],"picked":"SKIP","floor":12},{"not_picked":["Twin Strike","Seeing Red"],"picked":"Rage","floor":13},{"not_picked":["Sword Boomerang","Fire Breathing"],"picked":"Whirlwind","floor":14}],"player_experience":4447,"relics_obtained":[{"floor":9,"key":"War Paint"},{"floor":13,"key":"Letter Opener"},{"floor":14,"key":"Odd Mushroom"}],"event_choices":[{"damage_healed":0,"gold_gain":0,"player_choice":"Fought Mushrooms","damage_taken":0,"max_hp_gain":0,"max_hp_loss":0,"event_name":"Mushrooms","floor":14,"gold_loss":0}],"is_beta":false,"boss_relics":[],"items_purged_floors":[],"is_endless":false,"potions_floor_spawned":[1,5,11,12],"killed_by":"Hexaghost","ascension_level":0}