{"gold_per_floor":[118,143,42,52,62,96,111,138,190,205,222,254,254,264,264,341,341,356,366,266,266,181,181,214,224,297,313,34,34,64,164,164,240,240,254,254,301,78,97,97,107,122,122,122,34,34,34,65,65,65,65,65,65,7,40,40],"floor_reached":57,"playtime":2542,"items_purged":["Strike_R","Strike_R","Strike_R","Bash","Immolate+1"],"score":3080,"play_id":"04a65090-bcde-48a3-9889-0ea98c20d018","local_time":"20190707185029","is_ascension_mode":true,"campfire_choices":[{"data":"True Grit","floor":15.0,"key":"SMITH"},{"data":"Evolve","floor":23.0,"key":"SMITH"},{"floor":29.0,"key":"REST"},{"floor":32.0,"key":"REST"},{"data":"Pommel Strike","floor":40.0,"key":"SMITH"},{"floor":49.0,"key":"RECALL"},{"data":"Barricade","floor":53.0,"key":"SMITH"}],"neow_cost":"NONE","seed_source_timestamp":75583536525285,"circlet_count":0,"master_deck":["AscendersBane","Defend_R","Defend_R","Defend_R","Brutality+1","Evolve+1","True Grit+1","Battle Trance","Shockwave","Impervious","Shrug It Off","Barricade+1","Pommel Strike+1","Body Slam+1","Warcry+1"],"special_seed":0,"relics":["Astrolabe","Anchor","Dream Catcher","Juzu Bracelet","Bronze Scales","Charon\u0027s Ashes","Runic Cube","Vajra","Sundial","Membership Card","Orichalcum","Thread and Needle","Darkstone Periapt","Orrery","Ginger","Medical Kit","Mercury Hourglass","Centennial Puzzle","Art of War"],"potions_floor_usage":[56,56],"damage_taken":[{"damage":1.0,"enemies":"Cultist","floor":1.0,"turns":2.0},{"damage":9.0,"enemies":"Jaw Worm","floor":4.0,"turns":2.0},{"damage":0.0,"enemies":"Small Slimes","floor":5.0,"turns":1.0},{"damage":10.0,"enemies":"Gremlin Nob","floor":6.0,"turns":3.0},{"damage":1.0,"enemies":"Looter","floor":7.0,"turns":2.0},{"damage":7.0,"enemies":"Lagavulin","floor":8.0,"turns":7.0},{"damage":0.0,"enemies":"2 Fungi Beasts","floor":10.0,"turns":2.0},{"damage":4.0,"enemies":"3 Louse","floor":11.0,"turns":2.0},{"damage":10.0,"enemies":"Gremlin Nob","floor":12.0,"turns":3.0},{"damage":0.0,"enemies":"Red Slaver","floor":14.0,"turns":2.0},{"damage":5.0,"enemies":"Slime Boss","floor":16.0,"turns":6.0},{"damage":13.0,"enemies":"Spheric Guardian","floor":18.0,"turns":4.0},{"damage":4.0,"enemies":"Shell Parasite","floor":19.0,"turns":4.0},{"damage":33.0,"enemies":"Book of Stabbing","floor":24.0,"turns":5.0},{"damage":5.0,"enemies":"Shelled Parasite and Fungi","floor":25.0,"turns":3.0},{"damage":3.0,"enemies":"Snecko","floor":27.0,"turns":4.0},{"damage":6.0,"enemies":"Gremlin Leader","floor":30.0,"turns":4.0},{"damage":18.0,"enemies":"Colosseum Slavers","floor":31.0,"turns":3.0},{"damage":4.0,"enemies":"Colosseum Nobs","floor":31.0,"turns":3.0},{"damage":13.0,"enemies":"Collector","floor":33.0,"turns":9.0},{"damage":15.0,"enemies":"3 Darklings","floor":35.0,"turns":3.0},{"damage":29.0,"enemies":"2 Orb Walkers","floor":37.0,"turns":4.0},{"damage":2.0,"enemies":"3 Shapes","floor":39.0,"turns":5.0},{"damage":9.0,"enemies":"Writhing Mass","floor":41.0,"turns":4.0},{"damage":2.0,"enemies":"Transient","floor":42.0,"turns":6.0},{"damage":2.0,"enemies":"Reptomancer","floor":48.0,"turns":3.0},{"damage":8.0,"enemies":"Time Eater","floor":50.0,"turns":5.0},{"damage":2.0,"enemies":"Donu and Deca","floor":51.0,"turns":3.0},{"damage":20.0,"enemies":"Shield and Spear","floor":55.0,"turns":3.0},{"damage":18,"enemies":"The Heart","floor":56,"turns":5}],"seed_played":"3116108226983781105","potions_obtained":[{"floor":1.0,"key":"PowerPotion"},{"floor":5.0,"key":"PowerPotion"},{"floor":10.0,"key":"GamblersBrew"},{"floor":12.0,"key":"Fruit Juice"},{"floor":16.0,"key":"Ancient Potion"},{"floor":18.0,"key":"Regen Potion"},{"floor":31.0,"key":"AttackPotion"},{"floor":33.0,"key":"SneckoOil"},{"floor":42.0,"key":"Explosive Potion"},{"floor":47.0,"key":"SteroidPotion"},{"floor":47.0,"key":"SpeedPotion"},{"floor":55.0,"key":"GamblersBrew"}],"is_trial":false,"path_per_floor":["M","T","$","M","M","E","M","E","T","M","M","E","?","M","R","B",null,"M","M","$","?","?","R","E","M","T","M","$","R","E","?","R","B",null,"M","?","?","$","M","R","M","M","T","?","$","?","?","E","R","B","B",null,"R","$","E","B",null],"character_chosen":"IRONCLAD","items_purchased":["True Grit","Membership Card","Medical Kit","Regen Potion","SpeedPotion","Block Potion"],"campfire_rested":2,"item_purchase_floors":[3,28,38,38,54,54],"current_hp_per_floor":[67,67,67,58,58,48,47,40,40,40,36,31,57,57,57,52,73,60,68,68,45,45,45,12,7,7,4,4,29,23,1,26,13,67,52,52,23,23,35,35,26,24,24,24,24,24,24,22,22,14,12,64,64,64,44,26],"gold":40,"neow_bonus":"BOSS_RELIC","is_prod":false,"is_daily":false,"chose_seed":false,"campfire_upgraded":4,"win_rate":0,"timestamp":1562496629,"path_taken":["M","?","$","M","M","E","M","E","T","M","M","E","?","M","R","BOSS","M","M","$","?","?","R","E","M","T","M","$","R","E","?","R","BOSS","M","?","?","$","M","R","M","M","T","?","$","?","?","E","R","BOSS","BOSS","R","$","E","BOSS"],"build_version":"2019-07-03","purchased_purges":5,"victory":true,"max_hp_per_floor":[75,75,75,75,75,75,75,75,75,75,75,80,80,80,80,80,80,80,80,80,85,85,85,85,85,85,85,85,85,85,85,85,85,85,85,85,85,85,85,85,85,85,85,81,81,81,81,81,81,81,81,81,81,81,81,81],"card_choices":[{"not_picked":["Anger","Shrug It Off"],"picked":"Evolve","floor":1.0},{"not_picked":["Disarm","Perfected Strike","Clothesline"],"picked":"SKIP","floor":4.0},{"not_picked":["Body Slam","Infernal Blade","Perfected Strike"],"picked":"SKIP","floor":5.0},{"not_picked":["Iron Wave","Dropkick","Flex"],"picked":"SKIP","floor":6.0},{"not_picked":["Flex","True Grit"],"picked":"Battle Trance","floor":7.0},{"not_picked":["Headbutt","Anger","Havoc"],"picked":"SKIP","floor":8.0},{"not_picked":["Ghostly Armor","Clothesline","Infernal Blade"],"picked":"SKIP","floor":10.0},{"not_picked":["Demon Form","Uppercut","Combust"],"picked":"SKIP","floor":11.0},{"not_picked":["Demon Form","Uppercut","Combust"],"picked":"SKIP","floor":11.0},{"not_picked":["Whirlwind","Iron Wave"],"picked":"Shockwave","floor":12.0},{"not_picked":["Uppercut","Anger","True Grit"],"picked":"SKIP","floor":14.0},{"not_picked":["Demon Form","Fiend Fire"],"picked":"Impervious","floor":16.0},{"not_picked":["Wild Strike","Sentinel","True Grit"],"picked":"SKIP","floor":18.0},{"not_picked":["Perfected Strike","Headbutt","Uppercut"],"picked":"SKIP","floor":19.0},{"not_picked":["Reckless Charge","Searing Blow+1","Whirlwind"],"picked":"SKIP","floor":24.0},{"not_picked":["Twin Strike","Evolve"],"picked":"Shrug It Off","floor":25.0},{"not_picked":["Warcry","Metallicize","Heavy Blade"],"picked":"SKIP","floor":27.0},{"not_picked":["Sword Boomerang","Evolve"],"picked":"Barricade","floor":30.0},{"not_picked":["Hemokinesis","Corruption"],"picked":"Pommel Strike","floor":34.0},{"not_picked":["Clothesline","Armaments","Anger"],"picked":"SKIP","floor":35.0},{"not_picked":["Berserk","Entrench"],"picked":"Body Slam+1","floor":39.0},{"not_picked":["Rupture","Pommel Strike+1"],"picked":"Warcry+1","floor":41.0},{"not_picked":["Cleave+1","Metallicize+1","Bloodletting"],"picked":"SKIP","floor":42.0},{"not_picked":["True Grit","Thunderclap","Impervious"],"picked":"SKIP","floor":48.0},{"not_picked":["Havoc","Dropkick+1","Cleave"],"picked":"SKIP","floor":55.0}],"player_experience":3072071,"relics_obtained":[{"floor":2.0,"key":"Anchor"},{"floor":6.0,"key":"Dream Catcher"},{"floor":8.0,"key":"Juzu Bracelet"},{"floor":9.0,"key":"Bronze Scales"},{"floor":12.0,"key":"Charon\u0027s Ashes"},{"floor":24.0,"key":"Sundial"},{"floor":30.0,"key":"Orichalcum"},{"floor":31.0,"key":"Thread and Needle"},{"floor":31.0,"key":"Darkstone Periapt"},{"floor":37.0,"key":"Ginger"},{"floor":43.0,"key":"Mercury Hourglass"},{"floor":48.0,"key":"Centennial Puzzle"},{"floor":55.0,"key":"Art of War"}],"event_choices":[{"damage_healed":26.0,"max_hp_gain":0.0,"max_hp_loss":0.0,"gold_gain":0.0,"event_name":"Big Fish","player_choice":"Banana","floor":13.0,"gold_loss":0.0,"damage_taken":0.0},{"damage_healed":0.0,"max_hp_gain":5.0,"max_hp_loss":0.0,"gold_gain":0.0,"event_name":"Forgotten Altar","player_choice":"Shed Blood","floor":21.0,"gold_loss":0.0,"damage_taken":28.0},{"damage_healed":0.0,"max_hp_gain":0.0,"max_hp_loss":0.0,"gold_gain":0.0,"event_name":"Addict","player_choice":"Obtained Relic","floor":22.0,"gold_loss":85.0,"damage_taken":0.0,"relics_obtained":["Vajra"]},{"damage_healed":0.0,"max_hp_gain":0.0,"max_hp_loss":0.0,"gold_gain":0.0,"event_name":"Colosseum","player_choice":"Fight","floor":31.0,"gold_loss":0.0,"damage_taken":0.0},{"damage_healed":0.0,"max_hp_gain":0.0,"max_hp_loss":0.0,"gold_gain":0.0,"event_name":"Colosseum","player_choice":"Fought Nobs","floor":31.0,"gold_loss":0.0,"damage_taken":0.0},{"damage_healed":0.0,"max_hp_gain":0.0,"max_hp_loss":0.0,"gold_gain":0.0,"event_name":"Tomb of Lord Red Mask","player_choice":"Ignored","floor":36.0,"gold_loss":0.0,"damage_taken":0.0},{"damage_healed":0.0,"max_hp_gain":0.0,"max_hp_loss":0.0,"gold_gain":0.0,"event_name":"Mysterious Sphere","player_choice":"Fight","floor":37.0,"gold_loss":0.0,"damage_taken":0.0},{"damage_healed":0.0,"max_hp_gain":0.0,"max_hp_loss":4.0,"gold_gain":0.0,"event_name":"Winding Halls","player_choice":"Max HP","floor":44.0,"gold_loss":0.0,"damage_taken":0.0},{"cards_removed":["Berserk"],"damage_healed":0.0,"max_hp_gain":0.0,"max_hp_loss":0.0,"gold_gain":0.0,"event_name":"Falling","player_choice":"Removed Power","floor":46.0,"gold_loss":0.0,"damage_taken":0.0},{"damage_healed":0.0,"max_hp_gain":0.0,"max_hp_loss":0.0,"gold_gain":0.0,"event_name":"Lab","player_choice":"Got Potions","floor":47.0,"gold_loss":0.0,"damage_taken":0.0}],"is_beta":true,"boss_relics":[{"not_picked":["Calling Bell","Tiny House"],"picked":"Runic Cube"},{"not_picked":["Pandora\u0027s Box","Fusion Hammer"],"picked":"Orrery"}],"items_purged_floors":[3,20,28,38,45],"is_endless":false,"potions_floor_spawned":[1,5,10,12,16,18,31,33,42,55],"ascension_level":20}