{"gold_per_floor":[99,114,125,44,44,70,88,98,98,113,113,125,137,165,165,165],"floor_reached":16,"playtime":1004,"items_purged":[],"score":106,"play_id":"c1d3902e-5595-41aa-a34d-29b07e242109","local_time":"20190918073735","is_ascension_mode":false,"campfire_choices":[{"floor":15,"key":"REST"}],"neow_cost":"NONE","seed_source_timestamp":1866449741587500,"circlet_count":0,"master_deck":["Strike_G","Strike_G","Strike_G","Strike_G","Defend_G","Defend_G","Defend_G","Defend_G","Defend_G","Survivor","Neutralize","Trip","Terror","Accuracy","Noxious Fumes"],"relics":["Ring of the Snake","Blood Vial","Anchor","Odd Mushroom"],"potions_floor_usage":[10,14,16,16,16],"damage_taken":[{"damage":3,"enemies":"Jaw Worm","floor":1,"turns":6},{"damage":5,"enemies":"Cultist","floor":2,"turns":4},{"damage":0,"enemies":"Small Slimes","floor":3,"turns":2},{"damage":15,"enemies":"3 Sentries","floor":6,"turns":9},{"damage":3,"enemies":"Exordium Wildlife","floor":7,"turns":5},{"damage":0,"enemies":"2 Fungi Beasts","floor":8,"turns":5},{"damage":5,"enemies":"Looter","floor":10,"turns":4},{"damage":2,"enemies":"Blue Slaver","floor":12,"turns":4},{"damage":3,"enemies":"Red Slaver","floor":13,"turns":6},{"damage":16,"enemies":"The Mushroom Lair","floor":14,"turns":5},{"damage":56,"enemies":"Hexaghost","floor":16,"turns":12}],"seed_played":"1054211551996320867","potions_obtained":[{"floor":3,"key":"Swift Potion"},{"floor":6,"key":"Swift Potion"},{"floor":8,"key":"SkillPotion"},{"floor":13,"key":"Explosive Potion"},{"floor":14,"key":"EssenceOfSteel"}],"is_trial":false,"path_per_floor":["M","M","M","$","?","E","M","M","T","M","$","M","M","?","R","B"],"character_chosen":"THE_SILENT","items_purchased":["Noxious Fumes"],"campfire_rested":1,"item_purchase_floors":[4],"current_hp_per_floor":[67,62,62,62,62,47,46,48,48,45,45,45,44,30,51,0],"gold":165,"neow_bonus":"RANDOM_COLORLESS","is_prod":false,"is_daily":false,"chose_seed":false,"campfire_upgraded":0,"win_rate":0,"timestamp":1568806655,"path_taken":["M","M","M","$","?","E","M","M","T","?","$","M","M","?","R","BOSS"],"build_version":"2019-07-17","purchased_purges":0,"victory":false,"max_hp_per_floor":[70,70,70,70,70,70,70,70,70,70,70,70,70,70,70,70],"card_choices":[{"not_picked":["Outmaneuver","Dash","Crippling Poison"],"picked":"SKIP","floor":1},{"not_picked":["Outmaneuver","Poisoned Stab"],"picked":"Terror","floor":2},{"not_picked":["Distraction","Quick Slash"],"picked":"Accuracy","floor":3},{"not_picked":["Dodge and Roll","Bane","Poisoned Stab"],"picked":"SKIP","floor":6},{"not_picked":["Sucker Punch","Prepared","Deadly Poison"],"picked":"SKIP","floor":7},{"not_picked":["Underhanded Strike","Backflip","Bane"],"picked":"SKIP","floor":8},{"not_picked":["Night Terror","Dodge and Roll","Quick Slash"],"picked":"SKIP","floor":10},{"not_picked":["Sucker Punch","Skewer","Outmaneuver"],"picked":"SKIP","floor":12},{"not_picked":["Dash","Outmaneuver","Poisoned Stab"],"picked":"SKIP","floor":13}],"player_experience":74003,"relics_obtained":[{"floor":6,"key":"Blood Vial"},{"floor":9,"key":"Anchor"},{"floor":14,"key":"Odd Mushroom"}],"event_choices":[{"cards_removed":["Strike_G"],"damage_healed":0,"gold_gain":0,"player_choice":"Card Removal","damage_taken":0,"max_hp_gain":0,"max_hp_loss":0,"event_name":"Wheel of Change","floor":5,"gold_loss":0},{"damage_healed":0,"gold_gain":0,"player_choice":"Fought Mushrooms","damage_taken":0,"max_hp_gain":0,"max_hp_loss":0,"event_name":"Mushrooms","floor":14,"gold_loss":0}],"is_beta":false,"boss_relics":[],"items_purged_floors":[],"is_endless":false,"potions_floor_spawned":[3,6,8,13,14],"killed_by":"Hexaghost","ascension_level":0}