{"gold_per_floor":[109,122,132,207,16,48,66,66,66,66,87,155,167,197,197,295,295,315,330,341,356,373,373,400,33,56,82,82,82,82,7,7,7],"floor_reached":33,"playtime":5211,"items_purged":["Strike_B"],"score":295,"play_id":"6cd3f043-91af-4ecb-967c-3efa4ce0142d","local_time":"20190806094700","is_ascension_mode":false,"campfire_choices":[{"floor":8,"key":"REST"},{"data":"Self Repair","floor":10,"key":"SMITH"},{"data":"Reinforced Body","floor":15,"key":"SMITH"},{"data":"Streamline","floor":23,"key":"SMITH"},{"floor":28,"key":"REST"},{"data":"Self Repair","floor":30,"key":"SMITH"},{"floor":32,"key":"REST"}],"neow_cost":"NONE","seed_source_timestamp":593404524320706,"circlet_count":0,"master_deck":["Strike_B","Strike_B","Defend_B","Defend_B","Defend_B","Zap+1","Dualcast","Coolheaded","Self Repair+1","Redo","Chill+1","Redo","Reinforced Body+1","Stack","Go for the Eyes","Streamline","Leap","Buffer","Conserve Battery","Coolheaded","Stack","Chaos","Auto Shields","Ball Lightning","Beam Cell+1","Rip and Tear","Streamline+1","Compile Driver","Undo","Capacitor","Leap","Self Repair+1","Machine Learning","Aggregate"],"relics":["Cracked Core","War Paint","Meat on the Bone","Pear","Odd Mushroom","Mummified Hand","Ornamental Fan","Orrery","Pocketwatch","Happy Flower","Bag of Marbles","Ancient Tea Set"],"potions_floor_usage":[14,16,16,21,21,24,27,27,27],"damage_taken":[{"damage":1,"enemies":"Jaw Worm","floor":1,"turns":4},{"damage":0,"enemies":"Cultist","floor":2,"turns":4},{"damage":0,"enemies":"2 Louse","floor":3,"turns":4},{"damage":27,"enemies":"3 Sentries","floor":6,"turns":14},{"damage":20,"enemies":"Exordium Wildlife","floor":7,"turns":8},{"damage":19,"enemies":"The Mushroom Lair","floor":11,"turns":6},{"damage":0,"enemies":"Lots of Slimes","floor":13,"turns":8},{"damage":6,"enemies":"Lagavulin","floor":14,"turns":6},{"damage":33,"enemies":"Slime Boss","floor":16,"turns":19},{"damage":18,"enemies":"Chosen","floor":18,"turns":8},{"damage":1,"enemies":"Shell Parasite","floor":19,"turns":11},{"damage":4,"enemies":"Snecko","floor":20,"turns":10},{"damage":8,"enemies":"Sentry and Sphere","floor":21,"turns":10},{"damage":16,"enemies":"Snake Plant","floor":22,"turns":6},{"damage":27,"enemies":"Slavers","floor":24,"turns":7},{"damage":35,"enemies":"Gremlin Leader","floor":27,"turns":14},{"damage":93,"enemies":"Automaton","floor":33,"turns":16}],"seed_played":"-1669184617135316410","potions_obtained":[{"floor":1,"key":"FearPotion"},{"floor":7,"key":"Energy Potion"},{"floor":11,"key":"SkillPotion"},{"floor":14,"key":"Dexterity Potion"},{"floor":18,"key":"FocusPotion"},{"floor":20,"key":"Energy Potion"},{"floor":21,"key":"Poison Potion"},{"floor":22,"key":"Fire Potion"}],"is_trial":false,"path_per_floor":["M","M","M","?","$","E","M","R","T","R","?","T","M","E","R","B",null,"M","M","M","M","M","R","E","$","T","E","R","?","R","$","R","B"],"character_chosen":"DEFECT","items_purchased":["War Paint","Redo","Happy Flower","Capacitor","Leap","Block Potion","Aggregate"],"campfire_rested":3,"item_purchase_floors":[5,5,25,25,25,25,31],"current_hp_per_floor":[74,75,75,68,68,48,47,69,79,79,70,70,80,84,84,51,85,77,85,85,85,79,79,62,62,62,49,74,74,74,74,85,0],"gold":7,"neow_bonus":"TRANSFORM_CARD","is_prod":false,"is_daily":false,"chose_seed":false,"campfire_upgraded":4,"win_rate":0.0,"timestamp":1565110020,"path_taken":["M","M","M","?","$","E","?","R","T","R","?","?","M","E","R","BOSS","M","M","?","M","M","R","E","$","T","E","R","?","R","?","R","BOSS"],"build_version":"2019-07-17","purchased_purges":1,"victory":false,"max_hp_per_floor":[75,75,75,75,75,75,75,75,85,85,85,85,85,85,85,85,85,85,85,85,85,85,85,85,85,85,85,85,85,85,85,85,85],"card_choices":[{"not_picked":["Cold Snap","Gash"],"picked":"Self Repair","floor":1},{"not_picked":["White Noise","Chaos"],"picked":"Redo","floor":2},{"not_picked":["Skim","Gash"],"picked":"Chill","floor":3},{"not_picked":["Barrage","Gash"],"picked":"Reinforced Body","floor":6},{"not_picked":["Fusion","Loop"],"picked":"Stack","floor":7},{"not_picked":["Beam Cell","Coolheaded"],"picked":"Go for the Eyes","floor":11},{"not_picked":["Turbo","Coolheaded"],"picked":"Streamline","floor":13},{"not_picked":["Compile Driver","Reinforced Body"],"picked":"Leap","floor":14},{"not_picked":["Core Surge","All For One"],"picked":"Buffer","floor":16},{"not_picked":["Force Field","Hologram"],"picked":"Conserve Battery","floor":17},{"not_picked":["Barrage","Consume"],"picked":"Coolheaded","floor":17},{"not_picked":["Sweeping Beam","Skim"],"picked":"Stack","floor":17},{"not_picked":["Barrage","Steam"],"picked":"Chaos","floor":17},{"not_picked":["Rip and Tear","FTL"],"picked":"Auto Shields","floor":17},{"not_picked":["Barrage+1","Compile Driver"],"picked":"Ball Lightning","floor":18},{"not_picked":["Stack","Reprogram"],"picked":"Beam Cell+1","floor":19},{"not_picked":["Gash","Glacier"],"picked":"Rip and Tear","floor":20},{"not_picked":["Compile Driver","Turbo"],"picked":"Streamline","floor":21},{"not_picked":["Recycle","Consume+1"],"picked":"Compile Driver","floor":22},{"not_picked":["Sunder","Coolheaded"],"picked":"Undo","floor":24},{"not_picked":["Go for the Eyes","Rebound"],"picked":"Self Repair","floor":27}],"player_experience":336698,"relics_obtained":[{"floor":6,"key":"Meat on the Bone"},{"floor":9,"key":"Pear"},{"floor":11,"key":"Odd Mushroom"},{"floor":12,"key":"Mummified Hand"},{"floor":14,"key":"Ornamental Fan"},{"floor":24,"key":"Pocketwatch"},{"floor":26,"key":"Bag of Marbles"},{"floor":27,"key":"Ancient Tea Set"}],"event_choices":[{"damage_healed":0,"gold_gain":75,"player_choice":"Touch","damage_taken":7,"max_hp_gain":0,"max_hp_loss":0,"event_name":"FaceTrader","floor":4,"gold_loss":0},{"damage_healed":0,"gold_gain":0,"player_choice":"Fought Mushrooms","damage_taken":0,"max_hp_gain":0,"max_hp_loss":0,"event_name":"Mushrooms","floor":11,"gold_loss":0},{"damage_healed":0,"gold_gain":0,"cards_transformed":["Defend_B"],"player_choice":"Transformed","damage_taken":0,"max_hp_gain":0,"max_hp_loss":0,"event_name":"Transmorgrifier","floor":29,"gold_loss":0,"cards_obtained":["Machine Learning"]}],"is_beta":false,"boss_relics":[{"not_picked":["Coffee Dripper","Sozu"],"picked":"Orrery"}],"items_purged_floors":[25],"is_endless":false,"potions_floor_spawned":[1,7,11,14,18,20,21,22],"killed_by":"Automaton","ascension_level":0}