{"gold_per_floor":[118,118,68,30,48,48,223,223,248,23,23,23,48,66,66,187,187,203,228,242,152,152,152,195,220,298,322,343,343],"floor_reached":29,"playtime":1132,"items_purged":["Doubt"],"score":235,"play_id":"47be51df-0233-4301-82f4-2d8afb85c858","local_time":"20190913233354","is_ascension_mode":false,"campfire_choices":[{"data":"Uppercut","floor":6,"key":"SMITH"},{"data":"Immolate","floor":8,"key":"SMITH"},{"data":"Bloodletting","floor":15,"key":"SMITH"},{"floor":23,"key":"REST"}],"neow_cost":"NONE","seed_source_timestamp":1194575819100,"circlet_count":0,"master_deck":["Defend_R","Defend_R","Defend_R","Defend_R+1","Bash","Combust","Uppercut+1","Immolate+1","Blood for Blood+1","Bloodletting+1","Flame Barrier","Spot Weakness","Feed","Hemokinesis+1","Reaper","Shrug It Off","Body Slam+1","Sentinel"],"relics":["Burning Blood","Juzu Bracelet","Golden Idol","Empty Cage","Blood Vial","Bottled Lightning"],"potions_floor_usage":[16,16,24,24,25,27],"damage_taken":[{"damage":15,"enemies":"2 Louse","floor":1,"turns":3},{"damage":12,"enemies":"Jaw Worm","floor":5,"turns":4},{"damage":5,"enemies":"Small Slimes","floor":13,"turns":3},{"damage":3,"enemies":"Looter","floor":14,"turns":2},{"damage":40,"enemies":"Hexaghost","floor":16,"turns":6},{"damage":25,"enemies":"2 Thieves","floor":18,"turns":4},{"damage":8,"enemies":"Chosen","floor":19,"turns":3},{"damage":28,"enemies":"Centurion and Healer","floor":20,"turns":4},{"damage":47,"enemies":"Book of Stabbing","floor":24,"turns":7},{"damage":3,"enemies":"Snecko","floor":25,"turns":3},{"damage":24,"enemies":"Snake Plant","floor":27,"turns":3},{"damage":12,"enemies":"Centurion and Healer","floor":28,"turns":5},{"damage":39,"enemies":"Gremlin Leader","floor":29,"turns":4}],"seed_played":"-8919313918305140373","potions_obtained":[{"floor":5,"key":"LiquidBronze"},{"floor":14,"key":"Poison Potion"},{"floor":16,"key":"SteroidPotion"},{"floor":18,"key":"LiquidBronze"},{"floor":20,"key":"Block Potion"},{"floor":24,"key":"Explosive Potion"}],"is_trial":false,"path_per_floor":["M","?","?","$","M","R","?","R","T","$","?","?","M","M","R","B",null,"M","M","M","?","?","R","E","M","T","M","M","E"],"character_chosen":"IRONCLAD","items_purchased":["Uppercut","Blood for Blood","Bloodletting"],"campfire_rested":1,"item_purchase_floors":[4,10,10],"current_hp_per_floor":[71,71,71,71,65,65,65,65,65,65,65,65,66,69,69,35,80,61,59,37,37,37,61,20,35,35,22,32,0],"gold":343,"neow_bonus":"REMOVE_CARD","is_prod":false,"is_daily":false,"chose_seed":false,"campfire_upgraded":3,"win_rate":0,"timestamp":1568388834,"path_taken":["M","?","?","?","M","R","?","R","T","?","?","?","M","M","R","BOSS","M","M","M","?","?","R","E","M","T","M","M","E"],"build_version":"2019-07-17","purchased_purges":1,"victory":false,"max_hp_per_floor":[80,80,80,80,80,80,80,80,80,80,80,80,80,80,80,80,80,80,80,80,80,80,80,80,83,83,86,86,86],"card_choices":[{"not_picked":["Clash","Body Slam"],"picked":"Combust","floor":1},{"not_picked":["Havoc","Corruption"],"picked":"Immolate","floor":5},{"not_picked":["Iron Wave","Armaments"],"picked":"Flame Barrier","floor":13},{"not_picked":["Clothesline","Flex"],"picked":"Spot Weakness","floor":14},{"not_picked":["Fiend Fire","Brutality"],"picked":"Feed","floor":16},{"not_picked":["Perfected Strike+1","Body Slam"],"picked":"Hemokinesis+1","floor":18},{"not_picked":["Heavy Blade+1","Warcry","Dual Wield"],"picked":"SKIP","floor":19},{"not_picked":["Cleave","Combust","Warcry"],"picked":"SKIP","floor":20},{"not_picked":["Shockwave","Evolve+1"],"picked":"Reaper","floor":24},{"not_picked":["Heavy Blade+1","Pummel"],"picked":"Shrug It Off","floor":25},{"not_picked":["Cleave","Uppercut"],"picked":"Body Slam+1","floor":27},{"not_picked":["Wild Strike+1","Body Slam"],"picked":"Sentinel","floor":28}],"player_experience":367606,"relics_obtained":[{"floor":9,"key":"Juzu Bracelet"},{"floor":24,"key":"Blood Vial"},{"floor":26,"key":"Bottled Lightning"}],"event_choices":[{"damage_healed":0,"gold_gain":0,"player_choice":"Ignored","damage_taken":0,"max_hp_gain":0,"max_hp_loss":0,"event_name":"Shining Light","floor":2,"gold_loss":0},{"cards_removed":["Strike_R"],"damage_healed":0,"gold_gain":0,"player_choice":"Card Removal","damage_taken":0,"max_hp_gain":0,"max_hp_loss":0,"event_name":"The Cleric","floor":3,"gold_loss":50},{"damage_healed":0,"gold_gain":175,"player_choice":"AGREE","damage_taken":0,"max_hp_gain":0,"max_hp_loss":0,"event_name":"Liars Game","floor":7,"gold_loss":0,"cards_obtained":["Doubt"]},{"damage_healed":0,"gold_gain":0,"player_choice":"Grow","damage_taken":0,"max_hp_gain":0,"max_hp_loss":0,"event_name":"Living Wall","floor":11,"gold_loss":0,"cards_upgraded":["Blood for Blood"]},{"damage_healed":0,"gold_gain":0,"player_choice":"Take Wound","damage_taken":0,"relics_obtained":["Golden Idol"],"max_hp_gain":0,"max_hp_loss":0,"event_name":"Golden Idol","floor":12,"gold_loss":0,"cards_obtained":["Injury"]},{"cards_removed":["Strike_R"],"damage_healed":0,"gold_gain":0,"player_choice":"Upgrade and Remove","damage_taken":0,"max_hp_gain":0,"max_hp_loss":0,"event_name":"Designer","floor":21,"gold_loss":90,"cards_upgraded":["Defend_R"]},{"cards_removed":["Injury"],"damage_healed":0,"gold_gain":0,"player_choice":"Elegance","damage_taken":0,"max_hp_gain":0,"max_hp_loss":0,"event_name":"Back to Basics","floor":22,"gold_loss":0}],"is_beta":false,"boss_relics":[{"not_picked":["Snecko Eye","Tiny House"],"picked":"Empty Cage"}],"items_purged_floors":[10],"is_endless":false,"potions_floor_spawned":[5,14,16,18,20,24],"killed_by":"Gremlin Leader","ascension_level":0}