{"gold_per_floor":[118,68,68,80,43,71,81,81,81,81,128,190,222,102,102,199,199,218,218,236,54,96,96,107,123,123,123,136,166,41,52,52,155,155,171,171,21,37,52,52,65,85,85,85,85,138,169,181,181,181,181,181,6,37,37],"floor_reached":56,"playtime":6125,"items_purged":["Strike_P","Strike_P","Strike_P","Eruption","CrushJoints+1"],"score":1432,"play_id":"500cf7ae-dcfe-4574-a5b6-68634e487d3f","local_time":"20190910093249","is_ascension_mode":false,"campfire_choices":[{"data":"ForeignInfluence","floor":8.0,"key":"SMITH"},{"data":"CrushJoints","floor":10.0,"key":"SMITH"},{"data":"Protect","floor":15.0,"key":"SMITH"},{"data":"Meditate","floor":23.0,"key":"SMITH"},{"data":"Vigilance","floor":27.0,"key":"SMITH"},{"data":"PathToVictory","floor":32.0,"key":"SMITH"},{"floor":40.0,"key":"RECALL"},{"data":"Fasting","floor":44.0,"key":"SMITH"},{"data":"SignatureMove","floor":49.0,"key":"SMITH"},{"data":"Unraveling","floor":52.0,"key":"SMITH"}],"neow_cost":"NONE","seed_source_timestamp":2227290279063600,"circlet_count":0,"master_deck":["Defend_P+1","Defend_P","Defend_P+1","Vigilance+1","Adaptation","Scrawl","Fasting+1","ForeignInfluence+1","Protect+1","Metaphysics","Meditate+1","Establishment","EmptyBody","EmptyMind+1","PathToVictory+1","Unraveling+1","JustLucky+1","SignatureMove+1"],"special_seed":0,"relics":["HolyWater","NeowsBlessing","Darkstone Periapt","Art of War","Blue Candle","Bag of Preparation","Lantern","Singing Bowl","Empty Cage","Sundial","StoneCalendar","War Paint","Ice Cream"],"potions_floor_usage":[],"damage_taken":[{"damage":0.0,"enemies":"Cultist","floor":1.0,"turns":1.0},{"damage":0.0,"enemies":"2 Louse","floor":4.0,"turns":1.0},{"damage":0.0,"enemies":"3 Sentries","floor":6.0,"turns":2.0},{"damage":6.0,"enemies":"Jaw Worm","floor":7.0,"turns":6.0},{"damage":22.0,"enemies":"3 Sentries","floor":12.0,"turns":7.0},{"damage":0.0,"enemies":"Lagavulin","floor":13.0,"turns":3.0},{"damage":12.0,"enemies":"The Guardian","floor":16.0,"turns":11.0},{"damage":2.0,"enemies":"3 Byrds","floor":18.0,"turns":4.0},{"damage":2.0,"enemies":"Spheric Guardian","floor":20.0,"turns":6.0},{"damage":2.0,"enemies":"Snecko","floor":22.0,"turns":5.0},{"damage":15.0,"enemies":"Shelled Parasite and Fungi","floor":24.0,"turns":9.0},{"damage":1.0,"enemies":"Centurion and Healer","floor":25.0,"turns":6.0},{"damage":4.0,"enemies":"Snake Plant","floor":28.0,"turns":10.0},{"damage":18.0,"enemies":"Slavers","floor":29.0,"turns":7.0},{"damage":0.0,"enemies":"Shelled Parasite and Fungi","floor":31.0,"turns":6.0},{"damage":0.0,"enemies":"Champ","floor":33.0,"turns":3.0},{"damage":0.0,"enemies":"3 Darklings","floor":35.0,"turns":2.0},{"damage":14.0,"enemies":"3 Shapes","floor":38.0,"turns":2.0},{"damage":0.0,"enemies":"Spire Growth","floor":39.0,"turns":3.0},{"damage":2.0,"enemies":"Sphere and 2 Shapes","floor":41.0,"turns":5.0},{"damage":0.0,"enemies":"Transient","floor":42.0,"turns":5.0},{"damage":0.0,"enemies":"2 Orb Walkers","floor":46.0,"turns":1.0},{"damage":0.0,"enemies":"Giant Head","floor":47.0,"turns":3.0},{"damage":0.0,"enemies":"Spire Growth","floor":48.0,"turns":2.0},{"damage":9.0,"enemies":"Time Eater","floor":50.0,"turns":7.0},{"damage":0,"enemies":"Shield and Spear","floor":54,"turns":2},{"damage":46,"enemies":"The Heart","floor":55,"turns":6}],"seed_played":"-4053005578570234652","potions_obtained":[{"floor":7.0,"key":"LiquidBronze"},{"floor":18.0,"key":"Strength Potion"},{"floor":25.0,"key":"SteroidPotion"},{"floor":29.0,"key":"Swift Potion"},{"floor":38.0,"key":"Regen Potion"},{"floor":39.0,"key":"Poison Potion"},{"floor":47.0,"key":"LiquidBronze"}],"is_trial":false,"path_per_floor":["M","?","?","M","$","E","M","R","T","R","T","?","E","$","R","B",null,"M","?","M","$","M","R","M","M","T","R","M","E","$","M","R","B",null,"M","?","$","M","M","R","M","M","T","R","$","?","E","M","R","B",null,"R","$","E","B",null],"character_chosen":"WATCHER","items_purchased":["Fasting","Protect","Establishment"],"campfire_rested":0,"item_purchase_floors":[5,14,21],"current_hp_per_floor":[65,65,65,65,65,65,59,59,59,59,59,37,37,37,37,25,65,63,63,61,61,59,59,44,43,43,43,39,23,23,23,23,23,67,69,69,69,55,66,66,66,68,68,68,68,70,70,72,72,63,79,79,79,81,35],"gold":37,"neow_bonus":"THREE_ENEMY_KILL","is_prod":false,"is_daily":false,"chose_seed":false,"campfire_upgraded":9,"win_rate":0.0,"timestamp":1568079169,"path_taken":["M","?","?","?","$","E","M","R","T","R","?","?","E","?","R","BOSS","M","?","?","?","M","R","M","?","T","R","M","E","$","M","R","BOSS","M","?","$","M","M","R","?","M","T","R","$","?","E","M","R","BOSS","R","$","E","BOSS"],"build_version":"2019-09-09v2","purchased_purges":5,"victory":true,"max_hp_per_floor":[65,65,65,65,65,65,65,65,65,65,65,65,65,65,65,65,65,65,65,65,65,65,65,65,65,65,65,65,67,67,67,67,67,67,69,69,69,69,71,71,73,75,75,75,75,77,77,79,79,79,79,79,79,81,81],"card_choices":[{"not_picked":["EmptyBody","FlyingSleeves"],"picked":"Adaptation","floor":1.0},{"not_picked":["FollowUp","Conclude"],"picked":"Scrawl","floor":4.0},{"not_picked":["JustLucky","CutThroughFate"],"picked":"ForeignInfluence","floor":6.0},{"not_picked":["Swivel","SpiritShield"],"picked":"CrushJoints","floor":7.0},{"not_picked":["JustLucky","Scrawl"],"picked":"EmptyFist","floor":12.0},{"not_picked":["WreathOfFlame","Adaptation"],"picked":"Swivel","floor":13.0},{"not_picked":["Unraveling","Vault"],"picked":"Metaphysics","floor":16.0},{"not_picked":["JustLucky","SandsOfTime"],"picked":"Meditate","floor":18.0},{"not_picked":["TalkToTheHand","FollowUp","Sanctity"],"picked":"SKIP","floor":20.0},{"not_picked":["TalkToTheHand","FollowUp","Sanctity"],"picked":"SKIP","floor":20.0},{"not_picked":["TalkToTheHand","FollowUp","Sanctity"],"picked":"SKIP","floor":20.0},{"not_picked":["Collect","WaveOfTheHand"],"picked":"EmptyBody","floor":22.0},{"not_picked":["Collect","WreathOfFlame+1","ClearTheMind"],"picked":"SKIP","floor":24.0},{"not_picked":["FlyingSleeves","Consecrate","PathToVictory+1"],"picked":"SKIP","floor":25.0},{"not_picked":["Evaluate","EmptyFist"],"picked":"EmptyMind+1","floor":28.0},{"not_picked":["FlyingSleeves","DevaForm","CrushJoints"],"picked":"Singing Bowl","floor":29.0},{"not_picked":["FlyingSleeves","ClearTheMind"],"picked":"PathToVictory","floor":31.0},{"not_picked":["Omniscience","DevaForm"],"picked":"Unraveling","floor":33.0},{"not_picked":["Swivel","Weave","ThirdEye"],"picked":"Singing Bowl","floor":35.0},{"not_picked":["BowlingBash+1","Crescendo"],"picked":"JustLucky+1","floor":38.0},{"not_picked":["FlyingSleeves+1","Consecrate+1","Weave+1"],"picked":"Singing Bowl","floor":39.0},{"not_picked":["FlurryOfBlows+1","Establishment","EmptyBody+1"],"picked":"Singing Bowl","floor":41.0},{"not_picked":["Protect+1","ThirdEye+1","WaveOfTheHand+1"],"picked":"Singing Bowl","floor":42.0},{"not_picked":["BowlingBash+1","FlurryOfBlows","WreathOfFlame+1"],"picked":"Singing Bowl","floor":46.0},{"not_picked":["Consecrate","BowlingBash"],"picked":"SignatureMove","floor":47.0},{"not_picked":["Weave","Halt","Adaptation+1"],"picked":"Singing Bowl","floor":48.0},{"not_picked":["Tantrum+1","ClearTheMind+1","EmptyBody"],"picked":"Singing Bowl","floor":54}],"player_experience":3223461,"relics_obtained":[{"floor":6.0,"key":"Darkstone Periapt"},{"floor":11.0,"key":"Art of War"},{"floor":13.0,"key":"Bag of Preparation"},{"floor":26.0,"key":"Lantern"},{"floor":29.0,"key":"Singing Bowl"},{"floor":43.0,"key":"Sundial"},{"floor":46.0,"key":"StoneCalendar"},{"floor":47.0,"key":"War Paint"},{"floor":54,"key":"Ice Cream"}],"event_choices":[{"cards_removed":["Strike_P"],"damage_healed":0.0,"max_hp_gain":0.0,"max_hp_loss":0.0,"gold_gain":0.0,"event_name":"The Cleric","player_choice":"Card Removal","floor":2.0,"gold_loss":50.0,"damage_taken":0.0},{"damage_healed":0.0,"max_hp_gain":0.0,"max_hp_loss":0.0,"gold_gain":0.0,"event_name":"WeMeetAgain","player_choice":"Ignored","floor":3.0,"gold_loss":0.0,"damage_taken":0.0},{"damage_healed":0.0,"max_hp_gain":0.0,"max_hp_loss":0.0,"gold_gain":0.0,"event_name":"Dead Adventurer","player_choice":"Searched \u00273\u0027 times","floor":12.0,"gold_loss":0.0,"damage_taken":0.0,"relics_obtained":["Blue Candle"]},{"damage_healed":0.0,"max_hp_gain":0.0,"max_hp_loss":0.0,"gold_gain":0.0,"event_name":"NoteForYourself","player_choice":"Ignored","floor":19.0,"gold_loss":0.0,"damage_taken":0.0},{"cards_removed":["EmptyFist"],"damage_healed":0.0,"max_hp_gain":0.0,"max_hp_loss":0.0,"gold_gain":0.0,"event_name":"Purifier","player_choice":"Purged","floor":36.0,"gold_loss":0.0,"damage_taken":0.0},{"damage_healed":0.0,"max_hp_gain":0.0,"max_hp_loss":0.0,"gold_gain":0.0,"event_name":"Mysterious Sphere","player_choice":"Fight","floor":46.0,"gold_loss":0.0,"damage_taken":0.0}],"is_beta":true,"boss_relics":[{"not_picked":["Runic Dome","Busted Crown"],"picked":"HolyWater"},{"not_picked":["Black Star","SlaversCollar"],"picked":"Empty Cage"}],"items_purged_floors":[14,21,30,37,53],"is_endless":false,"potions_floor_spawned":[7,18,25,29,38,39,47,48],"ascension_level":0}