{"gold_per_floor":[111,130,143,159,128,128,128,140,164,35,35,54,87,105,105,105,105,86,106,126,76,76,76,104,119,174,174,174,199,212,15,15,15],"floor_reached":33,"playtime":2734,"items_purged":[],"score":339,"play_id":"e9c1e22c-8ea8-44f7-9302-e384cc90b1a6","local_time":"20190805190528","is_ascension_mode":false,"campfire_choices":[{"data":"Defragment","floor":6,"key":"SMITH"},{"floor":11,"key":"REST"},{"floor":15,"key":"REST"},{"data":"Auto Shields","floor":23,"key":"SMITH"},{"floor":32,"key":"REST"}],"neow_cost":"NONE","seed_source_timestamp":583854324557039,"circlet_count":0,"master_deck":["Strike_B","Strike_B","Defend_B","Defend_B","Defend_B","Defend_B","Zap","Dualcast","Chill","Defragment+1","Conserve Battery","Redo","Chaos","Reinforced Body","Bandage Up","Electrodynamics","Beam Cell","Coolheaded","Lockon+1","Leap","Auto Shields+1","Conserve Battery","Self Repair+1","Ball Lightning","Barrage","Core Surge","Self Repair+1","Self Repair","Compile Driver","Go for the Eyes"],"relics":["Cracked Core","Oddly Smooth Stone","Orichalcum","Philosopher\u0027s Stone","Juzu Bracelet","Vajra","Happy Flower","Dream Catcher"],"potions_floor_usage":[13,16,16,24,33],"damage_taken":[{"damage":4,"enemies":"2 Louse","floor":1,"turns":3},{"damage":1,"enemies":"Small Slimes","floor":2,"turns":3},{"damage":1,"enemies":"Cultist","floor":3,"turns":3},{"damage":9,"enemies":"3 Louse","floor":4,"turns":5},{"damage":0,"enemies":"Looter","floor":8,"turns":4},{"damage":8,"enemies":"Exordium Thugs","floor":12,"turns":5},{"damage":28,"enemies":"Gremlin Nob","floor":13,"turns":4},{"damage":0,"enemies":"3 Louse","floor":14,"turns":3},{"damage":0,"enemies":"Slime Boss","floor":16,"turns":7},{"damage":12,"enemies":"2 Thieves","floor":18,"turns":4},{"damage":6,"enemies":"Shell Parasite","floor":19,"turns":5},{"damage":3,"enemies":"Centurion and Healer","floor":20,"turns":9},{"damage":37,"enemies":"Book of Stabbing","floor":24,"turns":8},{"damage":4,"enemies":"Snake Plant","floor":25,"turns":6},{"damage":21,"enemies":"Slavers","floor":29,"turns":3},{"damage":0,"enemies":"Cultist and Chosen","floor":30,"turns":4},{"damage":76,"enemies":"Champ","floor":33,"turns":15}],"seed_played":"-7354578952425950051","potions_obtained":[{"floor":2,"key":"PowerPotion"},{"floor":3,"key":"Energy Potion"},{"floor":12,"key":"Regen Potion"},{"floor":19,"key":"SkillPotion"},{"floor":30,"key":"AttackPotion"}],"is_trial":false,"path_per_floor":["M","M","M","M","?","R","?","M","T","$","R","M","E","M","R","B",null,"M","M","M","$","?","R","E","M","T","?","?","E","M","$","R","B"],"character_chosen":"DEFECT","items_purchased":["Reinforced Body","Bandage Up","Conserve Battery","Dream Catcher","Compile Driver"],"campfire_rested":3,"item_purchase_floors":[10,10,21,31,31],"current_hp_per_floor":[78,77,76,67,67,67,67,67,67,67,82,74,55,59,82,82,82,74,72,73,73,65,65,32,42,42,42,42,21,35,35,59,0],"gold":15,"neow_bonus":"TEN_PERCENT_HP_BONUS","is_prod":false,"is_daily":false,"chose_seed":false,"campfire_upgraded":2,"win_rate":0.0,"timestamp":1565057128,"path_taken":["M","M","M","M","?","R","?","M","T","$","R","M","E","M","R","BOSS","M","M","M","$","?","R","E","M","T","?","?","E","M","$","R","BOSS"],"build_version":"2019-07-17","purchased_purges":0,"victory":false,"max_hp_per_floor":[82,82,82,82,82,82,82,82,82,82,82,82,82,82,82,82,82,82,82,82,82,82,82,82,82,82,82,82,82,82,82,82,82],"card_choices":[{"not_picked":["Ball Lightning","Sweeping Beam"],"picked":"Chill","floor":1},{"not_picked":["Gash","Consume"],"picked":"Defragment","floor":2},{"not_picked":["Recycle","Barrage"],"picked":"Conserve Battery","floor":3},{"not_picked":["Skim","Recycle"],"picked":"Redo","floor":4},{"not_picked":["Aggregate","Force Field"],"picked":"Chaos","floor":8},{"not_picked":["Hologram","Compile Driver"],"picked":"Electrodynamics","floor":12},{"not_picked":["Stack","Sweeping Beam"],"picked":"Beam Cell","floor":13},{"not_picked":["Loop","Hologram"],"picked":"Coolheaded","floor":14},{"not_picked":["Go for the Eyes","Compile Driver"],"picked":"Lockon+1","floor":18},{"not_picked":["Steam","Doom and Gloom"],"picked":"Leap","floor":19},{"not_picked":["Steam","Barrage"],"picked":"Auto Shields","floor":20},{"not_picked":["FTL+1","Turbo"],"picked":"Self Repair+1","floor":24},{"not_picked":["Cold Snap","Coolheaded"],"picked":"Ball Lightning","floor":25},{"not_picked":["Beam Cell","Streamline+1"],"picked":"Self Repair+1","floor":29},{"not_picked":["Coolheaded","Sweeping Beam"],"picked":"Self Repair","floor":30},{"not_picked":["Darkness+1","Sunder+1"],"picked":"Go for the Eyes","floor":32}],"player_experience":333964,"relics_obtained":[{"floor":9,"key":"Oddly Smooth Stone"},{"floor":13,"key":"Orichalcum"},{"floor":24,"key":"Juzu Bracelet"},{"floor":26,"key":"Vajra"},{"floor":29,"key":"Happy Flower"}],"event_choices":[{"damage_healed":0,"gold_gain":0,"player_choice":"Left Gold","damage_taken":0,"max_hp_gain":0,"max_hp_loss":0,"event_name":"World of Goop","floor":5,"gold_loss":31},{"damage_healed":0,"gold_gain":0,"player_choice":"Ignored","damage_taken":0,"max_hp_gain":0,"max_hp_loss":0,"event_name":"Shining Light","floor":7,"gold_loss":0},{"damage_healed":0,"gold_gain":0,"player_choice":"","damage_taken":8,"max_hp_gain":0,"max_hp_loss":0,"event_name":"Knowing Skull","floor":22,"potions_obtained":[],"gold_loss":0,"cards_obtained":[]},{"damage_healed":0,"gold_gain":0,"cards_transformed":["Strike_B","Strike_B"],"player_choice":"Became Test Subject","damage_taken":0,"max_hp_gain":0,"max_hp_loss":0,"event_name":"Drug Dealer","floor":27,"gold_loss":0,"cards_obtained":["Barrage","Core Surge"]},{"damage_healed":0,"gold_gain":0,"player_choice":"Ignored","damage_taken":0,"max_hp_gain":0,"max_hp_loss":0,"event_name":"Beggar","floor":28,"gold_loss":0}],"is_beta":false,"boss_relics":[{"not_picked":["Astrolabe","Empty Cage"],"picked":"Philosopher\u0027s Stone"}],"items_purged_floors":[],"is_endless":false,"potions_floor_spawned":[2,3,12,19,30],"killed_by":"Champ","ascension_level":0}