{"gold_per_floor":[12,22,22,32,42,42,74,74,74,74,94,19,19,44,44,118,118,132,204,215,215,62,62,62,89,89,89,100,132,132,161,161,234,234,246,259,259,259,270,270,303,303,328,354,372,397,397,411,411,411,411,411,411,107,140,140],"floor_reached":57,"playtime":2358,"items_purged":["Strike_G","Strike_G"],"score":3562,"play_id":"37e5d621-77a3-41b7-9382-9b95e3595a72","local_time":"20190816005642","is_ascension_mode":true,"campfire_choices":[{"data":"Flechettes","floor":6.0,"key":"SMITH"},{"data":"Deadly Poison","floor":10.0,"key":"SMITH"},{"data":"Well Laid Plans","floor":13.0,"key":"SMITH"},{"data":"Neutralize","floor":15.0,"key":"SMITH"},{"data":"Doppelganger","floor":23.0,"key":"SMITH"},{"data":"Burst","floor":30.0,"key":"SMITH"},{"data":"Tactician","floor":32.0,"key":"SMITH"},{"data":"Acrobatics","floor":40.0,"key":"SMITH"},{"data":"Deep Breath","floor":42.0,"key":"SMITH"},{"floor":49,"key":"RECALL"},{"data":"1","floor":53,"key":"LIFT"}],"neow_cost":"NO_GOLD","seed_source_timestamp":75085119971551,"circlet_count":0,"master_deck":["AscendersBane","Defend_G+1","Defend_G+1","Defend_G+1","Survivor+1","Neutralize+1","Deadly Poison+1","Adrenaline+1","Well Laid Plans+1","Doppelganger+1","Flechettes+1","Acrobatics+1","Reflex+1","Backflip+1","Burst+1","Tactician+1","Acrobatics+1","Prepared+1","Purity+1","Deep Breath+1","Calculated Gamble+1"],"special_seed":0,"relics":["Ring of the Snake","Blue Candle","Bottled Lightning","Dream Catcher","Philosopher\u0027s Stone","Letter Opener","Ninja Scroll","Girya","Molten Egg 2","Empty Cage","Calipers","Potion Belt","Blood Vial","Dodecahedron","Mark of the Bloom","Medical Kit","Bird Faced Urn"],"potions_floor_usage":[56,56],"damage_taken":[{"damage":0.0,"enemies":"2 Louse","floor":1.0,"turns":4.0},{"damage":1.0,"enemies":"Cultist","floor":2.0,"turns":4.0},{"damage":9.0,"enemies":"Small Slimes","floor":4.0,"turns":4.0},{"damage":1.0,"enemies":"Red Slaver","floor":5.0,"turns":4.0},{"damage":21.0,"enemies":"Lagavulin","floor":7.0,"turns":6.0},{"damage":1.0,"enemies":"Blue Slaver","floor":11.0,"turns":2.0},{"damage":17.0,"enemies":"3 Sentries","floor":14.0,"turns":9.0},{"damage":0.0,"enemies":"The Guardian","floor":16.0,"turns":10.0},{"damage":0.0,"enemies":"Chosen","floor":18.0,"turns":3.0},{"damage":3.0,"enemies":"Shell Parasite","floor":20.0,"turns":4.0},{"damage":0.0,"enemies":"Gremlin Leader","floor":25.0,"turns":4.0},{"damage":0.0,"enemies":"Cultist and Chosen","floor":28.0,"turns":4.0},{"damage":0.0,"enemies":"Book of Stabbing","floor":29.0,"turns":3.0},{"damage":0.0,"enemies":"Gremlin Leader","floor":31.0,"turns":3.0},{"damage":0.0,"enemies":"Champ","floor":33.0,"turns":5.0},{"damage":0.0,"enemies":"3 Darklings","floor":35.0,"turns":2.0},{"damage":0.0,"enemies":"3 Shapes","floor":36.0,"turns":2.0},{"damage":0.0,"enemies":"Maw","floor":39.0,"turns":2.0},{"damage":0.0,"enemies":"Nemesis","floor":41.0,"turns":2.0},{"damage":0.0,"enemies":"Giant Head","floor":44.0,"turns":2.0},{"damage":0.0,"enemies":"Jaw Worm Horde","floor":45.0,"turns":2.0},{"damage":0.0,"enemies":"Reptomancer","floor":46.0,"turns":2.0},{"damage":0,"enemies":"Spire Growth","floor":48,"turns":1},{"damage":0,"enemies":"Awakened One","floor":50,"turns":2},{"damage":0,"enemies":"Donu and Deca","floor":51,"turns":2},{"damage":0,"enemies":"Shield and Spear","floor":55,"turns":1},{"damage":0,"enemies":"The Heart","floor":56,"turns":4}],"seed_played":"-8464377319949364663","potions_obtained":[{"floor":1.0,"key":"LiquidBronze"},{"floor":5.0,"key":"Swift Potion"},{"floor":11.0,"key":"Ancient Potion"},{"floor":25.0,"key":"GamblersBrew"},{"floor":29.0,"key":"SkillPotion"},{"floor":39.0,"key":"Poison Potion"},{"floor":45.0,"key":"SkillPotion"},{"floor":48,"key":"GamblersBrew"}],"is_trial":false,"path_per_floor":["M","M","?","M","M","R","E","?","T","R","M","$","R","E","R","B",null,"M","T","M","?","$","R","$","E","T","$","M","E","R","E","R","B",null,"M","M","?","?","M","R","E","R","T","E","M","E","?","M","R","B","B",null,"R","$","E","B",null],"character_chosen":"THE_SILENT","items_purchased":["SkillPotion","Medical Kit","GhostInAJar"],"campfire_rested":0,"item_purchase_floors":[22,54,54],"current_hp_per_floor":[59,58,58,49,48,48,27,27,27,27,26,26,26,9,9,9,52,52,52,49,49,49,49,49,49,49,49,49,49,49,49,49,49,62,62,62,52,52,52,52,52,52,52,52,54,56,56,56,56,56,56,56,56,56,56,56],"gold":140,"neow_bonus":"REMOVE_TWO","is_prod":false,"is_daily":false,"chose_seed":false,"campfire_upgraded":9,"win_rate":0,"timestamp":1565884602,"path_taken":["M","M","?","M","?","R","E","?","T","R","M","$","R","E","R","BOSS","M","?","M","?","$","R","?","E","T","?","M","E","R","E","R","BOSS","M","M","?","?","M","R","E","R","T","E","M","E","?","M","R","BOSS","BOSS","R","$","E","BOSS"],"build_version":"2019-07-17","purchased_purges":2,"victory":true,"max_hp_per_floor":[66,66,66,66,66,66,66,66,66,66,66,66,66,66,66,66,66,66,66,66,66,66,66,66,66,66,66,66,66,66,66,66,66,66,66,66,66,63,63,63,63,63,63,63,63,63,63,63,63,63,63,63,63,63,63,63],"card_choices":[{"not_picked":["Dash","Underhanded Strike","Deflect"],"picked":"SKIP","floor":1.0},{"not_picked":["Skewer","Dagger Throw"],"picked":"Deadly Poison","floor":2.0},{"not_picked":["Outmaneuver","Slice","Doppelganger"],"picked":"SKIP","floor":4.0},{"not_picked":["Outmaneuver","Slice"],"picked":"Doppelganger","floor":4.0},{"not_picked":["Catalyst","Deflect"],"picked":"Flechettes","floor":5.0},{"not_picked":["Poisoned Stab","Terror","Outmaneuver"],"picked":"SKIP","floor":7.0},{"not_picked":["Acrobatics","Heel Hook"],"picked":"Reflex","floor":11.0},{"not_picked":["Backflip","Poisoned Stab","Infinite Blades"],"picked":"SKIP","floor":14.0},{"not_picked":["Poisoned Stab","Infinite Blades"],"picked":"Backflip","floor":14.0},{"not_picked":["Glass Knife","Grand Finale"],"picked":"Burst","floor":16.0},{"not_picked":["Backflip","Dagger Throw","Masterful Stab"],"picked":"SKIP","floor":18.0},{"not_picked":["Prepared","Predator","Bane"],"picked":"SKIP","floor":20.0},{"not_picked":["Leg Sweep","Accuracy","Venomology"],"picked":"SKIP","floor":25.0},{"not_picked":["Deflect","Underhanded Strike","Dodge and Roll"],"picked":"SKIP","floor":28.0},{"not_picked":["Sucker Punch+1","Poisoned Stab","Cloak And Dagger"],"picked":"SKIP","floor":29.0},{"not_picked":["Backflip+1","Slice"],"picked":"Tactician","floor":31.0},{"not_picked":["Well Laid Plans","Predator+1"],"picked":"Acrobatics+1","floor":35.0},{"not_picked":["Prepared","Predator+1","Dagger Throw+1"],"picked":"SKIP","floor":36.0},{"not_picked":["Predator+1","Dagger Throw+1"],"picked":"Prepared","floor":36.0},{"not_picked":["Madness","Deep Breath"],"picked":"Purity","floor":37.0},{"not_picked":["Finesse","Mind Blast+1"],"picked":"Deep Breath","floor":37.0},{"not_picked":["Eviscerate+1","All Out Attack+1","Dagger Spray+1"],"picked":"SKIP","floor":39.0},{"not_picked":["Underhanded Strike+1","Catalyst","Poisoned Stab+1"],"picked":"SKIP","floor":41.0},{"not_picked":["Distraction","Poisoned Stab+1","Envenom"],"picked":"SKIP","floor":44.0},{"not_picked":["Concentrate+1","Blade Dance","Dagger Throw+1"],"picked":"SKIP","floor":45.0},{"not_picked":["Doppelganger","Distraction"],"picked":"Calculated Gamble","floor":46},{"not_picked":["All Out Attack+1","Cloak And Dagger","Noxious Fumes"],"picked":"SKIP","floor":48},{"not_picked":["Deadly Poison+1","Accuracy","Expertise"],"picked":"SKIP","floor":55}],"player_experience":900270,"relics_obtained":[{"floor":7.0,"key":"Blue Candle"},{"floor":9.0,"key":"Bottled Lightning"},{"floor":14.0,"key":"Dream Catcher"},{"floor":19.0,"key":"Letter Opener"},{"floor":25.0,"key":"Ninja Scroll"},{"floor":29.0,"key":"Girya"},{"floor":31.0,"key":"Molten Egg 2"},{"floor":41.0,"key":"Calipers"},{"floor":43.0,"key":"Potion Belt"},{"floor":44.0,"key":"Blood Vial"},{"floor":46,"key":"Dodecahedron"},{"floor":55,"key":"Bird Faced Urn"}],"event_choices":[{"damage_healed":0.0,"max_hp_gain":0.0,"max_hp_loss":0.0,"gold_gain":0.0,"event_name":"Match and Keep!","player_choice":"2 cards matched","floor":3.0,"gold_loss":0.0,"damage_taken":0.0,"cards_obtained":["Adrenaline","Well Laid Plans"]},{"damage_healed":0.0,"max_hp_gain":0.0,"max_hp_loss":0.0,"gold_gain":0.0,"cards_transformed":["Strike_G"],"event_name":"Transmorgrifier","player_choice":"Transformed","floor":8.0,"gold_loss":0.0,"damage_taken":0.0,"cards_obtained":["Acrobatics"]},{"damage_healed":0.0,"max_hp_gain":0.0,"max_hp_loss":0.0,"gold_gain":0.0,"event_name":"Vampires","player_choice":"Ignored","floor":21.0,"gold_loss":0.0,"damage_taken":0.0},{"damage_healed":0.0,"max_hp_gain":0.0,"max_hp_loss":0.0,"gold_gain":0.0,"event_name":"SensoryStone","player_choice":"Memory 3","floor":37.0,"gold_loss":0.0,"damage_taken":10.0},{"damage_healed":0.0,"max_hp_gain":0.0,"max_hp_loss":3.0,"gold_gain":0.0,"event_name":"Winding Halls","player_choice":"Max HP","floor":38.0,"gold_loss":0.0,"damage_taken":0.0},{"damage_healed":0,"gold_gain":0,"player_choice":"Upgrade","damage_taken":0,"relics_obtained":["Mark of the Bloom"],"max_hp_gain":0,"max_hp_loss":0,"event_name":"MindBloom","floor":47,"gold_loss":0,"cards_upgraded":["Defend_G","Defend_G","Defend_G","Survivor","Adrenaline","Reflex","Backflip","Prepared","Purity","Calculated Gamble"]}],"is_beta":false,"boss_relics":[{"not_picked":["HoveringKite","Black Star"],"picked":"Philosopher\u0027s Stone"},{"not_picked":["Runic Pyramid","Snecko Eye"],"picked":"Empty Cage"}],"items_purged_floors":[12,22],"is_endless":false,"potions_floor_spawned":[1,5,11,16,25,29,31,39,41,45,48,55],"ascension_level":20}