{"gold_per_floor":[217,237,162,162,178,212,212,62,87,87,106,106,181,216,216,293,293,308,98,98,113,113,141,160,160,160,175,204,222,249,269,269,342,342,353,127,127,127,146,173,173,207,219,241,272,297,342,369,381,393,405,417,429,112,137,137],"floor_reached":57,"playtime":3512,"items_purged":["Strike_R","Pain","Strike_R","Strike_R","Bash"],"score":3574,"play_id":"d7f2b41f-dee0-425f-a9f7-d6d241b1105d","local_time":"20190407190208","is_ascension_mode":true,"campfire_choices":[{"data":"Inflame","floor":7.0,"key":"SMITH"},{"data":"True Grit","floor":10.0,"key":"SMITH"},{"data":"Disarm","floor":12.0,"key":"SMITH"},{"data":"Power Through","floor":15.0,"key":"SMITH"},{"data":"Offering","floor":25.0,"key":"SMITH"},{"data":"Body Slam","floor":32.0,"key":"SMITH"},{"data":"Evolve","floor":41.0,"key":"SMITH"},{"floor":49,"key":"RECALL"},{"data":"Entrench","floor":53,"key":"SMITH"}],"neow_cost":"NONE","seed_source_timestamp":1501219513152456,"circlet_count":0,"master_deck":["AscendersBane","Defend_R","Defend_R","Defend_R","Defend_R+1","Inflame+1","True Grit+1","Disarm+1","Power Through+1","Offering+1","Battle Trance+1","Reckless Charge+1","Second Wind","Ghostly","Ghostly","Ghostly+1","Burning Pact","Seeing Red+1","Body Slam+1","Evolve+1","Entrench+1","Warcry+1","Barricade"],"special_seed":0,"relics":["Burning Blood","WarpedTongs","Art of War","Bag of Preparation","Gremlin Horn","Astrolabe","Bottled Tornado","PreservedInsect","Dodecahedron","Shuriken","Coffee Dripper","Question Card","MawBank","Toxic Egg 2","War Paint"],"potions_floor_usage":[56],"damage_taken":[{"damage":9.0,"enemies":"2 Louse","floor":1.0,"turns":3.0},{"damage":2.0,"enemies":"Cultist","floor":2.0,"turns":4.0},{"damage":12.0,"enemies":"Jaw Worm","floor":5.0,"turns":4.0},{"damage":46.0,"enemies":"3 Sentries","floor":6.0,"turns":9.0},{"damage":2.0,"enemies":"2 Fungi Beasts","floor":11.0,"turns":3.0},{"damage":11.0,"enemies":"Lagavulin","floor":14.0,"turns":6.0},{"damage":0.0,"enemies":"The Guardian","floor":16.0,"turns":15.0},{"damage":19.0,"enemies":"3 Byrds","floor":18.0,"turns":9.0},{"damage":1.0,"enemies":"Shell Parasite","floor":21.0,"turns":9.0},{"damage":1.0,"enemies":"Book of Stabbing","floor":23.0,"turns":9.0},{"damage":11.0,"enemies":"Snecko","floor":24.0,"turns":7.0},{"damage":4.0,"enemies":"3 Cultists","floor":27.0,"turns":6.0},{"damage":1.0,"enemies":"Gremlin Leader","floor":28.0,"turns":5.0},{"damage":6.0,"enemies":"Centurion and Healer","floor":29.0,"turns":6.0},{"damage":1.0,"enemies":"Slavers","floor":30.0,"turns":9.0},{"damage":1.0,"enemies":"Snake Plant","floor":31.0,"turns":3.0},{"damage":6.0,"enemies":"Collector","floor":33.0,"turns":11.0},{"damage":0.0,"enemies":"3 Darklings","floor":35.0,"turns":7.0},{"damage":1.0,"enemies":"3 Shapes","floor":39.0,"turns":4.0},{"damage":1.0,"enemies":"Reptomancer","floor":40.0,"turns":4.0},{"damage":1.0,"enemies":"Nemesis","floor":42.0,"turns":5.0},{"damage":1,"enemies":"Writhing Mass","floor":44,"turns":5},{"damage":1,"enemies":"Jaw Worm Horde","floor":45,"turns":5},{"damage":1,"enemies":"4 Shapes","floor":46,"turns":4},{"damage":1,"enemies":"Reptomancer","floor":47,"turns":5},{"damage":3,"enemies":"Sphere and 2 Shapes","floor":48,"turns":7},{"damage":1,"enemies":"Time Eater","floor":50,"turns":9},{"damage":6,"enemies":"Donu and Deca","floor":51,"turns":8},{"damage":6,"enemies":"Shield and Spear","floor":55,"turns":5},{"damage":6,"enemies":"The Heart","floor":56,"turns":6}],"seed_played":"-8967250356929049457","potions_obtained":[{"floor":1.0,"key":"Swift Potion"},{"floor":14.0,"key":"GamblersBrew"},{"floor":16.0,"key":"Swift Potion"},{"floor":23.0,"key":"PowerPotion"},{"floor":28.0,"key":"LiquidBronze"},{"floor":29.0,"key":"SkillPotion"},{"floor":35.0,"key":"Dexterity Potion"},{"floor":40.0,"key":"LiquidBronze"},{"floor":42.0,"key":"Dexterity Potion"},{"floor":55,"key":"GamblersBrew"}],"is_trial":false,"path_per_floor":["M","M","$","?","M","E","R","$","T","R","M","R","?","E","R","B",null,"M","$","?","M","?","E","M","R","T","M","E","M","E","M","R","B",null,"M","$","?","$","M","E","R","E","T","M","M","M","E","M","R","B","B",null,"R","$","E","B",null],"character_chosen":"IRONCLAD","items_purchased":["True Grit","Second Wind","Entrench","Barricade"],"campfire_rested":0,"item_purchase_floors":[8,19,36,54],"current_hp_per_floor":[65,69,69,69,63,23,23,23,23,23,27,27,16,11,11,17,61,48,48,37,37,37,37,32,32,32,34,37,37,37,37,37,37,37,37,37,37,37,37,37,37,37,37,37,37,37,37,37,37,37,37,37,37,37,37,37],"gold":137,"neow_bonus":"HUNDRED_GOLD","is_prod":false,"is_daily":false,"chose_seed":false,"campfire_upgraded":8,"win_rate":0,"timestamp":1554634928,"path_taken":["M","M","$","?","?","E","R","?","T","R","M","R","?","E","R","BOSS","M","$","?","M","?","E","M","R","T","M","E","M","E","M","R","BOSS","M","$","?","$","M","E","R","E","T","M","M","M","E","?","R","BOSS","BOSS","R","$","E","BOSS"],"build_version":"2019-04-04","purchased_purges":5,"victory":true,"max_hp_per_floor":[75,75,75,75,75,75,75,75,75,75,75,75,75,75,75,75,75,75,75,37,37,37,37,37,37,37,37,37,37,37,37,37,37,37,37,37,37,37,37,37,37,37,37,37,37,37,37,37,37,37,37,37,37,37,37,37],"card_choices":[{"not_picked":["Whirlwind","Rage"],"picked":"Inflame","floor":1.0},{"not_picked":["Cleave","Twin Strike","Armaments"],"picked":"SKIP","floor":2.0},{"not_picked":["Flex","Clothesline"],"picked":"Thunderclap","floor":5.0},{"not_picked":["Bloodletting","Spot Weakness","Infernal Blade"],"picked":"SKIP","floor":6.0},{"not_picked":["Perfected Strike","Pummel"],"picked":"Disarm","floor":11.0},{"not_picked":["Sword Boomerang","Carnage"],"picked":"Power Through","floor":14.0},{"not_picked":["Feed","Immolate"],"picked":"Offering","floor":16.0},{"not_picked":["Iron Wave","Fire Breathing","Clothesline"],"picked":"SKIP","floor":18.0},{"not_picked":["Metallicize","Iron Wave","Havoc+1"],"picked":"SKIP","floor":21.0},{"not_picked":["Cleave+1","Flex","Heavy Blade+1"],"picked":"SKIP","floor":23.0},{"not_picked":["Fire Breathing+1","Burning Pact","Second Wind"],"picked":"SKIP","floor":24.0},{"not_picked":["Uppercut","Blood for Blood"],"picked":"Seeing Red+1","floor":27.0},{"not_picked":["Berserk","Pummel","Second Wind"],"picked":"SKIP","floor":28.0},{"not_picked":["Armaments","Twin Strike","Pummel"],"picked":"SKIP","floor":29.0},{"not_picked":["Flex","Sword Boomerang","Infernal Blade"],"picked":"SKIP","floor":30.0},{"not_picked":["Feed","Rage"],"picked":"Body Slam","floor":31.0},{"not_picked":["True Grit","Iron Wave"],"picked":"Evolve","floor":35.0},{"not_picked":["Dual Wield","Flame Barrier","Body Slam+1"],"picked":"SKIP","floor":39.0},{"not_picked":["Headbutt","Havoc","Metallicize"],"picked":"SKIP","floor":40.0},{"not_picked":["Uppercut+1","Warcry","Twin Strike","Body Slam"],"picked":"SKIP","floor":42.0},{"not_picked":["Sword Boomerang","Pommel Strike","Flame Barrier+1","True Grit"],"picked":"SKIP","floor":44},{"not_picked":["Sever Soul+1","Havoc","Armaments","Metallicize"],"picked":"SKIP","floor":45},{"not_picked":["Fire Breathing","Anger","Seeing Red"],"picked":"Warcry+1","floor":46},{"not_picked":["Sword Boomerang","Warcry+1","Disarm","Corruption"],"picked":"SKIP","floor":47},{"not_picked":["Evolve","Thunderclap","Headbutt+1","Metallicize"],"picked":"SKIP","floor":48},{"not_picked":["Clash+1","Impervious+1","Headbutt","Shrug It Off+1"],"picked":"SKIP","floor":55}],"player_experience":3008638,"relics_obtained":[{"floor":6.0,"key":"Art of War"},{"floor":9.0,"key":"Bag of Preparation"},{"floor":14.0,"key":"Gremlin Horn"},{"floor":23.0,"key":"Bottled Tornado"},{"floor":26.0,"key":"PreservedInsect"},{"floor":28.0,"key":"Dodecahedron"},{"floor":30.0,"key":"Shuriken"},{"floor":40.0,"key":"Question Card"},{"floor":42.0,"key":"MawBank"},{"floor":47,"key":"Toxic Egg 2"},{"floor":55,"key":"War Paint"}],"event_choices":[{"damage_healed":0.0,"max_hp_gain":0.0,"max_hp_loss":0.0,"gold_gain":0.0,"event_name":"Accursed Blacksmith","player_choice":"Rummage","floor":4.0,"gold_loss":0.0,"damage_taken":0.0,"relics_obtained":["WarpedTongs"],"cards_obtained":["Pain"]},{"damage_healed":0.0,"max_hp_gain":0.0,"max_hp_loss":0.0,"gold_gain":75.0,"event_name":"World of Goop","player_choice":"Gather Gold","floor":13.0,"gold_loss":0.0,"damage_taken":11.0},{"damage_healed":0.0,"max_hp_gain":0.0,"max_hp_loss":38.0,"gold_gain":0.0,"event_name":"Ghosts","player_choice":"Became a Ghost","floor":20.0,"gold_loss":0.0,"damage_taken":0.0,"cards_obtained":["Ghostly","Ghostly","Ghostly"]},{"damage_healed":0.0,"max_hp_gain":0.0,"max_hp_loss":0.0,"gold_gain":0.0,"event_name":"The Library","player_choice":"Read","floor":22.0,"gold_loss":0.0,"damage_taken":0.0,"cards_obtained":["Burning Pact"]},{"cards_removed":["Headbutt"],"damage_healed":0.0,"max_hp_gain":0.0,"max_hp_loss":0.0,"gold_gain":0.0,"event_name":"Purifier","player_choice":"Purged","floor":37.0,"gold_loss":0.0,"damage_taken":0.0}],"is_beta":true,"boss_relics":[{"not_picked":["Lizard Tail","Sozu"],"picked":"Astrolabe"},{"not_picked":["Runic Pyramid","Runic Dome"],"picked":"Coffee Dripper"}],"items_purged_floors":[3,8,19,36,54],"is_endless":false,"potions_floor_spawned":[1,14,16,23,28,29,35,40,42,44,46,48,55],"ascension_level":20}