{"gold_per_floor":[119,138,158,158,172,188,188,198,198,198,218,65,65,75,75,170,170,190,205,15,15,0,12,12,12,12,22,56,56,72,72],"floor_reached":31,"playtime":2286,"items_purged":["Strike_R","Strike_R"],"score":278,"play_id":"233ee144-a278-4229-adf8-e3dece36d77e","local_time":"20190917010846","is_ascension_mode":false,"campfire_choices":[{"data":"Armaments","floor":7,"key":"SMITH"},{"floor":10,"key":"REST"},{"floor":13,"key":"REST"},{"data":"Double Tap","floor":15,"key":"SMITH"},{"floor":25,"key":"REST"}],"neow_cost":"NONE","seed_source_timestamp":1755440748284700,"circlet_count":0,"master_deck":["Strike_R","Strike_R","Defend_R+1","Defend_R","Defend_R","Defend_R+1","Bash","Armaments+1","Sword Boomerang","Body Slam","Carnage","Shrug It Off","Double Tap+1","Impervious","Demon Form+1","Heavy Blade","Panacea","Battle Trance","Limit Break"],"relics":["Burning Blood","War Paint","Cursed Key","Pear","SsserpentHead"],"potions_floor_usage":[16,28,31,31,31],"damage_taken":[{"damage":0,"enemies":"2 Louse","floor":1,"turns":4},{"damage":4,"enemies":"Cultist","floor":2,"turns":4},{"damage":8,"enemies":"Small Slimes","floor":3,"turns":3},{"damage":21,"enemies":"Gremlin Gang","floor":5,"turns":6},{"damage":0,"enemies":"Looter","floor":6,"turns":4},{"damage":43,"enemies":"Exordium Thugs","floor":8,"turns":8},{"damage":15,"enemies":"Gremlin Gang","floor":11,"turns":6},{"damage":11,"enemies":"3 Louse","floor":14,"turns":4},{"damage":33,"enemies":"Hexaghost","floor":16,"turns":13},{"damage":27,"enemies":"2 Thieves","floor":18,"turns":5},{"damage":21,"enemies":"Chosen","floor":19,"turns":5},{"damage":15,"enemies":"Snake Plant","floor":21,"turns":4},{"damage":7,"enemies":"Sentry and Sphere","floor":23,"turns":5},{"damage":4,"enemies":"Snecko","floor":27,"turns":4},{"damage":52,"enemies":"Slavers","floor":28,"turns":9},{"damage":23,"enemies":"Centurion and Healer","floor":30,"turns":5},{"damage":11,"enemies":"Sentry and Sphere","floor":31,"turns":3}],"seed_played":"-3797374306932908586","potions_obtained":[{"floor":2,"key":"Poison Potion"},{"floor":6,"key":"SkillPotion"},{"floor":16,"key":"Dexterity Potion"},{"floor":19,"key":"PowerPotion"},{"floor":28,"key":"FearPotion"}],"is_trial":false,"path_per_floor":["M","M","M","?","M","M","R","M","T","R","M","$","R","M","R","B",null,"M","M","$","M","?","M","?","R","T","M","E","?","M","M"],"character_chosen":"IRONCLAD","items_purchased":["Impervious","Panacea"],"campfire_rested":3,"item_purchase_floors":[12,20],"current_hp_per_floor":[80,80,78,78,63,69,69,32,32,56,47,47,71,66,66,39,80,59,44,44,35,35,34,34,58,58,60,24,24,7,0],"gold":72,"neow_bonus":"THREE_CARDS","is_prod":false,"is_daily":false,"chose_seed":false,"campfire_upgraded":2,"win_rate":0.0,"timestamp":1568696926,"path_taken":["M","M","M","?","M","M","R","?","T","R","M","$","R","M","R","BOSS","M","M","$","M","?","M","?","R","T","?","E","?","M","M"],"build_version":"2019-07-17","purchased_purges":2,"victory":false,"max_hp_per_floor":[80,80,80,80,80,80,80,80,80,80,80,80,80,80,80,80,80,80,80,80,80,80,80,80,80,80,80,90,90,90,90],"card_choices":[{"not_picked":["Flex","Reckless Charge"],"picked":"Armaments","floor":0},{"not_picked":["Pommel Strike","Pummel","Flex"],"picked":"SKIP","floor":1},{"not_picked":["Heavy Blade","Sword Boomerang","Flex"],"picked":"SKIP","floor":2},{"not_picked":["True Grit","Heavy Blade"],"picked":"Sword Boomerang","floor":3},{"not_picked":["Warcry","Anger"],"picked":"Body Slam","floor":5},{"not_picked":["Pommel Strike","Cleave"],"picked":"Carnage","floor":6},{"not_picked":["Sever Soul","Second Wind"],"picked":"Shrug It Off","floor":8},{"not_picked":["Warcry","Cleave"],"picked":"Double Tap","floor":11},{"not_picked":["Searing Blow","Anger","Thunderclap"],"picked":"SKIP","floor":14},{"not_picked":["Bludgeon","Offering"],"picked":"Demon Form","floor":16},{"not_picked":["Body Slam","Headbutt","Disarm"],"picked":"SKIP","floor":18},{"not_picked":["Carnage","Shrug It Off"],"picked":"Heavy Blade","floor":19},{"not_picked":["Metallicize","Shrug It Off","Sword Boomerang"],"picked":"SKIP","floor":21},{"not_picked":["Shrug It Off+1","Second Wind","Iron Wave"],"picked":"SKIP","floor":23},{"not_picked":["Shrug It Off","Uppercut"],"picked":"Battle Trance","floor":27},{"not_picked":["Intimidate","Metallicize"],"picked":"Limit Break","floor":28},{"not_picked":["Anger","True Grit","Warcry"],"picked":"SKIP","floor":30}],"player_experience":15271,"relics_obtained":[{"floor":9,"key":"War Paint"},{"floor":28,"key":"Pear"}],"event_choices":[{"cards_removed":["Strike_R"],"damage_healed":0,"gold_gain":0,"player_choice":"Purged","damage_taken":0,"max_hp_gain":0,"max_hp_loss":0,"event_name":"Purifier","floor":4,"gold_loss":0},{"damage_healed":0,"gold_gain":0,"player_choice":"Paid Fearfully","damage_taken":0,"max_hp_gain":0,"max_hp_loss":0,"event_name":"Masked Bandits","floor":22,"gold_loss":15},{"damage_healed":0,"gold_gain":0,"player_choice":"Forge","damage_taken":0,"max_hp_gain":0,"max_hp_loss":0,"event_name":"Accursed Blacksmith","floor":24,"gold_loss":0,"cards_upgraded":["Demon Form"]},{"damage_healed":0,"gold_gain":0,"player_choice":"Trade","damage_taken":0,"relics_obtained":["SsserpentHead"],"max_hp_gain":0,"max_hp_loss":0,"event_name":"FaceTrader","floor":29,"gold_loss":0}],"is_beta":false,"boss_relics":[{"not_picked":["Snecko Eye","Coffee Dripper"],"picked":"Cursed Key"}],"items_purged_floors":[12,20],"is_endless":false,"potions_floor_spawned":[2,6,16,19,27,28,30],"killed_by":"Sentry and Sphere","ascension_level":0}