{"gold_per_floor":[115,131,131,78,92,111,124,124,124,124,153,153,169,189,189,293,293,312,329,529,543,556,591,591,591,618,618,628,419,435,211,211,312,312,332,351,370,168,181,181,199,199,252,162,172,191,191,191,191,191],"floor_reached":50,"playtime":2005,"items_purged":[],"score":470,"play_id":"1fd80f3b-b70f-4789-810a-3ef880201977","local_time":"20190919224246","is_ascension_mode":false,"campfire_choices":[{"data":"Perfected Strike","floor":8,"key":"SMITH"},{"data":"Perfected Strike","floor":10,"key":"SMITH"},{"data":"Armaments","floor":12,"key":"SMITH"},{"data":"Shrug It Off","floor":15,"key":"SMITH"},{"floor":25,"key":"REST"},{"floor":27,"key":"REST"},{"floor":32,"key":"REST"},{"floor":40,"key":"REST"},{"data":"Perfected Strike","floor":42,"key":"SMITH"},{"floor":49,"key":"REST"}],"neow_cost":"NONE","seed_source_timestamp":2006159325520100,"circlet_count":0,"master_deck":["Strike_R","Strike_R","Strike_R","Strike_R","Strike_R","Defend_R","Defend_R","Defend_R+1","Defend_R","Bash+1","Perfected Strike+1","Twin Strike","Shrug It Off+1","Twin Strike+1","Pommel Strike","Perfected Strike+1","Armaments+1","Pommel Strike","Shrug It Off+1","Perfected Strike+1","Pommel Strike"],"relics":["Burning Blood","NeowsBlessing","Oddly Smooth Stone","Whetstone","Runic Dome","Frozen Egg 2","PreservedInsect","TheAbacus","Vajra","Velvet Choker","ClockworkSouvenir","Blood Vial"],"potions_floor_usage":[16,23,33,33,33,33,33,45,50,50,50],"damage_taken":[{"damage":0,"enemies":"Jaw Worm","floor":1,"turns":1},{"damage":0,"enemies":"Cultist","floor":2,"turns":1},{"damage":0,"enemies":"Small Slimes","floor":5,"turns":1},{"damage":15,"enemies":"Exordium Thugs","floor":6,"turns":4},{"damage":5,"enemies":"Gremlin Gang","floor":7,"turns":5},{"damage":6,"enemies":"3 Sentries","floor":11,"turns":4},{"damage":0,"enemies":"2 Fungi Beasts","floor":13,"turns":2},{"damage":2,"enemies":"Red Slaver","floor":14,"turns":3},{"damage":36,"enemies":"Hexaghost","floor":16,"turns":7},{"damage":0,"enemies":"Spheric Guardian","floor":18,"turns":2},{"damage":12,"enemies":"Shell Parasite","floor":19,"turns":3},{"damage":10,"enemies":"Shelled Parasite and Fungi","floor":21,"turns":4},{"damage":18,"enemies":"Snake Plant","floor":22,"turns":3},{"damage":42,"enemies":"Slavers","floor":23,"turns":6},{"damage":14,"enemies":"Centurion and Healer","floor":28,"turns":4},{"damage":0,"enemies":"Chosen and Byrds","floor":30,"turns":6},{"damage":77,"enemies":"Collector","floor":33,"turns":6},{"damage":21,"enemies":"3 Darklings","floor":35,"turns":4},{"damage":0,"enemies":"3 Shapes","floor":36,"turns":3},{"damage":34,"enemies":"Maw","floor":37,"turns":7},{"damage":0,"enemies":"Writhing Mass","floor":39,"turns":4},{"damage":12,"enemies":"Jaw Worm Horde","floor":41,"turns":4},{"damage":23,"enemies":"Maw","floor":45,"turns":5},{"damage":1,"enemies":"Sphere and 2 Shapes","floor":46,"turns":3},{"damage":94,"enemies":"Time Eater","floor":50,"turns":9}],"seed_played":"-5657637142083105705","potions_obtained":[{"floor":5,"key":"Regen Potion"},{"floor":6,"key":"Strength Potion"},{"floor":11,"key":"EntropicBrew"},{"floor":16,"key":"PowerPotion"},{"floor":30,"key":"SpeedPotion"},{"floor":37,"key":"PowerPotion"},{"floor":39,"key":"Poison Potion"},{"floor":45,"key":"Explosive Potion"},{"floor":46,"key":"Dexterity Potion"}],"is_trial":false,"path_per_floor":["M","M","?","$","M","M","M","R","T","R","E","R","M","M","R","B",null,"M","M","?","M","M","E","?","R","T","R","M","$","M","$","R","B",null,"M","M","M","$","M","R","M","R","T","?","M","M","?","?","R","B"],"character_chosen":"IRONCLAD","items_purchased":["Shrug It Off","TheAbacus","Vajra","Inflame+1","ClockworkSouvenir"],"campfire_rested":5,"item_purchase_floors":[4,29,31,31,38],"current_hp_per_floor":[80,80,72,72,78,69,70,70,70,70,70,70,76,80,80,60,80,80,74,74,70,58,22,22,46,46,70,62,62,68,68,80,9,80,65,71,43,43,49,73,67,67,67,67,52,59,59,59,77,0],"gold":191,"neow_bonus":"THREE_ENEMY_KILL","is_prod":false,"is_daily":false,"chose_seed":false,"campfire_upgraded":5,"win_rate":0,"timestamp":1568947366,"path_taken":["M","M","?","$","M","M","M","R","T","R","E","R","?","M","R","BOSS","M","M","?","M","?","E","?","R","T","R","M","$","M","$","R","BOSS","M","M","M","$","?","R","M","R","T","?","?","M","?","?","R","BOSS"],"build_version":"2019-07-17","purchased_purges":0,"victory":false,"max_hp_per_floor":[80,80,80,80,80,80,80,80,80,80,80,80,80,80,80,80,80,80,80,80,80,80,80,80,80,80,80,80,80,80,80,80,80,80,80,80,80,80,80,80,80,80,80,77,77,77,77,77,77,77],"card_choices":[{"not_picked":["Flex","Rage"],"picked":"Perfected Strike","floor":1},{"not_picked":["Clothesline","Iron Wave"],"picked":"Twin Strike","floor":2},{"not_picked":["Thunderclap","Body Slam"],"picked":"Twin Strike","floor":5},{"not_picked":["Seeing Red","True Grit"],"picked":"Pommel Strike","floor":6},{"not_picked":["Sword Boomerang","Shockwave"],"picked":"Perfected Strike","floor":7},{"not_picked":["True Grit","Dropkick"],"picked":"Armaments","floor":11},{"not_picked":["Warcry","Armaments"],"picked":"Pommel Strike","floor":13},{"not_picked":["Anger","Armaments","Barricade"],"picked":"SKIP","floor":14},{"not_picked":["Thunderclap+1","Sever Soul","Iron Wave"],"picked":"SKIP","floor":18},{"not_picked":["Flex","Body Slam","Dropkick"],"picked":"SKIP","floor":19},{"not_picked":["Rampage","Anger","Cleave"],"picked":"SKIP","floor":21},{"not_picked":["Metallicize+1","Wild Strike"],"picked":"Shrug It Off","floor":22},{"not_picked":["Dark Embrace","Clothesline","Headbutt"],"picked":"SKIP","floor":23},{"not_picked":["Dual Wield+1","Battle Trance","Cleave"],"picked":"SKIP","floor":28},{"not_picked":["Thunderclap+1","Pommel Strike+1","Havoc"],"picked":"SKIP","floor":30},{"not_picked":["Iron Wave","Infernal Blade+1","Sever Soul"],"picked":"SKIP","floor":35},{"not_picked":["Heavy Blade+1","Havoc","Iron Wave"],"picked":"SKIP","floor":36},{"not_picked":["Body Slam","Limit Break","Clash"],"picked":"SKIP","floor":37},{"not_picked":["Iron Wave","Power Through"],"picked":"Perfected Strike","floor":39},{"not_picked":["Warcry","Clothesline+1","Spot Weakness"],"picked":"SKIP","floor":41},{"not_picked":["Armaments+1","Iron Wave+1"],"picked":"Pommel Strike","floor":45},{"not_picked":["Burning Pact+1","Sword Boomerang+1","Immolate"],"picked":"SKIP","floor":46}],"player_experience":116941,"relics_obtained":[{"floor":9,"key":"Oddly Smooth Stone"},{"floor":11,"key":"Whetstone"},{"floor":23,"key":"Frozen Egg 2"},{"floor":26,"key":"PreservedInsect"},{"floor":43,"key":"Blood Vial"}],"event_choices":[{"damage_healed":0,"gold_gain":0,"player_choice":"Damaged","damage_taken":8,"max_hp_gain":0,"max_hp_loss":0,"event_name":"Wheel of Change","floor":3,"gold_loss":0},{"damage_healed":0,"gold_gain":250,"player_choice":"Bet on Owner","damage_taken":0,"max_hp_gain":0,"max_hp_loss":0,"event_name":"The Joust","floor":20,"gold_loss":50},{"damage_healed":0,"gold_gain":0,"player_choice":"Got Potions","damage_taken":0,"max_hp_gain":0,"max_hp_loss":0,"event_name":"Lab","floor":24,"gold_loss":0},{"cards_removed":["Parasite"],"damage_healed":0,"gold_gain":0,"player_choice":"Upgrade and Remove","damage_taken":0,"max_hp_gain":0,"max_hp_loss":0,"event_name":"Designer","floor":44,"gold_loss":90,"cards_upgraded":["Defend_R"]},{"cards_removed":["Inflame"],"damage_healed":0,"gold_gain":0,"player_choice":"Removed Power","damage_taken":0,"max_hp_gain":0,"max_hp_loss":0,"event_name":"Falling","floor":47,"gold_loss":0},{"damage_healed":0,"gold_gain":0,"player_choice":"Upgraded","damage_taken":0,"max_hp_gain":0,"max_hp_loss":0,"event_name":"Upgrade Shrine","floor":48,"gold_loss":0,"cards_upgraded":["Shrug It Off"]}],"is_beta":false,"boss_relics":[{"not_picked":["Calling Bell","Runic Cube"],"picked":"Runic Dome"},{"not_picked":["Tiny House","Pandora\u0027s Box"],"picked":"Velvet Choker"}],"items_purged_floors":[],"is_endless":false,"potions_floor_spawned":[5,6,11,16,19,22,30,37,39,45,46],"killed_by":"Time Eater","ascension_level":0}