{"gold_per_floor":[115,215,226,236,252,282,294,324,396,424,424,442,442,501,501,579,629,642,642,532,544,406,436,452,483,483,483,499,499,527,447,447,522,522,535,549,326,378,378,378,378,405,452,482,492,492,512,544,544,544,544,544,544,35,63,63],"floor_reached":57,"playtime":2092,"items_purged":["Deflect","Backstab","Grand Finale"],"score":3986,"play_id":"fd88d38c-9f52-4530-80b0-53613a55d18a","local_time":"20190828231625","daily_mods":["SealedDeck"],"is_ascension_mode":true,"campfire_choices":[{"data":"Tactician","floor":11.0,"key":"SMITH"},{"data":"Reflex","floor":13.0,"key":"SMITH"},{"data":"Prepared","floor":15.0,"key":"SMITH"},{"data":"Calculated Gamble","floor":29,"key":"SMITH"},{"data":"Acrobatics","floor":32,"key":"SMITH"},{"floor":40,"key":"RECALL"},{"data":"Footwork","floor":46,"key":"SMITH"},{"data":"Panacea","floor":49,"key":"SMITH"},{"data":"Flechettes","floor":53,"key":"SMITH"}],"neow_cost":"","seed_source_timestamp":0,"circlet_count":0,"master_deck":["AscendersBane","Flechettes+1","PiercingWail","Acrobatics+1","Backflip","Reflex+1","Escape Plan+1","Well Laid Plans+1","Tactician+1","Prepared+1","Calculated Gamble+1","Panacea+1","Footwork+1"],"special_seed":0,"relics":["Ring of the Snake","Meat on the Bone","FossilizedHelix","The Courier","Mango","Strawberry","Tiny House","Bag of Preparation","Kunai","Snake Skull","Sozu","Mummified Hand","Nunchaku","Bottled Flame","PreservedInsect","Calipers","Question Card","Blue Candle","Bottled Tornado","Happy Flower"],"potions_floor_usage":[56],"damage_taken":[{"damage":0.0,"enemies":"Jaw Worm","floor":1.0,"turns":2.0},{"damage":0.0,"enemies":"Cultist","floor":3.0,"turns":2.0},{"damage":0.0,"enemies":"2 Louse","floor":4.0,"turns":1.0},{"damage":0.0,"enemies":"Exordium Wildlife","floor":5.0,"turns":2.0},{"damage":0.0,"enemies":"Lagavulin","floor":6.0,"turns":4.0},{"damage":9.0,"enemies":"Blue Slaver","floor":7.0,"turns":2.0},{"damage":0.0,"enemies":"3 Sentries","floor":8.0,"turns":6.0},{"damage":0.0,"enemies":"Lagavulin","floor":10.0,"turns":3.0},{"damage":0.0,"enemies":"Exordium Thugs","floor":12.0,"turns":2.0},{"damage":0.0,"enemies":"3 Sentries","floor":14.0,"turns":1.0},{"damage":0.0,"enemies":"Slime Boss","floor":16.0,"turns":1.0},{"damage":0.0,"enemies":"Chosen","floor":18.0,"turns":1.0},{"damage":0.0,"enemies":"2 Thieves","floor":21.0,"turns":1.0},{"damage":0.0,"enemies":"Gremlin Leader","floor":23.0,"turns":1.0},{"damage":0.0,"enemies":"Snecko","floor":24.0,"turns":1.0},{"damage":0.0,"enemies":"Slavers","floor":25.0,"turns":1.0},{"damage":0,"enemies":"3 Cultists","floor":28,"turns":1},{"damage":0,"enemies":"Gremlin Leader","floor":30,"turns":1},{"damage":0,"enemies":"Collector","floor":33,"turns":1},{"damage":0,"enemies":"3 Shapes","floor":35,"turns":1},{"damage":0,"enemies":"Orb Walker","floor":36,"turns":1},{"damage":0,"enemies":"2 Orb Walkers","floor":38,"turns":1},{"damage":0,"enemies":"Giant Head","floor":42,"turns":1},{"damage":0,"enemies":"Reptomancer","floor":44,"turns":1},{"damage":0,"enemies":"Spire Growth","floor":45,"turns":1},{"damage":0,"enemies":"4 Shapes","floor":47,"turns":1},{"damage":0,"enemies":"Giant Head","floor":48,"turns":1},{"damage":0,"enemies":"Time Eater","floor":50,"turns":3},{"damage":0,"enemies":"Awakened One","floor":51,"turns":2},{"damage":0,"enemies":"Shield and Spear","floor":55,"turns":1},{"damage":0,"enemies":"The Heart","floor":56,"turns":4}],"seed_played":"-1100629567788805245","potions_obtained":[{"floor":1.0,"key":"PowerPotion"},{"floor":8.0,"key":"Block Potion"},{"floor":14.0,"key":"Swift Potion"},{"floor":16.0,"key":"Ancient Potion"},{"floor":25.0,"key":"GamblersBrew"}],"is_trial":true,"path_per_floor":["M","?","M","M","M","E","M","E","T","E","R","M","R","?","R","B",null,"M","?","?","M","$","E","M","E","T","?","M","R","E","$","R","B",null,"M","M","$","?","?","R","?","E","T","E","M","R","M","E","R","B","B",null,"R","$","E","B",null],"character_chosen":"THE_SILENT","items_purchased":["Panacea","Mummified Hand","Blue Candle","Bottled Tornado"],"campfire_rested":0,"item_purchase_floors":[22,37,54,54],"current_hp_per_floor":[59,59,59,59,59,59,50,50,50,64,64,64,64,71,71,71,88,88,61,61,61,61,61,61,61,61,61,61,61,61,61,61,61,88,88,88,88,88,88,88,83,83,83,83,83,83,83,83,83,83,83,94,94,94,94,94],"gold":63,"neow_bonus":"","is_prod":false,"is_daily":false,"chose_seed":false,"campfire_upgraded":8,"win_rate":0,"timestamp":1567005385,"path_taken":["M","?","?","M","?","E","M","E","T","E","R","M","R","?","R","BOSS","M","?","?","?","$","E","M","E","T","?","M","R","E","$","R","BOSS","M","M","$","?","?","R","?","E","T","E","M","R","M","E","R","BOSS","BOSS","R","$","E","BOSS"],"build_version":"2019-08-26","purchased_purges":3,"victory":true,"max_hp_per_floor":[66,66,66,66,66,66,66,66,66,80,80,80,80,87,87,87,92,92,97,97,97,97,97,97,97,97,97,97,97,97,97,97,97,97,97,97,97,97,97,97,97,97,97,97,97,97,97,97,97,97,97,97,97,97,97,97],"card_choices":[{"not_picked":["PiercingWail","Underhanded Strike","Acrobatics"],"picked":"SKIP","floor":1.0},{"not_picked":["Quick Slash","Dodge and Roll"],"picked":"Tactician","floor":3.0},{"not_picked":["Blade Dance","Escape Plan","Blur"],"picked":"SKIP","floor":4.0},{"not_picked":["Acrobatics","Blade Dance","Poisoned Stab"],"picked":"SKIP","floor":5.0},{"not_picked":["Backflip","Heel Hook","Underhanded Strike"],"picked":"SKIP","floor":6.0},{"not_picked":["Escape Plan","Deadly Poison"],"picked":"Prepared","floor":7.0},{"not_picked":["Noxious Fumes","Cloak And Dagger","Well Laid Plans"],"picked":"SKIP","floor":8.0},{"not_picked":["Flechettes","Dagger Throw"],"picked":"Grand Finale","floor":10.0},{"not_picked":["Underhanded Strike","Sucker Punch","Poisoned Stab"],"picked":"SKIP","floor":12.0},{"not_picked":["PiercingWail","Underhanded Strike"],"picked":"Calculated Gamble","floor":18.0},{"not_picked":["Poisoned Stab","Quick Slash","Prepared"],"picked":"SKIP","floor":21.0},{"not_picked":["Distraction","PiercingWail","Dagger Spray"],"picked":"SKIP","floor":23.0},{"not_picked":["Terror","Deflect","All Out Attack"],"picked":"SKIP","floor":24.0},{"not_picked":["Acrobatics+1","Masterful Stab","Catalyst+1"],"picked":"SKIP","floor":25.0},{"not_picked":["Concentrate","Dagger Spray","Sucker Punch"],"picked":"SKIP","floor":28},{"not_picked":["Slice","Endless Agony","Acrobatics"],"picked":"SKIP","floor":30},{"not_picked":["Dagger Throw","Heel Hook","Poisoned Stab+1"],"picked":"SKIP","floor":35},{"not_picked":["Choke","Bane","Blade Dance"],"picked":"SKIP","floor":36},{"not_picked":["Doppelganger","Cloak And Dagger","Dodge and Roll"],"picked":"SKIP","floor":42},{"not_picked":["Heel Hook","Endless Agony"],"picked":"Footwork","floor":44},{"not_picked":["Dagger Throw","Dagger Spray","Poisoned Stab+1"],"picked":"SKIP","floor":45},{"not_picked":["Slice","Riddle With Holes+1","After Image"],"picked":"SKIP","floor":47},{"not_picked":["Escape Plan","Distraction","Prepared+1"],"picked":"SKIP","floor":48},{"not_picked":["Eviscerate","Dash","Backflip","Cloak And Dagger+1"],"picked":"SKIP","floor":55}],"player_experience":3122249,"relics_obtained":[{"floor":6.0,"key":"Meat on the Bone"},{"floor":8.0,"key":"FossilizedHelix"},{"floor":9.0,"key":"The Courier"},{"floor":10.0,"key":"Mango"},{"floor":14.0,"key":"Strawberry"},{"floor":23.0,"key":"Bag of Preparation"},{"floor":25.0,"key":"Kunai"},{"floor":30,"key":"Snake Skull"},{"floor":38,"key":"Nunchaku"},{"floor":42,"key":"Bottled Flame"},{"floor":43,"key":"PreservedInsect"},{"floor":44,"key":"Calipers"},{"floor":48,"key":"Question Card"},{"floor":55,"key":"Happy Flower"}],"event_choices":[{"damage_healed":0.0,"max_hp_gain":0.0,"max_hp_loss":0.0,"gold_gain":100.0,"event_name":"Wheel of Change","player_choice":"Gold","floor":2.0,"gold_loss":0.0,"damage_taken":0.0},{"damage_healed":0.0,"max_hp_gain":0.0,"max_hp_loss":0.0,"gold_gain":0.0,"event_name":"Dead Adventurer","player_choice":"Searched \u00271\u0027 times","floor":14.0,"gold_loss":0.0,"damage_taken":0.0},{"damage_healed":0.0,"max_hp_gain":5.0,"max_hp_loss":0.0,"gold_gain":0.0,"event_name":"Forgotten Altar","player_choice":"Shed Blood","floor":19.0,"gold_loss":0.0,"damage_taken":32.0},{"cards_removed":["Deadly Poison"],"damage_healed":0.0,"max_hp_gain":0.0,"max_hp_loss":0.0,"gold_gain":0.0,"event_name":"Designer","player_choice":"Upgrade and Remove","floor":20.0,"gold_loss":110.0,"damage_taken":0.0,"cards_upgraded":["Escape Plan"]},{"damage_healed":0,"gold_gain":0,"player_choice":"0 cards matched","damage_taken":0,"max_hp_gain":0,"max_hp_loss":0,"event_name":"Match and Keep!","floor":27,"gold_loss":0,"cards_obtained":[]},{"damage_healed":0,"gold_gain":0,"player_choice":"Fight","damage_taken":0,"max_hp_gain":0,"max_hp_loss":0,"event_name":"Mysterious Sphere","floor":38,"gold_loss":0},{"damage_healed":0,"gold_gain":0,"player_choice":"Ignored","damage_taken":0,"max_hp_gain":0,"max_hp_loss":0,"event_name":"Tomb of Lord Red Mask","floor":39,"gold_loss":0},{"damage_healed":0,"gold_gain":0,"player_choice":"Bought 0 Potions","damage_taken":0,"max_hp_gain":0,"max_hp_loss":0,"event_name":"The Woman in Blue","floor":41,"gold_loss":0}],"is_beta":true,"boss_relics":[{"not_picked":["WristBlade","Busted Crown"],"picked":"Tiny House"},{"not_picked":["Snecko Eye","Orrery"],"picked":"Sozu"}],"items_purged_floors":[22,31,54],"is_endless":false,"potions_floor_spawned":[1,8,14,16,18,21,25,30,38,42,45,55],"ascension_level":20}