{"gold_per_floor":[109,109,122,10,10,10,22,22,69,69,84,110,122,134,134,230,230,155,175,175,175,185,185,202,202,202,219,238,255,255],"floor_reached":30,"playtime":4152,"items_purged":[],"score":284,"play_id":"7b0349b1-5244-4d18-bf19-a208cbe19bca","local_time":"20190114120840","is_ascension_mode":false,"campfire_choices":[{"data":"Iron Wave","floor":6,"key":"SMITH"},{"data":"Bash","floor":8,"key":"SMITH"},{"floor":15,"key":"REST"},{"floor":23,"key":"REST"}],"neow_cost":"PERCENT_DAMAGE","seed_source_timestamp":58889517050374,"circlet_count":0,"master_deck":["Strike_R","Strike_R","Strike_R","Strike_R","Defend_R","Defend_R","Defend_R","Defend_R","Bash+1","Flame Barrier","Iron Wave+1","Disarm","Sentinel","Iron Wave","Inflame","Flame Barrier","Heavy Blade","Pommel Strike","Ghostly Armor","Reaper","Body Slam+1","Shockwave","Shrug It Off","Headbutt","Body Slam","True Grit+1","Anger","Disarm"],"relics":["Burning Blood","Boot","Orichalcum","Lizard Tail","MutagenicStrength","Letter Opener"],"potions_floor_usage":[12,12,12,16,16,16,16,16,28,29],"damage_taken":[{"damage":8,"enemies":"2 Louse","floor":1,"turns":4},{"damage":0,"enemies":"Cultist","floor":3,"turns":4},{"damage":0,"enemies":"Jaw Worm","floor":7,"turns":6},{"damage":0,"enemies":"Looter","floor":11,"turns":5},{"damage":0,"enemies":"Gremlin Nob","floor":12,"turns":4},{"damage":13,"enemies":"Lots of Slimes","floor":13,"turns":5},{"damage":4,"enemies":"Large Slime","floor":14,"turns":7},{"damage":34,"enemies":"Hexaghost","floor":16,"turns":9},{"damage":16,"enemies":"2 Thieves","floor":18,"turns":5},{"damage":31,"enemies":"Spheric Guardian","floor":19,"turns":10},{"damage":32,"enemies":"Snake Plant","floor":22,"turns":7},{"damage":50,"enemies":"3 Cultists","floor":24,"turns":9},{"damage":36,"enemies":"Shelled Parasite and Fungi","floor":27,"turns":11},{"damage":10,"enemies":"Snecko","floor":28,"turns":4},{"damage":65,"enemies":"Cultist and Chosen","floor":29,"turns":8},{"damage":34,"enemies":"Chosen and Byrds","floor":30,"turns":8}],"seed_played":"-1201917574379061594","potions_obtained":[{"floor":5,"key":"Ancient Potion"},{"floor":5,"key":"Weak Potion"},{"floor":5,"key":"Poison Potion"},{"floor":13,"key":"FearPotion"},{"floor":14,"key":"EntropicBrew"},{"floor":24,"key":"Fire Potion"},{"floor":27,"key":"AttackPotion"}],"is_trial":false,"path_per_floor":["M","?","M","$","?","R","M","R","T","?","M","E","M","M","R","B",null,"M","M","?","?","M","R","M","?","T","M","M","M","M"],"character_chosen":"IRONCLAD","items_purchased":["Disarm","Sentinel"],"campfire_rested":2,"item_purchase_floors":[4,4],"current_hp_per_floor":[70,63,69,69,69,69,75,75,75,75,81,87,80,82,96,68,96,86,61,61,61,40,68,42,42,42,17,13,27,0],"gold":255,"neow_bonus":"TWENTY_PERCENT_HP_BONUS","is_prod":false,"is_daily":false,"chose_seed":false,"campfire_upgraded":2,"win_rate":0.0,"timestamp":1547496520,"path_taken":["M","?","M","$","?","R","?","R","T","?","M","E","M","?","R","BOSS","M","M","?","?","M","R","M","?","T","M","?","M","M"],"build_version":"2019-01-10","purchased_purges":0,"victory":false,"max_hp_per_floor":[96,96,96,96,96,96,96,96,96,96,96,96,96,96,96,96,96,96,96,96,96,96,96,96,96,96,96,96,96,96],"card_choices":[{"not_picked":["Perfected Strike","Sentinel"],"picked":"Flame Barrier","floor":1},{"not_picked":["Clothesline","Headbutt"],"picked":"Iron Wave","floor":3},{"not_picked":["Perfected Strike","Warcry"],"picked":"Iron Wave","floor":7},{"not_picked":["Twin Strike","Rage"],"picked":"Flame Barrier","floor":11},{"not_picked":["Sever Soul","Wild Strike"],"picked":"Heavy Blade","floor":12},{"not_picked":["Body Slam","Reckless Charge"],"picked":"Pommel Strike","floor":13},{"not_picked":["Offering","Headbutt"],"picked":"Ghostly Armor","floor":14},{"not_picked":["Berserk","Limit Break"],"picked":"Reaper","floor":16},{"not_picked":["Wild Strike","Sever Soul"],"picked":"Body Slam+1","floor":18},{"not_picked":["Cleave","Rampage"],"picked":"Shockwave","floor":19},{"not_picked":["Feel No Pain","Cleave"],"picked":"Headbutt","floor":22},{"not_picked":["Clash+1","Bloodletting+1"],"picked":"Body Slam","floor":24},{"not_picked":["Searing Blow+1","Perfected Strike"],"picked":"True Grit+1","floor":27},{"not_picked":["Pommel Strike","Body Slam"],"picked":"Anger","floor":28},{"not_picked":["Perfected Strike+1","Heavy Blade"],"picked":"Disarm","floor":29}],"player_experience":165715,"relics_obtained":[{"floor":9,"key":"Boot"},{"floor":12,"key":"Orichalcum"},{"floor":26,"key":"Letter Opener"}],"event_choices":[{"cards_removed":["Strike_R"],"damage_healed":0,"gold_gain":0,"player_choice":"Card Removal","damage_taken":7,"max_hp_gain":0,"max_hp_loss":0,"event_name":"Golden Wing","floor":2,"gold_loss":0},{"damage_healed":0,"gold_gain":0,"player_choice":"Got Potions","damage_taken":0,"max_hp_gain":0,"max_hp_loss":0,"event_name":"Lab","floor":5,"gold_loss":0},{"damage_healed":0,"gold_gain":0,"player_choice":"1 cards matched","damage_taken":0,"max_hp_gain":0,"max_hp_loss":0,"event_name":"Match and Keep!","floor":10,"gold_loss":0,"cards_obtained":["Inflame"]},{"damage_healed":0,"gold_gain":0,"player_choice":"Read","damage_taken":0,"max_hp_gain":0,"max_hp_loss":0,"event_name":"The Library","floor":20,"gold_loss":0,"cards_obtained":["Shrug It Off"]},{"damage_healed":0,"gold_gain":0,"player_choice":"Inject Mutagens","damage_taken":0,"relics_obtained":["MutagenicStrength"],"max_hp_gain":0,"max_hp_loss":0,"event_name":"Drug Dealer","floor":21,"gold_loss":0},{"damage_healed":0,"gold_gain":0,"player_choice":"Ignored","damage_taken":0,"max_hp_gain":0,"max_hp_loss":0,"event_name":"N\u0027loth","floor":25,"gold_loss":0}],"is_beta":false,"boss_relics":[{"not_picked":["Busted Crown","Sozu"],"picked":"Lizard Tail"}],"items_purged_floors":[],"is_endless":false,"potions_floor_spawned":[11,13,14,24,27],"killed_by":"Chosen and Byrds","ascension_level":0}