{"gold_per_floor":[109,123,142,142,142,142,152,152,177,21,33,33,45,64,64,162,162,182,202,52,63,113,113,125,125,125,137,150,150,150,3,3,3],"floor_reached":33,"playtime":2714,"items_purged":[],"score":241,"play_id":"9d38e698-1487-4d57-b8cb-6a30ab242959","local_time":"20190829213117","is_ascension_mode":false,"campfire_choices":[{"data":"Iron Wave","floor":6,"key":"SMITH"},{"data":"Shrug It Off","floor":8,"key":"SMITH"},{"data":"Armaments","floor":15,"key":"SMITH"},{"data":"Flame Barrier","floor":23,"key":"SMITH"},{"data":"Reaper","floor":25,"key":"SMITH"},{"floor":29,"key":"REST"},{"floor":32,"key":"REST"}],"neow_cost":"NONE","seed_source_timestamp":415888642819345,"circlet_count":0,"master_deck":["Strike_R","Strike_R","Strike_R","Strike_R","Defend_R","Defend_R","Defend_R","Defend_R","Bash","Intimidate","Iron Wave+1","Shrug It Off+1","Anger","Armaments+1","Perfected Strike","Reaper+1","Juggernaut","Battle Trance+1","Shrug It Off+1","Flame Barrier+1","Anger+1","Body Slam","Armaments+1"],"relics":["Burning Blood","Happy Flower","Vajra","Bronze Scales","Lizard Tail","PreservedInsect","Dodecahedron","Strawberry"],"potions_floor_usage":[16,18,19,24,33],"damage_taken":[{"damage":5,"enemies":"Small Slimes","floor":1,"turns":4},{"damage":0,"enemies":"Cultist","floor":2,"turns":3},{"damage":0,"enemies":"2 Louse","floor":3,"turns":3},{"damage":2,"enemies":"Looter","floor":7,"turns":4},{"damage":0,"enemies":"Large Slime","floor":11,"turns":5},{"damage":15,"enemies":"Gremlin Gang","floor":13,"turns":6},{"damage":0,"enemies":"3 Louse","floor":14,"turns":3},{"damage":35,"enemies":"The Guardian","floor":16,"turns":9},{"damage":28,"enemies":"Spheric Guardian","floor":18,"turns":6},{"damage":0,"enemies":"Chosen","floor":19,"turns":6},{"damage":16,"enemies":"Centurion and Healer","floor":21,"turns":6},{"damage":23,"enemies":"Cultist and Chosen","floor":24,"turns":7},{"damage":32,"enemies":"Shelled Parasite and Fungi","floor":27,"turns":5},{"damage":37,"enemies":"3 Cultists","floor":28,"turns":7},{"damage":144,"enemies":"Collector","floor":33,"turns":12}],"seed_played":"4769021478347324970","potions_obtained":[{"floor":2,"key":"Swift Potion"},{"floor":3,"key":"Ancient Potion"},{"floor":13,"key":"Block Potion"},{"floor":14,"key":"BloodPotion"},{"floor":24,"key":"Fruit Juice"},{"floor":27,"key":"Dexterity Potion"}],"is_trial":false,"path_per_floor":["M","M","M","?","$","R","M","R","T","$","M","?","M","M","R","B",null,"M","M","$","M","?","R","M","R","T","M","M","R","?","$","R","B"],"character_chosen":"IRONCLAD","items_purchased":["Bronze Scales","PreservedInsect","Strawberry"],"campfire_rested":2,"item_purchase_floors":[10,20,31],"current_hp_per_floor":[80,80,80,80,80,80,80,80,80,80,80,80,71,77,77,51,80,78,80,80,75,75,75,68,68,68,48,35,60,44,51,78,0],"gold":3,"neow_bonus":"RANDOM_COMMON_RELIC","is_prod":false,"is_daily":false,"chose_seed":false,"campfire_upgraded":5,"win_rate":0.0,"timestamp":1567139477,"path_taken":["M","M","M","?","$","R","M","R","T","$","M","?","M","?","R","BOSS","M","M","$","M","?","R","M","R","T","?","M","R","?","$","R","BOSS"],"build_version":"2019-07-17","purchased_purges":0,"victory":false,"max_hp_per_floor":[80,80,80,80,80,80,80,80,80,80,80,80,80,80,80,80,80,80,80,80,80,80,80,85,85,85,85,85,85,85,92,92,92],"card_choices":[{"not_picked":["True Grit","Sever Soul"],"picked":"Intimidate","floor":1},{"not_picked":["Fire Breathing","Thunderclap"],"picked":"Iron Wave","floor":2},{"not_picked":["True Grit","Clothesline"],"picked":"Shrug It Off","floor":3},{"not_picked":["Thunderclap","Feel No Pain"],"picked":"Anger","floor":7},{"not_picked":["Cleave","Dual Wield"],"picked":"Armaments","floor":11},{"not_picked":["Havoc","Entrench"],"picked":"Perfected Strike","floor":13},{"not_picked":["Rupture","Heavy Blade"],"picked":"Reaper","floor":14},{"not_picked":["Limit Break","Double Tap"],"picked":"Juggernaut","floor":16},{"not_picked":["Bloodletting+1","Shockwave"],"picked":"Battle Trance+1","floor":18},{"not_picked":["Rage+1","Clothesline+1"],"picked":"Shrug It Off+1","floor":19},{"not_picked":["Thunderclap+1","Clash"],"picked":"Flame Barrier","floor":21},{"not_picked":["Searing Blow","Clothesline"],"picked":"Anger+1","floor":24},{"not_picked":["Rage","Warcry+1"],"picked":"Body Slam","floor":27},{"not_picked":["Cleave","Spot Weakness+1"],"picked":"Armaments+1","floor":28}],"player_experience":476019,"relics_obtained":[{"floor":9,"key":"Vajra"},{"floor":26,"key":"Dodecahedron"}],"event_choices":[{"damage_healed":0,"gold_gain":0,"player_choice":"Ignored","damage_taken":0,"max_hp_gain":0,"max_hp_loss":0,"event_name":"Shining Light","floor":4,"gold_loss":0},{"cards_removed":["Strike_R"],"damage_healed":0,"gold_gain":0,"player_choice":"Purged","damage_taken":0,"max_hp_gain":0,"max_hp_loss":0,"event_name":"Purifier","floor":12,"gold_loss":0},{"damage_healed":0,"gold_gain":100,"player_choice":"Bet on Murderer","damage_taken":0,"max_hp_gain":0,"max_hp_loss":0,"event_name":"The Joust","floor":22,"gold_loss":50},{"damage_healed":0,"gold_gain":0,"player_choice":"Obtained Book","damage_taken":16,"max_hp_gain":0,"max_hp_loss":0,"event_name":"Cursed Tome","floor":30,"gold_loss":0}],"is_beta":false,"boss_relics":[{"not_picked":["Runic Dome","Astrolabe"],"picked":"Lizard Tail"}],"items_purged_floors":[],"is_endless":false,"potions_floor_spawned":[2,3,13,14,24,27],"killed_by":"Collector","ascension_level":0}