{"gold_per_floor":[117,117,130,130,180,16,44,44,68,143,8,8,8,33,45,129,141,166,178,206,118,118,118,128,128,176,176,188,208,226,257,257,328,328,344,395,395,407,422,447,447,447,447,479,181,181,199,199,199,199,199,199,199,49,84,84],"floor_reached":57,"playtime":2370,"items_purged":["Strike_R","Strike_R","Bash","Strike_R"],"score":3052,"play_id":"4c43734f-aa01-4d92-872b-5489900d7bc3","local_time":"20190919142712","is_ascension_mode":true,"campfire_choices":[{"data":"Second Wind","floor":8.0,"key":"SMITH"},{"data":"Rampage","floor":12.0,"key":"SMITH"},{"data":"True Grit","floor":15.0,"key":"SMITH"},{"data":"Feel No Pain","floor":23.0,"key":"SMITH"},{"data":"Body Slam","floor":25.0,"key":"SMITH"},{"data":"Power Through","floor":27.0,"key":"SMITH"},{"data":"Burning Pact","floor":32.0,"key":"SMITH"},{"data":"Shrug It Off","floor":41,"key":"SMITH"},{"floor":46,"key":"RECALL"},{"data":"Feed","floor":49,"key":"SMITH"},{"floor":53,"key":"REST"}],"neow_cost":"NONE","seed_source_timestamp":764079136885076,"circlet_count":0,"master_deck":["AscendersBane","Defend_R","Defend_R","Defend_R","Defend_R","Power Through+1","Second Wind+1","Feed+1","Rampage+1","True Grit+1","Shrug It Off+1","Evolve+1","Necronomicurse","Feel No Pain+1","Flame Barrier","Body Slam+1","Burning Pact+1","Sentinel+1"],"special_seed":0,"relics":["Burning Blood","NeowsBlessing","Orichalcum","Bag of Preparation","Bag of Marbles","Potion Belt","MawBank","Runic Pyramid","Necronomicon","PreservedInsect","Runic Dome","Incense Burner","Singing Bowl","White Beast Statue","MealTicket","Medical Kit","Mummified Hand"],"potions_floor_usage":[38,44,56,56],"damage_taken":[{"damage":0.0,"enemies":"Jaw Worm","floor":1.0,"turns":1.0},{"damage":0.0,"enemies":"Small Slimes","floor":3.0,"turns":1.0},{"damage":0.0,"enemies":"3 Sentries","floor":7.0,"turns":2.0},{"damage":2.0,"enemies":"2 Louse","floor":14.0,"turns":3.0},{"damage":47.0,"enemies":"The Guardian","floor":16.0,"turns":13.0},{"damage":0.0,"enemies":"Spheric Guardian","floor":18.0,"turns":9.0},{"damage":5.0,"enemies":"2 Thieves","floor":20.0,"turns":2.0},{"damage":6.0,"enemies":"Centurion and Healer","floor":24.0,"turns":9.0},{"damage":24.0,"enemies":"3 Cultists","floor":28.0,"turns":8.0},{"damage":0.0,"enemies":"Snecko","floor":29.0,"turns":6.0},{"damage":0.0,"enemies":"Shelled Parasite and Fungi","floor":30.0,"turns":6.0},{"damage":12.0,"enemies":"Book of Stabbing","floor":31.0,"turns":7.0},{"damage":14.0,"enemies":"Collector","floor":33.0,"turns":12.0},{"damage":0.0,"enemies":"Orb Walker","floor":35.0,"turns":1.0},{"damage":21,"enemies":"2 Orb Walkers","floor":36,"turns":5},{"damage":19,"enemies":"3 Darklings","floor":38,"turns":8},{"damage":0,"enemies":"Sphere and 2 Shapes","floor":39,"turns":6},{"damage":3,"enemies":"Giant Head","floor":40,"turns":8},{"damage":0,"enemies":"Reptomancer","floor":44,"turns":6},{"damage":0,"enemies":"Spire Growth","floor":47,"turns":4},{"damage":60,"enemies":"Donu and Deca","floor":50,"turns":11},{"damage":23,"enemies":"Awakened One","floor":51,"turns":15},{"damage":0,"enemies":"Shield and Spear","floor":55,"turns":11},{"damage":0,"enemies":"The Heart","floor":56,"turns":9}],"seed_played":"6974740380747015526","potions_obtained":[{"floor":3.0,"key":"LiquidBronze"},{"floor":7.0,"key":"AttackPotion"},{"floor":16.0,"key":"Explosive Potion"},{"floor":20.0,"key":"Energy Potion"},{"floor":28.0,"key":"Ancient Potion"},{"floor":29.0,"key":"Poison Potion"},{"floor":38,"key":"FairyPotion"},{"floor":44,"key":"Poison Potion"}],"is_trial":false,"path_per_floor":["M","?","M","?","T","$","E","R","T","?","$","R","T","M","R","B",null,"M","?","M","$","?","R","M","R","T","R","M","M","M","E","R","B",null,"M","?","?","M","M","E","R","?","T","E","$","R","M","?","R","B","B",null,"R","$","E","B",null],"character_chosen":"IRONCLAD","items_purchased":["Second Wind","Rampage","True Grit","Medical Kit"],"campfire_rested":1,"item_purchase_floors":[6,11,11,45],"current_hp_per_floor":[74,56,62,67,67,67,73,73,73,62,62,62,62,69,69,28,69,78,57,61,61,61,61,64,64,64,64,49,55,61,55,55,47,83,89,77,77,67,76,84,84,80,80,88,103,103,114,114,114,64,51,110,130,130,136,136],"gold":84,"neow_bonus":"THREE_ENEMY_KILL","is_prod":false,"is_daily":false,"chose_seed":false,"campfire_upgraded":9,"win_rate":0,"timestamp":1568874432,"path_taken":["M","?","M","?","?","$","E","R","T","?","?","R","?","M","R","BOSS","M","?","M","$","?","R","M","R","T","R","M","M","M","E","R","BOSS","M","?","?","M","?","E","R","?","T","E","$","R","M","?","R","BOSS","BOSS","R","$","E","BOSS"],"build_version":"2019-09-18","purchased_purges":4,"victory":true,"max_hp_per_floor":[75,75,75,80,80,80,80,80,80,80,80,80,80,83,83,83,83,86,86,89,89,89,89,92,92,92,92,95,95,95,95,95,95,95,95,98,98,101,104,109,109,115,115,117,117,117,122,122,122,126,130,130,130,130,136,136],"card_choices":[{"not_picked":["Twin Strike","Iron Wave","Rage"],"picked":"SKIP","floor":1.0},{"not_picked":["Thunderclap","Warcry"],"picked":"Power Through","floor":3.0},{"not_picked":["Hemokinesis","Flame Barrier"],"picked":"Feed","floor":7.0},{"not_picked":["Heavy Blade","Havoc"],"picked":"Shrug It Off","floor":14.0},{"not_picked":["Perfected Strike","Anger+1"],"picked":"Evolve+1","floor":18.0},{"not_picked":["Inflame","Clash+1"],"picked":"Feel No Pain","floor":20.0},{"not_picked":["Wild Strike","Blood for Blood"],"picked":"Body Slam","floor":24.0},{"not_picked":["Blood for Blood","Combust"],"picked":"Burning Pact","floor":28.0},{"not_picked":["True Grit","Intimidate","Flame Barrier"],"picked":"SKIP","floor":29.0},{"not_picked":["Heavy Blade","Thunderclap","Sword Boomerang+1"],"picked":"SKIP","floor":30.0},{"not_picked":["Carnage","Anger","Wild Strike+1"],"picked":"SKIP","floor":31.0},{"not_picked":["Thunderclap","Fire Breathing"],"picked":"Sentinel+1","floor":35.0},{"not_picked":["Thunderclap","Metallicize+1","Flex"],"picked":"SKIP","floor":38},{"not_picked":["Twin Strike","Headbutt","Anger"],"picked":"SKIP","floor":39},{"not_picked":["Rage","Rampage","Infernal Blade"],"picked":"Singing Bowl","floor":40},{"not_picked":["Panache","Apotheosis","Bandage Up"],"picked":"Singing Bowl","floor":42},{"not_picked":["Discovery","Enlightenment","Dark Shackles"],"picked":"Singing Bowl","floor":42},{"not_picked":["Madness","Flash of Steel","Finesse"],"picked":"Singing Bowl","floor":42},{"not_picked":["Intimidate","Flex+1","Warcry+1"],"picked":"Singing Bowl","floor":44},{"not_picked":["Havoc","Rampage+1","Feed"],"picked":"Singing Bowl","floor":47},{"not_picked":["Iron Wave","Feed","Ghostly Armor"],"picked":"Singing Bowl","floor":55}],"player_experience":852466,"relics_obtained":[{"floor":5.0,"key":"Bag of Preparation"},{"floor":7.0,"key":"Bag of Marbles"},{"floor":9.0,"key":"Potion Belt"},{"floor":13.0,"key":"MawBank"},{"floor":19.0,"key":"Necronomicon"},{"floor":31.0,"key":"PreservedInsect"},{"floor":36,"key":"Incense Burner"},{"floor":40,"key":"Singing Bowl"},{"floor":43,"key":"White Beast Statue"},{"floor":44,"key":"MealTicket"},{"floor":55,"key":"Mummified Hand"}],"event_choices":[{"damage_healed":0.0,"max_hp_gain":0.0,"max_hp_loss":0.0,"gold_gain":0.0,"event_name":"Scrap Ooze","player_choice":"Success","floor":2.0,"gold_loss":0.0,"damage_taken":18.0,"relics_obtained":["Orichalcum"]},{"damage_healed":0.0,"max_hp_gain":5.0,"max_hp_loss":0.0,"gold_gain":0.0,"event_name":"Big Fish","player_choice":"Donut","floor":4.0,"gold_loss":0.0,"damage_taken":0.0},{"damage_healed":0.0,"max_hp_gain":0.0,"max_hp_loss":0.0,"gold_gain":75.0,"event_name":"World of Goop","player_choice":"Gather Gold","floor":10.0,"gold_loss":0.0,"damage_taken":11.0},{"damage_healed":0.0,"max_hp_gain":0.0,"max_hp_loss":0.0,"gold_gain":0.0,"event_name":"Cursed Tome","player_choice":"Obtained Book","floor":19.0,"gold_loss":0.0,"damage_taken":21.0},{"damage_healed":0.0,"max_hp_gain":0.0,"max_hp_loss":0.0,"gold_gain":0.0,"cards_transformed":["Strike_R"],"event_name":"Transmorgrifier","player_choice":"Transformed","floor":22.0,"gold_loss":0.0,"damage_taken":0.0,"cards_obtained":["Flame Barrier"]},{"damage_healed":0,"gold_gain":0,"player_choice":"Fight","damage_taken":0,"max_hp_gain":0,"max_hp_loss":0,"event_name":"Mysterious Sphere","floor":36,"gold_loss":0},{"cards_removed":["Strike_R"],"damage_healed":0,"gold_gain":0,"player_choice":"Purged","damage_taken":0,"max_hp_gain":0,"max_hp_loss":0,"event_name":"Purifier","floor":37,"gold_loss":0},{"damage_healed":0,"gold_gain":0,"player_choice":"Memory 3","damage_taken":10,"max_hp_gain":0,"max_hp_loss":0,"event_name":"SensoryStone","floor":42,"gold_loss":0},{"damage_healed":0,"gold_gain":0,"player_choice":"Ignored","damage_taken":0,"max_hp_gain":0,"max_hp_loss":0,"event_name":"Tomb of Lord Red Mask","floor":48,"gold_loss":0}],"is_beta":true,"boss_relics":[{"not_picked":["Velvet Choker","SacredBark"],"picked":"Runic Pyramid"},{"not_picked":["Runic Cube","SlaversCollar"],"picked":"Runic Dome"}],"items_purged_floors":[6,21,45,54],"is_endless":false,"potions_floor_spawned":[3,7,16,20,28,29,38,40,44,47,55],"ascension_level":20}