{"gold_per_floor":[110,39,39,57,77,77,77,77,158,183,183,183,183,108,108,209,209,223,234,134,145,20,20,36,50,50,85,85,105,115,30,30,133,133,145,145,145,163,163,195,206,131,154,32,61,23,23,41,41,41,41,41,41,69,69],"floor_reached":56,"playtime":1342,"items_purged":["Strike_G","Strike_G","Strike_G","Corpse Explosion+1","Defend_G"],"score":1323,"play_id":"811f4c86-9980-48da-a08c-70a46d9d759c","local_time":"20190824094211","is_ascension_mode":false,"campfire_choices":[{"data":"Flechettes","floor":6,"key":"SMITH"},{"data":"Acrobatics","floor":11,"key":"SMITH"},{"data":"Neutralize","floor":13,"key":"SMITH"},{"data":"Corpse Explosion","floor":15,"key":"SMITH"},{"data":"Prepared","floor":23,"key":"SMITH"},{"data":"Acrobatics","floor":28,"key":"SMITH"},{"floor":32,"key":"REST"},{"data":"Reflex","floor":47,"key":"SMITH"},{"floor":49,"key":"RECALL"},{"data":"Grand Finale","floor":52,"key":"SMITH"}],"neow_cost":"PERCENT_DAMAGE","seed_source_timestamp":0,"circlet_count":0,"master_deck":["Defend_G","Defend_G+1","Defend_G","Survivor","Neutralize+1","PiercingWail+1","Flechettes+1","Acrobatics+1","Reflex+1","Grand Finale+1","Acrobatics+1","Prepared+1","Escape Plan","Footwork+1"],"relics":["Ring of the Snake","Sundial","Torii","Bottled Lightning","Orrery","Matryoshka","Snake Skull","Frozen Egg 2","Black Star","Prayer Wheel","Singing Bowl","Regal Pillow","Smiling Mask","MawBank","Darkstone Periapt","Ice Cream","Oddly Smooth Stone"],"potions_floor_usage":[16,21,21,30,33,40,40,50],"damage_taken":[{"damage":0,"enemies":"2 Louse","floor":1,"turns":2},{"damage":1,"enemies":"Jaw Worm","floor":4,"turns":4},{"damage":1,"enemies":"Small Slimes","floor":5,"turns":4},{"damage":17,"enemies":"Lagavulin","floor":10,"turns":6},{"damage":35,"enemies":"Slime Boss","floor":16,"turns":12},{"damage":11,"enemies":"Spheric Guardian","floor":18,"turns":4},{"damage":2,"enemies":"2 Thieves","floor":19,"turns":2},{"damage":16,"enemies":"Sentry and Sphere","floor":21,"turns":4},{"damage":12,"enemies":"Shelled Parasite and Fungi","floor":24,"turns":3},{"damage":1,"enemies":"3 Cultists","floor":25,"turns":3},{"damage":0,"enemies":"Gremlin Leader","floor":27,"turns":2},{"damage":0,"enemies":"Snecko","floor":29,"turns":2},{"damage":1,"enemies":"Shelled Parasite and Fungi","floor":30,"turns":3},{"damage":6,"enemies":"Automaton","floor":33,"turns":4},{"damage":0,"enemies":"3 Darklings","floor":35,"turns":1},{"damage":2,"enemies":"3 Shapes","floor":38,"turns":2},{"damage":22,"enemies":"Nemesis","floor":40,"turns":5},{"damage":0,"enemies":"Sphere and 2 Shapes","floor":41,"turns":2},{"damage":0,"enemies":"Reptomancer","floor":45,"turns":2},{"damage":0,"enemies":"4 Shapes","floor":48,"turns":1},{"damage":3,"enemies":"Time Eater","floor":50,"turns":6},{"damage":0,"enemies":"Shield and Spear","floor":54,"turns":1},{"damage":63,"enemies":"The Heart","floor":55,"turns":5}],"seed_played":"2497345276752713245","potions_obtained":[{"floor":1,"key":"Energy Potion"},{"floor":5,"key":"Weak Potion"},{"floor":19,"key":"Dexterity Potion"},{"floor":24,"key":"Explosive Potion"},{"floor":30,"key":"Fruit Juice"},{"floor":33,"key":"Explosive Potion"},{"floor":38,"key":"Poison Potion"},{"floor":40,"key":"SteroidPotion"},{"floor":48,"key":"EssenceOfSteel"}],"is_trial":false,"path_per_floor":["M","$","?","M","M","R","T","?","T","E","R","T","R","$","R","B",null,"M","M","$","M","$","R","M","M","T","E","R","M","M","?","R","B",null,"M","?","?","M","?","E","M","$","T","$","E","$","R","M","R","B",null,"R","$","E","B",null],"character_chosen":"THE_SILENT","items_purchased":["Flechettes","Escape Plan","Footwork+1"],"campfire_rested":1,"item_purchase_floors":[2,42,44],"current_hp_per_floor":[49,49,70,69,68,68,68,54,54,37,37,37,37,37,37,2,70,59,57,57,41,41,41,29,28,28,28,28,28,32,32,54,48,75,75,71,71,69,69,49,53,53,53,53,55,55,55,59,59,56,83,83,83,85,22],"gold":69,"neow_bonus":"TRANSFORM_TWO_CARDS","is_prod":false,"is_daily":false,"chose_seed":true,"campfire_upgraded":8,"win_rate":0,"timestamp":1566607331,"path_taken":["M","$","?","M","M","R","?","?","T","E","R","?","R","$","R","BOSS","M","M","$","M","$","R","M","M","T","E","R","M","M","?","R","BOSS","M","?","?","M","?","E","?","?","T","$","E","$","R","M","R","BOSS","R","$","E","BOSS"],"build_version":"2019-07-17","purchased_purges":5,"victory":true,"max_hp_per_floor":[70,70,70,70,70,70,70,70,70,70,70,70,70,70,70,70,70,70,70,70,70,70,70,70,70,70,70,70,70,75,75,75,75,75,75,71,71,71,71,73,77,77,77,77,79,79,79,83,83,83,83,83,83,85,85],"card_choices":[{"not_picked":["Infinite Blades","Poisoned Stab","Sucker Punch"],"picked":"SKIP","floor":1},{"not_picked":["Dagger Spray","Heel Hook"],"picked":"Acrobatics","floor":4},{"not_picked":["Leg Sweep","Sucker Punch"],"picked":"Reflex","floor":5},{"not_picked":["Deflect","Crippling Poison","Quick Slash"],"picked":"SKIP","floor":10},{"not_picked":["Bane","Flying Knee"],"picked":"Grand Finale","floor":17},{"not_picked":["Poisoned Stab","Slice"],"picked":"Acrobatics","floor":17},{"not_picked":["Flechettes","Cloak And Dagger"],"picked":"Prepared","floor":17},{"not_picked":["Dagger Throw+1","Underhanded Strike","Dagger Spray+1"],"picked":"SKIP","floor":18},{"not_picked":["Masterful Stab+1","Outmaneuver+1","Expertise+1"],"picked":"SKIP","floor":19},{"not_picked":["Finisher","Deflect","Riddle With Holes+1"],"picked":"SKIP","floor":21},{"not_picked":["Poisoned Stab","Masterful Stab","Reflex"],"picked":"SKIP","floor":24},{"not_picked":["Distraction","Flying Knee","Grand Finale"],"picked":"SKIP","floor":25},{"not_picked":["Phantasmal Killer","Footwork","PiercingWail"],"picked":"SKIP","floor":27},{"not_picked":["PiercingWail","Underhanded Strike+1","Blur+1"],"picked":"SKIP","floor":29},{"not_picked":["Footwork","Sucker Punch","Acrobatics+1"],"picked":"SKIP","floor":30},{"not_picked":["Quick Slash+1","Sucker Punch+1","Bane"],"picked":"SKIP","floor":35},{"not_picked":["Deflect+1","Deadly Poison","Outmaneuver"],"picked":"SKIP","floor":38},{"not_picked":["Burst","Sucker Punch","Dodge and Roll"],"picked":"Singing Bowl","floor":40},{"not_picked":["Outmaneuver+1","Flechettes","Underhanded Strike+1"],"picked":"Singing Bowl","floor":41},{"not_picked":["Poisoned Stab+1","Accuracy+1","Bane+1"],"picked":"Singing Bowl","floor":41},{"not_picked":["Leg Sweep","Flying Knee","Poisoned Stab+1"],"picked":"Singing Bowl","floor":45},{"not_picked":["All Out Attack+1","Sucker Punch","Malaise"],"picked":"Singing Bowl","floor":48},{"not_picked":["Dagger Throw","Dash","Caltrops+1"],"picked":"Singing Bowl","floor":48},{"not_picked":["Outmaneuver","Tools of the Trade+1","Bane"],"picked":"Singing Bowl","floor":54}],"player_experience":979006,"relics_obtained":[{"floor":9,"key":"Sundial"},{"floor":10,"key":"Torii"},{"floor":12,"key":"Bottled Lightning"},{"floor":26,"key":"Matryoshka"},{"floor":27,"key":"Snake Skull"},{"floor":40,"key":"Prayer Wheel"},{"floor":40,"key":"Singing Bowl"},{"floor":43,"key":"Regal Pillow"},{"floor":43,"key":"Smiling Mask"},{"floor":45,"key":"MawBank"},{"floor":45,"key":"Darkstone Periapt"},{"floor":54,"key":"Ice Cream"},{"floor":54,"key":"Oddly Smooth Stone"}],"event_choices":[{"damage_healed":23,"gold_gain":0,"player_choice":"Banana","damage_taken":0,"max_hp_gain":0,"max_hp_loss":0,"event_name":"Big Fish","floor":3,"gold_loss":0},{"damage_healed":0,"gold_gain":0,"player_choice":"Entered Light","damage_taken":14,"max_hp_gain":0,"max_hp_loss":0,"event_name":"Shining Light","floor":8,"gold_loss":0,"cards_upgraded":["PiercingWail","Defend_G"]},{"damage_healed":0,"gold_gain":0,"player_choice":"Obtained Relic","damage_taken":0,"relics_obtained":["Frozen Egg 2"],"max_hp_gain":0,"max_hp_loss":0,"event_name":"Addict","floor":31,"gold_loss":85},{"damage_healed":0,"gold_gain":0,"player_choice":"Max HP","damage_taken":0,"max_hp_gain":0,"max_hp_loss":4,"event_name":"Winding Halls","floor":36,"gold_loss":0},{"damage_healed":0,"gold_gain":0,"player_choice":"Ignored","damage_taken":0,"max_hp_gain":0,"max_hp_loss":0,"event_name":"Tomb of Lord Red Mask","floor":37,"gold_loss":0},{"cards_removed":["Strike_G"],"damage_healed":0,"gold_gain":0,"player_choice":"Purged","damage_taken":0,"max_hp_gain":0,"max_hp_loss":0,"event_name":"Purifier","floor":39,"gold_loss":0}],"is_beta":false,"boss_relics":[{"not_picked":["Sozu","Lizard Tail"],"picked":"Orrery"},{"not_picked":["Snecko Eye","Eternal Feather"],"picked":"Black Star"}],"items_purged_floors":[14,20,22,44,46],"is_endless":false,"potions_floor_spawned":[1,5,19,24,30,33,38,40,48],"ascension_level":0}