{"gold_per_floor":[117,117,136,136,136,136,171,171,171,171,96,127,27,41,41,113,113,128,43,62,74,74,74,109,141,212,212,212,227,258,258,258,333,333,343,363,363,363,238,266,266,295,295,324,357,357,193,211,211,211,211,211,211,22,50,50],"floor_reached":57,"playtime":1400,"items_purged":["Strike_G","Strike_G","Neutralize+1"],"score":3860,"play_id":"3861a9d3-98b2-483d-b1c3-6c027acf6db8","local_time":"20190906150255","is_ascension_mode":true,"campfire_choices":[{"data":"Prepared","floor":6.0,"key":"SMITH"},{"data":"Neutralize","floor":8.0,"key":"SMITH"},{"data":"Grand Finale","floor":10.0,"key":"SMITH"},{"floor":15.0,"key":"RECALL"},{"data":"Backflip","floor":23.0,"key":"SMITH"},{"data":"Distraction","floor":28.0,"key":"PURGE"},{"data":"Tactician","floor":32.0,"key":"SMITH"},{"data":"Acrobatics","floor":46.0,"key":"SMITH"},{"data":"Prepared+1","floor":49.0,"key":"PURGE"},{"data":"Escape Plan+1","floor":53.0,"key":"PURGE"}],"neow_cost":"TEN_PERCENT_HP_LOSS","seed_source_timestamp":0,"circlet_count":0,"master_deck":["AscendersBane","Grand Finale+1","Tactician+1","Acrobatics+1","Finesse"],"special_seed":0,"relics":["Ring of the Snake","Nunchaku","Ice Cream","WingedGreaves","Pandora\u0027s Box","Ancient Tea Set","Calipers","Peace Pipe","Torii","MutagenicStrength","Empty Cage","Molten Egg 2","Tingsha","Meat on the Bone","Blood Vial","Anchor","Bronze Scales","Bottled Lightning"],"potions_floor_usage":[56,56],"damage_taken":[{"damage":1.0,"enemies":"Jaw Worm","floor":1.0,"turns":3.0},{"damage":4.0,"enemies":"Small Slimes","floor":3.0,"turns":3.0},{"damage":20.0,"enemies":"Gremlin Nob","floor":7.0,"turns":4.0},{"damage":0.0,"enemies":"3 Sentries","floor":12.0,"turns":2.0},{"damage":0.0,"enemies":"2 Louse","floor":14.0,"turns":2.0},{"damage":18.0,"enemies":"Slime Boss","floor":16.0,"turns":8.0},{"damage":0.0,"enemies":"Spheric Guardian","floor":18.0,"turns":1.0},{"damage":0.0,"enemies":"Chosen","floor":20.0,"turns":1.0},{"damage":0.0,"enemies":"Snake Plant","floor":21.0,"turns":1.0},{"damage":0.0,"enemies":"Gremlin Leader","floor":24.0,"turns":1.0},{"damage":0.0,"enemies":"Slavers","floor":25.0,"turns":1.0},{"damage":0.0,"enemies":"Chosen and Byrds","floor":29.0,"turns":1.0},{"damage":0.0,"enemies":"Book of Stabbing","floor":30.0,"turns":1.0},{"damage":0.0,"enemies":"Collector","floor":33.0,"turns":1.0},{"damage":0.0,"enemies":"3 Darklings","floor":35.0,"turns":1.0},{"damage":0.0,"enemies":"Orb Walker","floor":36.0,"turns":1.0},{"damage":0.0,"enemies":"Giant Head","floor":40.0,"turns":1.0},{"damage":0.0,"enemies":"Reptomancer","floor":42.0,"turns":1.0},{"damage":0.0,"enemies":"Giant Head","floor":44.0,"turns":1.0},{"damage":0.0,"enemies":"Reptomancer","floor":45.0,"turns":2.0},{"damage":0.0,"enemies":"3 Darklings","floor":48.0,"turns":1.0},{"damage":0.0,"enemies":"Time Eater","floor":50.0,"turns":3.0},{"damage":0.0,"enemies":"Donu and Deca","floor":51.0,"turns":1.0},{"damage":0.0,"enemies":"Shield and Spear","floor":55.0,"turns":1.0},{"damage":59,"enemies":"The Heart","floor":56,"turns":4}],"seed_played":"-7520556294646843872","potions_obtained":[{"floor":1.0,"key":"Weak Potion"},{"floor":16.0,"key":"Swift Potion"},{"floor":18.0,"key":"PowerPotion"},{"floor":20.0,"key":"GhostInAJar"}],"is_trial":false,"path_per_floor":["M","?","M","?","?","R","E","R","T","R","$","E","$","M","R","B",null,"M","?","M","M","?","R","E","E","T","?","R","M","E","?","R","B",null,"M","M","?","?","$","E","?","E","T","E","E","R","$","M","R","B","B",null,"R","$","E","B",null],"character_chosen":"THE_SILENT","items_purchased":["Bronze Scales","Finesse","GhostInAJar"],"campfire_rested":0,"item_purchase_floors":[47,54,54],"current_hp_per_floor":[58,51,47,47,52,52,32,32,32,32,32,32,32,32,32,14,52,52,52,52,52,52,52,52,52,52,34,34,34,34,34,34,34,61,61,61,61,61,61,61,61,61,61,61,63,63,63,65,65,67,69,70,70,70,70,23],"gold":50,"neow_bonus":"TRANSFORM_TWO_CARDS","is_prod":false,"is_daily":false,"chose_seed":false,"campfire_upgraded":6,"win_rate":0,"timestamp":1567753375,"path_taken":["M","?","M","?","?","R","E","R","T","R","$","E","$","M","R","BOSS","M","?","M","M","?","R","E","E","T","?","R","M","E","?","R","BOSS","M","M","?","?","$","E","?","E","T","E","E","R","$","M","R","BOSS","BOSS","R","$","E","BOSS"],"build_version":"2019-08-26","purchased_purges":3,"victory":true,"max_hp_per_floor":[60,60,60,60,65,65,65,65,65,65,65,65,65,65,65,65,65,65,65,65,65,65,65,65,65,65,70,70,70,70,70,70,70,70,70,70,70,70,70,70,70,70,70,70,70,70,70,70,70,70,70,70,70,70,70,70],"card_choices":[{"not_picked":["Endless Agony","Poisoned Stab"],"picked":"Prepared","floor":1.0},{"not_picked":["Dagger Spray","Poisoned Stab","Catalyst"],"picked":"SKIP","floor":3.0},{"not_picked":["Finisher","Leg Sweep","PiercingWail"],"picked":"SKIP","floor":7.0},{"not_picked":["Caltrops","Phantasmal Killer"],"picked":"Backflip","floor":12.0},{"not_picked":["Deflect","Prepared","Deadly Poison"],"picked":"SKIP","floor":14.0},{"not_picked":["Quick Slash+1","Prepared","Deadly Poison"],"picked":"SKIP","floor":18.0},{"not_picked":["Outmaneuver","Dagger Spray","Cloak And Dagger"],"picked":"SKIP","floor":20.0},{"not_picked":["Cloak And Dagger","Outmaneuver","Flying Knee"],"picked":"SKIP","floor":21.0},{"not_picked":["Dagger Throw","Night Terror"],"picked":"Tactician","floor":24.0},{"not_picked":["Dagger Spray+1","Slice","Quick Slash+1"],"picked":"SKIP","floor":25.0},{"not_picked":["Bouncing Flask","Setup","Backflip"],"picked":"SKIP","floor":29.0},{"not_picked":["Slice","Tools of the Trade"],"picked":"Acrobatics","floor":30.0},{"not_picked":["Catalyst","Endless Agony","Eviscerate"],"picked":"SKIP","floor":35.0},{"not_picked":["Sucker Punch","Deflect","Deadly Poison"],"picked":"SKIP","floor":36.0},{"not_picked":["Deflect","Prepared+1","Cloak And Dagger"],"picked":"SKIP","floor":40.0},{"not_picked":["Bane+1","Sucker Punch+1","Setup+1"],"picked":"SKIP","floor":42.0},{"not_picked":["Deflect","Finisher+1","Prepared+1"],"picked":"SKIP","floor":44.0},{"not_picked":["Flying Knee+1","Dagger Spray+1"],"picked":"Escape Plan+1","floor":45.0},{"not_picked":["Setup","Masterful Stab+1","Dodge and Roll"],"picked":"SKIP","floor":48.0},{"not_picked":["Dagger Throw+1","Poisoned Stab+1","Terror"],"picked":"SKIP","floor":55.0}],"player_experience":3182426,"relics_obtained":[{"floor":7.0,"key":"Nunchaku"},{"floor":9.0,"key":"Ice Cream"},{"floor":12.0,"key":"WingedGreaves"},{"floor":24.0,"key":"Calipers"},{"floor":25.0,"key":"Peace Pipe"},{"floor":30.0,"key":"Torii"},{"floor":40.0,"key":"Molten Egg 2"},{"floor":42.0,"key":"Tingsha"},{"floor":43.0,"key":"Meat on the Bone"},{"floor":44.0,"key":"Blood Vial"},{"floor":45.0,"key":"Anchor"},{"floor":55.0,"key":"Bottled Lightning"}],"event_choices":[{"cards_removed":["Defend_G"],"damage_healed":0.0,"max_hp_gain":0.0,"max_hp_loss":0.0,"gold_gain":0.0,"event_name":"Golden Wing","player_choice":"Card Removal","floor":2.0,"gold_loss":0.0,"damage_taken":7.0},{"damage_healed":0.0,"max_hp_gain":0.0,"max_hp_loss":0.0,"gold_gain":0.0,"cards_transformed":["Strike_G"],"event_name":"Living Wall","player_choice":"Change","floor":4.0,"gold_loss":0.0,"damage_taken":0.0,"cards_obtained":["Grand Finale"]},{"damage_healed":0.0,"max_hp_gain":5.0,"max_hp_loss":0.0,"gold_gain":0.0,"event_name":"Big Fish","player_choice":"Donut","floor":5.0,"gold_loss":0.0,"damage_taken":0.0},{"damage_healed":0.0,"max_hp_gain":0.0,"max_hp_loss":0.0,"gold_gain":0.0,"event_name":"Addict","player_choice":"Obtained Relic","floor":19.0,"gold_loss":85.0,"damage_taken":0.0,"relics_obtained":["Ancient Tea Set"]},{"damage_healed":0.0,"max_hp_gain":0.0,"max_hp_loss":0.0,"gold_gain":0.0,"event_name":"Vampires","player_choice":"Ignored","floor":22.0,"gold_loss":0.0,"damage_taken":0.0},{"damage_healed":0.0,"max_hp_gain":5.0,"max_hp_loss":0.0,"gold_gain":0.0,"event_name":"Forgotten Altar","player_choice":"Shed Blood","floor":27.0,"gold_loss":0.0,"damage_taken":23.0},{"damage_healed":0.0,"max_hp_gain":0.0,"max_hp_loss":0.0,"gold_gain":0.0,"event_name":"Drug Dealer","player_choice":"Inject Mutagens","floor":31.0,"gold_loss":0.0,"damage_taken":0.0,"relics_obtained":["MutagenicStrength"]},{"damage_healed":0.0,"max_hp_gain":0.0,"max_hp_loss":0.0,"gold_gain":0.0,"event_name":"Tomb of Lord Red Mask","player_choice":"Ignored","floor":37.0,"gold_loss":0.0,"damage_taken":0.0},{"damage_healed":0.0,"max_hp_gain":0.0,"max_hp_loss":0.0,"gold_gain":0.0,"event_name":"SensoryStone","player_choice":"Memory 1","floor":38.0,"gold_loss":0.0,"damage_taken":0.0},{"cards_removed":["Backflip"],"damage_healed":0.0,"max_hp_gain":0.0,"max_hp_loss":0.0,"gold_gain":0.0,"event_name":"Falling","player_choice":"Removed Skill","floor":41.0,"gold_loss":0.0,"damage_taken":0.0}],"is_beta":true,"boss_relics":[{"not_picked":["Lizard Tail","WristBlade"],"picked":"Pandora\u0027s Box"},{"not_picked":["Cursed Key","Velvet Choker"],"picked":"Empty Cage"}],"items_purged_floors":[11,13,39],"is_endless":false,"potions_floor_spawned":[1,16,18,20,21,25,29,35,44,55],"ascension_level":20}