{"gold_per_floor":[114,114,39,54,54,54,88,108,133,165,190,202,15,34,34,111,111,125,125,125,136,61,95,95,123,123,223,223,251,264,275,275,352,352,372,372,388,388,43,43,68,81,128,128,147,172,188,188,188,188,188,188,188,138,170,170],"floor_reached":57,"playtime":3169,"items_purged":["Strike_G","Defend_G+1","Defend_G+1"],"score":3415,"play_id":"2fbbad8f-65d9-4a61-b078-bbb5fb66f419","local_time":"20190814015801","is_ascension_mode":true,"campfire_choices":[{"data":"Burst","floor":6.0,"key":"SMITH"},{"data":"Footwork","floor":12.0,"key":"SMITH"},{"data":"Bouncing Flask","floor":15.0,"key":"SMITH"},{"data":"Calculated Gamble","floor":24.0,"key":"SMITH"},{"data":"Calculated Gamble","floor":28.0,"key":"SMITH"},{"data":"Ghostly","floor":32.0,"key":"SMITH"},{"data":"Well Laid Plans","floor":40.0,"key":"SMITH"},{"data":"Grand Finale","floor":44.0,"key":"SMITH"},{"floor":49.0,"key":"RECALL"},{"data":"Catalyst","floor":53.0,"key":"SMITH"}],"neow_cost":"NONE","seed_source_timestamp":0,"circlet_count":0,"master_deck":["AscendersBane","Defend_G+1","Defend_G+1","Defend_G+1","Survivor+1","Neutralize+1","Escape Plan+1","Burst+1","Backflip+1","PiercingWail+1","Footwork+1","Bouncing Flask+1","Calculated Gamble+1","Well Laid Plans+1","Acrobatics+1","Adrenaline+1","Ghostly+1","Ghostly+1","Ghostly+1","Calculated Gamble+1","Adrenaline+1","Doppelganger+1","Tactician+1","Well Laid Plans+1","Grand Finale+1","Catalyst+1","Acrobatics+1"],"special_seed":0,"relics":["Ring of the Snake","NeowsBlessing","Happy Flower","MawBank","Black Star","Shuriken","Blood Vial","Singing Bowl","Turnip","Du-Vu Doll","Mummified Hand","Dream Catcher","Vajra","Empty Cage","Mark of the Bloom","Lantern","Frozen Egg 2","Art of War","Smiling Mask","Question Card","Potion Belt","Orichalcum","Unceasing Top"],"potions_floor_usage":[56,56],"damage_taken":[{"damage":0.0,"enemies":"Small Slimes","floor":1.0,"turns":1.0},{"damage":0.0,"enemies":"2 Louse","floor":4.0,"turns":1.0},{"damage":0.0,"enemies":"3 Sentries","floor":7.0,"turns":1.0},{"damage":0.0,"enemies":"Cultist","floor":8.0,"turns":4.0},{"damage":14.0,"enemies":"Exordium Wildlife","floor":10.0,"turns":9.0},{"damage":3.0,"enemies":"3 Louse","floor":11.0,"turns":8.0},{"damage":11.0,"enemies":"Looter","floor":14.0,"turns":4.0},{"damage":18.0,"enemies":"Hexaghost","floor":16.0,"turns":9.0},{"damage":6.0,"enemies":"Chosen","floor":18.0,"turns":5.0},{"damage":0.0,"enemies":"Spheric Guardian","floor":21.0,"turns":6.0},{"damage":10.0,"enemies":"Gremlin Leader","floor":23.0,"turns":8.0},{"damage":3.0,"enemies":"Book of Stabbing","floor":25.0,"turns":6.0},{"damage":3.0,"enemies":"Colosseum Slavers","floor":27.0,"turns":6.0},{"damage":20.0,"enemies":"Colosseum Nobs","floor":27.0,"turns":9.0},{"damage":0.0,"enemies":"Gremlin Leader","floor":29.0,"turns":7.0},{"damage":3.0,"enemies":"Snake Plant","floor":30.0,"turns":5.0},{"damage":1.0,"enemies":"Snecko","floor":31.0,"turns":9.0},{"damage":8.0,"enemies":"Champ","floor":33.0,"turns":16.0},{"damage":2.0,"enemies":"3 Darklings","floor":35.0,"turns":7.0},{"damage":0.0,"enemies":"Orb Walker","floor":37.0,"turns":3.0},{"damage":0.0,"enemies":"Reptomancer","floor":41.0,"turns":7.0},{"damage":0.0,"enemies":"Spire Growth","floor":42.0,"turns":3.0},{"damage":0.0,"enemies":"3 Darklings","floor":45.0,"turns":2.0},{"damage":0.0,"enemies":"Giant Head","floor":46.0,"turns":4.0},{"damage":0.0,"enemies":"4 Shapes","floor":47.0,"turns":2.0},{"damage":0.0,"enemies":"Donu and Deca","floor":50.0,"turns":5.0},{"damage":0.0,"enemies":"Time Eater","floor":51.0,"turns":8.0},{"damage":0.0,"enemies":"Shield and Spear","floor":55.0,"turns":2.0},{"damage":0,"enemies":"The Heart","floor":56,"turns":7}],"seed_played":"-1354831344978399930","potions_obtained":[{"floor":1.0,"key":"GamblersBrew"},{"floor":7.0,"key":"Fire Potion"},{"floor":10.0,"key":"Explosive Potion"},{"floor":25.0,"key":"Explosive Potion"},{"floor":27.0,"key":"Energy Potion"},{"floor":29.0,"key":"Swift Potion"},{"floor":30.0,"key":"Explosive Potion"},{"floor":33.0,"key":"FearPotion"},{"floor":37.0,"key":"PowerPotion"},{"floor":41.0,"key":"SpeedPotion"},{"floor":47.0,"key":"EssenceOfSteel"}],"is_trial":false,"path_per_floor":["M","?","?","M","?","R","E","M","T","M","M","R","$","M","R","B",null,"M","?","?","M","$","E","R","E","T","?","R","E","M","M","R","B",null,"M","?","M","?","$","R","E","M","T","R","M","E","M","?","R","B","B",null,"R","$","E","B",null],"character_chosen":"THE_SILENT","items_purchased":["Bouncing Flask","Calculated Gamble","Well Laid Plans","Well Laid Plans","Lantern"],"campfire_rested":0,"item_purchase_floors":[13,13,13,39,39],"current_hp_per_floor":[59,59,59,59,59,59,59,59,59,45,42,42,42,31,31,13,53,47,33,33,33,33,23,23,24,24,5,5,9,10,11,11,5,31,31,31,31,31,31,31,31,31,31,31,31,31,31,31,31,31,31,31,31,31,31,31],"gold":170,"neow_bonus":"THREE_ENEMY_KILL","is_prod":false,"is_daily":false,"chose_seed":false,"campfire_upgraded":9,"win_rate":0,"timestamp":1565715481,"path_taken":["M","?","?","M","?","R","E","M","T","M","M","R","$","?","R","BOSS","M","?","?","M","$","E","R","E","T","?","R","E","M","M","R","BOSS","M","?","M","?","$","R","E","M","T","R","M","E","?","?","R","BOSS","BOSS","R","$","E","BOSS"],"build_version":"2019-07-17","purchased_purges":3,"victory":true,"max_hp_per_floor":[66,66,66,66,66,66,66,66,66,66,66,66,66,66,66,66,66,66,33,33,33,33,33,33,35,35,35,35,37,39,39,39,39,39,39,39,41,41,41,41,41,43,43,43,43,45,47,45,45,45,45,45,45,45,45,45],"card_choices":[{"not_picked":["Choke","Riddle With Holes","Bane"],"picked":"SKIP","floor":1.0},{"not_picked":["Backflip","Reflex"],"picked":"Escape Plan","floor":4.0},{"not_picked":["Slice","Backflip","Acrobatics"],"picked":"SKIP","floor":7.0},{"not_picked":["Backflip","Slice","Reflex"],"picked":"SKIP","floor":8.0},{"not_picked":["Dagger Spray","Cloak And Dagger"],"picked":"PiercingWail","floor":10.0},{"not_picked":["Slice","Leg Sweep"],"picked":"Footwork","floor":11.0},{"not_picked":["Setup","Caltrops"],"picked":"Acrobatics","floor":14.0},{"not_picked":["After Image","Storm of Steel"],"picked":"Adrenaline","floor":16.0},{"not_picked":["Blade Dance","Quick Slash","Crippling Poison"],"picked":"SKIP","floor":18.0},{"not_picked":["Infinite Blades+1","Deflect","Backflip"],"picked":"SKIP","floor":21.0},{"not_picked":["Acrobatics","Endless Agony","Sucker Punch"],"picked":"SKIP","floor":23.0},{"not_picked":["Outmaneuver","Distraction","Terror"],"picked":"Singing Bowl","floor":25.0},{"not_picked":["Flying Knee+1","Acrobatics"],"picked":"Calculated Gamble","floor":27.0},{"not_picked":["Bane","Acrobatics","All Out Attack"],"picked":"Singing Bowl","floor":29.0},{"not_picked":["Flechettes","Dagger Spray","Slice+1"],"picked":"Singing Bowl","floor":30.0},{"not_picked":["PiercingWail","Deflect"],"picked":"Adrenaline","floor":31.0},{"not_picked":["Unload","Bullet Time"],"picked":"Doppelganger","floor":33.0},{"not_picked":["Deflect","Leg Sweep"],"picked":"Tactician+1","floor":35.0},{"not_picked":["Leg Sweep","Dagger Throw","Sucker Punch"],"picked":"Singing Bowl","floor":37.0},{"not_picked":["Tactician+1","PiercingWail+1"],"picked":"Grand Finale","floor":41.0},{"not_picked":["Deflect","Outmaneuver","Underhanded Strike"],"picked":"Singing Bowl","floor":42.0},{"not_picked":["Footwork+1","Poisoned Stab+1"],"picked":"Catalyst","floor":45.0},{"not_picked":["Infinite Blades+1","Expertise+1","Dagger Throw"],"picked":"Singing Bowl","floor":46.0},{"not_picked":["Quick Slash","Flying Knee","Choke","Setup"],"picked":"Singing Bowl","floor":47.0},{"not_picked":["Poisoned Stab","Reflex","Sucker Punch"],"picked":"Acrobatics+1","floor":55.0}],"player_experience":885059,"relics_obtained":[{"floor":7.0,"key":"Happy Flower"},{"floor":9.0,"key":"MawBank"},{"floor":23.0,"key":"Shuriken"},{"floor":23.0,"key":"Blood Vial"},{"floor":25.0,"key":"Singing Bowl"},{"floor":25.0,"key":"Turnip"},{"floor":27.0,"key":"Du-Vu Doll"},{"floor":27.0,"key":"Mummified Hand"},{"floor":29.0,"key":"Dream Catcher"},{"floor":29.0,"key":"Vajra"},{"floor":41.0,"key":"Frozen Egg 2"},{"floor":41.0,"key":"Art of War"},{"floor":43.0,"key":"Smiling Mask"},{"floor":46.0,"key":"Question Card"},{"floor":46.0,"key":"Potion Belt"},{"floor":55.0,"key":"Orichalcum"},{"floor":55.0,"key":"Unceasing Top"}],"event_choices":[{"damage_healed":0.0,"max_hp_gain":0.0,"max_hp_loss":0.0,"gold_gain":0.0,"event_name":"Liars Game","player_choice":"Ignored","floor":2.0,"gold_loss":0.0,"damage_taken":0.0},{"cards_removed":["Strike_G"],"damage_healed":0.0,"max_hp_gain":0.0,"max_hp_loss":0.0,"gold_gain":0.0,"event_name":"The Cleric","player_choice":"Card Removal","floor":3.0,"gold_loss":75.0,"damage_taken":0.0},{"damage_healed":0.0,"max_hp_gain":0.0,"max_hp_loss":0.0,"gold_gain":0.0,"event_name":"Match and Keep!","player_choice":"2 cards matched","floor":5.0,"gold_loss":0.0,"damage_taken":0.0,"cards_obtained":["Burst","Backflip"]},{"damage_healed":0.0,"max_hp_gain":0.0,"max_hp_loss":33.0,"gold_gain":0.0,"event_name":"Ghosts","player_choice":"Became a Ghost","floor":19.0,"gold_loss":0.0,"damage_taken":0.0,"cards_obtained":["Ghostly","Ghostly","Ghostly"]},{"damage_healed":0.0,"max_hp_gain":0.0,"max_hp_loss":0.0,"gold_gain":0.0,"event_name":"Vampires","player_choice":"Ignored","floor":20.0,"gold_loss":0.0,"damage_taken":0.0},{"damage_healed":0.0,"max_hp_gain":0.0,"max_hp_loss":0.0,"gold_gain":0.0,"event_name":"Colosseum","player_choice":"Fight","floor":27.0,"gold_loss":0.0,"damage_taken":0.0},{"damage_healed":0.0,"max_hp_gain":0.0,"max_hp_loss":0.0,"gold_gain":0.0,"event_name":"Colosseum","player_choice":"Fought Nobs","floor":27.0,"gold_loss":0.0,"damage_taken":0.0},{"damage_healed":0.0,"max_hp_gain":0.0,"max_hp_loss":0.0,"gold_gain":0.0,"event_name":"MindBloom","player_choice":"Upgrade","floor":36.0,"gold_loss":0.0,"damage_taken":0.0,"cards_upgraded":["Strike_G","Defend_G","Defend_G","Defend_G","Defend_G","Defend_G","Survivor","Neutralize","Escape Plan","Backflip","PiercingWail","Well Laid Plans","Acrobatics","Adrenaline","Ghostly","Ghostly","Adrenaline","Doppelganger"],"relics_obtained":["Mark of the Bloom"]},{"cards_removed":["Strike_G"],"damage_healed":0.0,"max_hp_gain":0.0,"max_hp_loss":0.0,"gold_gain":0.0,"event_name":"Wheel of Change","player_choice":"Card Removal","floor":38.0,"gold_loss":0.0,"damage_taken":0.0},{"damage_healed":0.0,"max_hp_gain":0.0,"max_hp_loss":2.0,"gold_gain":0.0,"event_name":"Winding Halls","player_choice":"Max HP","floor":48.0,"gold_loss":0.0,"damage_taken":0.0}],"is_beta":false,"boss_relics":[{"not_picked":["Ring of the Serpent","WristBlade"],"picked":"Black Star"},{"not_picked":["Snecko Eye","White Beast Statue"],"picked":"Empty Cage"}],"items_purged_floors":[22,39,54],"is_endless":false,"potions_floor_spawned":[1,7,10,11,25,27,29,30,33,37,41,42,47],"ascension_level":20}