{"gold_per_floor":[118,134,152,21,71,71,134,134,184,211,227,239,239,267,267,267],"floor_reached":16,"playtime":348,"items_purged":["Strike_G"],"score":290,"play_id":"865bb67b-d4bd-4d41-aaa5-23f4c737813f","local_time":"20190820113434","is_ascension_mode":true,"campfire_choices":[{"data":"Neutralize","floor":6.0,"key":"SMITH"},{"data":"Masterful Stab","floor":8.0,"key":"SMITH"},{"data":"Finisher","floor":15.0,"key":"SMITH"}],"neow_cost":"NONE","seed_source_timestamp":461420214423636,"circlet_count":0,"master_deck":["AscendersBane","Strike_G","Strike_G","Strike_G","Strike_G","Defend_G","Defend_G","Defend_G","Defend_G","Defend_G","Survivor","Neutralize+1","Heel Hook","Finisher+1","Acrobatics","Masterful Stab+1","PiercingWail"],"special_seed":0,"relics":["Ring of the Snake","NeowsBlessing","Tiny Chest","Snake Skull","Oddly Smooth Stone","Pen Nib","Dream Catcher"],"potions_floor_usage":[],"damage_taken":[{"damage":0.0,"enemies":"Cultist","floor":1.0,"turns":1.0},{"damage":0.0,"enemies":"2 Louse","floor":2.0,"turns":1.0},{"damage":0.0,"enemies":"Small Slimes","floor":3.0,"turns":1.0},{"damage":12.0,"enemies":"Lagavulin","floor":7.0,"turns":5.0},{"damage":17.0,"enemies":"3 Sentries","floor":10.0,"turns":9.0},{"damage":0.0,"enemies":"Exordium Thugs","floor":11.0,"turns":6.0},{"damage":0.0,"enemies":"Blue Slaver","floor":12.0,"turns":4.0},{"damage":0.0,"enemies":"Gremlin Nob","floor":14.0,"turns":3.0},{"damage":0,"enemies":"Hexaghost","floor":16,"turns":8}],"seed_played":"4795185149760498230","potions_obtained":[{"floor":1.0,"key":"Fire Potion"},{"floor":10.0,"key":"PowerPotion"},{"floor":12.0,"key":"SpeedPotion"}],"is_trial":false,"path_per_floor":["M","M","M","$","?","R","E","R","T","E","M","M","?","E","R","B"],"character_chosen":"THE_SILENT","items_purchased":["Acrobatics"],"campfire_rested":0,"item_purchase_floors":[4],"current_hp_per_floor":[59,59,59,59,53,53,41,41,41,24,24,24,19,19,19,19],"gold":267,"neow_bonus":"THREE_ENEMY_KILL","is_prod":false,"is_daily":false,"chose_seed":false,"campfire_upgraded":3,"win_rate":0,"timestamp":1566268474,"path_taken":["M","?","M","$","?","R","E","R","T","E","?","M","?","E","R","BOSS"],"build_version":"2019-07-17","purchased_purges":1,"victory":false,"max_hp_per_floor":[66,66,66,66,66,66,66,66,66,66,66,66,66,66,66,66],"card_choices":[{"not_picked":["Infinite Blades","Dagger Spray"],"picked":"Heel Hook","floor":1.0},{"not_picked":["Dodge and Roll","Endless Agony"],"picked":"Finisher","floor":2.0},{"not_picked":["Cloak And Dagger","Underhanded Strike","Wraith Form v2"],"picked":"SKIP","floor":3.0},{"not_picked":["Prepared","Cloak And Dagger"],"picked":"Masterful Stab","floor":7.0},{"not_picked":["Unload","Dagger Spray","Underhanded Strike"],"picked":"SKIP","floor":10.0},{"not_picked":["Blade Dance","Sucker Punch"],"picked":"PiercingWail","floor":11.0},{"not_picked":["PiercingWail","Underhanded Strike","Leg Sweep"],"picked":"SKIP","floor":12.0},{"not_picked":["Outmaneuver","Blade Dance","Masterful Stab"],"picked":"SKIP","floor":14.0}],"player_experience":952252,"relics_obtained":[{"floor":7.0,"key":"Tiny Chest"},{"floor":9.0,"key":"Snake Skull"},{"floor":10.0,"key":"Oddly Smooth Stone"},{"floor":14.0,"key":"Dream Catcher"}],"event_choices":[{"damage_healed":0.0,"max_hp_gain":0.0,"max_hp_loss":0.0,"gold_gain":50.0,"event_name":"FaceTrader","player_choice":"Touch","floor":5.0,"gold_loss":0.0,"damage_taken":6.0},{"damage_healed":0.0,"max_hp_gain":0.0,"max_hp_loss":0.0,"gold_gain":0.0,"event_name":"Scrap Ooze","player_choice":"Success","floor":13.0,"gold_loss":0.0,"damage_taken":5.0,"relics_obtained":["Pen Nib"]}],"is_beta":false,"boss_relics":[],"items_purged_floors":[4],"is_endless":false,"potions_floor_spawned":[1,10,12],"killed_by":"Hexaghost","ascension_level":20}