{"gold_per_floor":[113,113,113,113,126,126,161,161,161,161,177,190,190,208,208,313,313,325,325,336,28,28,28,61,61,61,61,61,61,81,97,97,97],"floor_reached":33,"playtime":2092,"items_purged":[],"score":263,"play_id":"031cfa27-2b1e-42d5-9f67-8ae46a760cc3","local_time":"20190828183107","is_ascension_mode":false,"campfire_choices":[{"data":"Lockon","floor":6,"key":"SMITH"},{"floor":8,"key":"REST"},{"floor":10,"key":"REST"},{"floor":15,"key":"REST"},{"floor":23,"key":"REST"},{"floor":25,"key":"REST"},{"data":"Undo","floor":27,"key":"SMITH"},{"floor":32,"key":"REST"}],"neow_cost":"NONE","seed_source_timestamp":355637784511907,"circlet_count":0,"master_deck":["Strike_B+1","Defend_B+1","Defend_B+1","Defend_B+1","Defend_B+1","Zap","Dualcast","Lockon+1","Rebound","Ball Lightning","Conserve Battery","Undo+1","Capacitor","Lockon","Glacier","Buffer","Sweeping Beam","Stack","Rebound","Leap","Rebound","Auto Shields","Ball Lightning+1","Go for the Eyes","Redo","Genetic Algorithm","Storm+1","Conserve Battery+1"],"relics":["Cracked Core","Kunai","Bag of Preparation","Orrery","Toy Ornithopter","Matryoshka","PreservedInsect","Gremlin Horn"],"potions_floor_usage":[7,20,24],"damage_taken":[{"damage":7,"enemies":"Small Slimes","floor":1,"turns":4},{"damage":6,"enemies":"Jaw Worm","floor":5,"turns":3},{"damage":26,"enemies":"Lagavulin","floor":7,"turns":4},{"damage":0,"enemies":"2 Louse","floor":11,"turns":2},{"damage":0,"enemies":"Large Slime","floor":12,"turns":4},{"damage":13,"enemies":"Red Slaver","floor":14,"turns":2},{"damage":14,"enemies":"Slime Boss","floor":16,"turns":10},{"damage":38,"enemies":"3 Byrds","floor":18,"turns":8},{"damage":0,"enemies":"Shell Parasite","floor":20,"turns":10},{"damage":33,"enemies":"Gremlin Leader","floor":24,"turns":8},{"damage":16,"enemies":"Centurion and Healer","floor":30,"turns":8},{"damage":28,"enemies":"Snake Plant","floor":31,"turns":7},{"damage":67,"enemies":"Collector","floor":33,"turns":6}],"seed_played":"-2430934073243742479","potions_obtained":[{"floor":1,"key":"LiquidBronze"},{"floor":12,"key":"Swift Potion"},{"floor":14,"key":"Regen Potion"},{"floor":24,"key":"Dexterity Potion"}],"is_trial":false,"path_per_floor":["M","?","?","?","M","R","E","R","T","R","M","M","?","M","R","B",null,"M","?","M","$","?","R","E","R","T","R","?","?","M","M","R","B"],"character_chosen":"DEFECT","items_purchased":["Toy Ornithopter","Explosive Potion","Go for the Eyes"],"campfire_rested":6,"item_purchase_floors":[21,21,21],"current_hp_per_floor":[75,75,75,75,69,69,43,67,67,82,82,82,82,69,82,68,82,44,44,59,59,59,82,49,73,73,73,73,73,57,29,53,0],"gold":97,"neow_bonus":"TEN_PERCENT_HP_BONUS","is_prod":false,"is_daily":false,"chose_seed":false,"campfire_upgraded":2,"win_rate":0,"timestamp":1567042267,"path_taken":["M","?","?","?","M","R","E","R","T","R","M","M","?","?","R","BOSS","M","?","?","$","?","R","E","R","T","R","?","?","M","?","R","BOSS"],"build_version":"2019-07-17","purchased_purges":0,"victory":false,"max_hp_per_floor":[82,82,82,82,82,82,82,82,82,82,82,82,82,82,82,82,82,82,82,82,82,82,82,82,82,82,82,82,82,82,82,82,82],"card_choices":[{"not_picked":["Compile Driver","Hologram"],"picked":"Lockon","floor":1},{"not_picked":["Streamline","Cold Snap"],"picked":"Ball Lightning","floor":5},{"not_picked":["Defragment","Reprogram"],"picked":"Conserve Battery","floor":7},{"not_picked":["Multi-Cast","Turbo"],"picked":"Undo","floor":11},{"not_picked":["Loop","Hologram"],"picked":"Capacitor","floor":12},{"not_picked":["Go for the Eyes","Defragment"],"picked":"Glacier","floor":14},{"not_picked":["Rainbow","Fission"],"picked":"Buffer","floor":16},{"not_picked":["Gash","Go for the Eyes"],"picked":"Sweeping Beam","floor":17},{"not_picked":["Defragment","Cold Snap"],"picked":"Stack","floor":17},{"not_picked":["Lockon","Sweeping Beam"],"picked":"Rebound","floor":17},{"not_picked":["Go for the Eyes","Meteor Strike"],"picked":"Leap","floor":17},{"not_picked":["Turbo","Force Field"],"picked":"Rebound","floor":17},{"not_picked":["Doom and Gloom","Steam"],"picked":"Auto Shields","floor":18},{"not_picked":["Rip and Tear","Turbo"],"picked":"Ball Lightning+1","floor":20},{"not_picked":["Rebound","Stack"],"picked":"Redo","floor":24},{"not_picked":["Recycle+1","Fission"],"picked":"Storm+1","floor":30},{"not_picked":["Rebound","Double Energy"],"picked":"Conserve Battery+1","floor":31}],"player_experience":457667,"relics_obtained":[{"floor":7,"key":"Kunai"},{"floor":9,"key":"Bag of Preparation"},{"floor":24,"key":"Matryoshka"},{"floor":26,"key":"PreservedInsect"},{"floor":26,"key":"Gremlin Horn"}],"event_choices":[{"damage_healed":0,"gold_gain":0,"player_choice":"Ignored","damage_taken":0,"max_hp_gain":0,"max_hp_loss":0,"event_name":"Shining Light","floor":2,"gold_loss":0},{"damage_healed":0,"gold_gain":0,"cards_transformed":["Strike_B"],"player_choice":"Change","damage_taken":0,"max_hp_gain":0,"max_hp_loss":0,"event_name":"Living Wall","floor":3,"gold_loss":0,"cards_obtained":["Rebound"]},{"damage_healed":0,"gold_gain":0,"player_choice":"Ignored","damage_taken":0,"max_hp_gain":0,"max_hp_loss":0,"event_name":"Golden Idol","floor":4,"gold_loss":0},{"damage_healed":0,"gold_gain":0,"cards_transformed":["Strike_B"],"player_choice":"Transformed","damage_taken":0,"max_hp_gain":0,"max_hp_loss":0,"event_name":"Transmorgrifier","floor":13,"gold_loss":0,"cards_obtained":["Lockon"]},{"cards_removed":["Strike_B"],"damage_healed":0,"gold_gain":0,"player_choice":"Offered Basic","damage_taken":0,"max_hp_gain":0,"max_hp_loss":0,"event_name":"Bonfire Elementals","floor":19,"gold_loss":0},{"damage_healed":0,"gold_gain":0,"player_choice":"Simplicity","damage_taken":0,"max_hp_gain":0,"max_hp_loss":0,"event_name":"Back to Basics","floor":22,"gold_loss":0,"cards_upgraded":["Strike_B","Defend_B","Defend_B","Defend_B","Defend_B"]},{"damage_healed":0,"gold_gain":0,"player_choice":"Read","damage_taken":0,"max_hp_gain":0,"max_hp_loss":0,"event_name":"The Library","floor":28,"gold_loss":0,"cards_obtained":["Genetic Algorithm"]},{"damage_healed":0,"gold_gain":0,"player_choice":"Ignored","damage_taken":0,"max_hp_gain":0,"max_hp_loss":0,"event_name":"Vampires","floor":29,"gold_loss":0}],"is_beta":false,"boss_relics":[{"not_picked":["Pandora\u0027s Box","Eternal Feather"],"picked":"Orrery"}],"items_purged_floors":[],"is_endless":false,"potions_floor_spawned":[1,12,14,24],"killed_by":"Collector","ascension_level":0}