{"gold_per_floor":[219,494,510,528,284,284,297,314,337,349,64,82,82,109,109,187,187,198,218,93,103,103,129,141,178,190,202,247,269,307,319,331,418,430,459,471,165,175,192,220,220,114,164,176,208,208,239,250,250,250,250,250,250,15,40,40],"floor_reached":57,"playtime":3029,"items_purged":["Regret","Strike_G","Strike_G","Strike_G"],"score":3548,"play_id":"607c70a4-154a-419e-a248-8fc90db0478a","local_time":"20190912182446","is_ascension_mode":true,"campfire_choices":[{"data":"Neutralize","floor":6.0,"key":"SMITH"},{"data":"Acrobatics","floor":15.0,"key":"SMITH"},{"data":"Calculated Gamble","floor":24.0,"key":"SMITH"},{"data":"Tactician","floor":27.0,"key":"SMITH"},{"data":"Well Laid Plans","floor":32.0,"key":"SMITH"},{"floor":41.0,"key":"REST"},{"floor":49.0,"key":"RECALL"},{"data":"Acrobatics","floor":53,"key":"SMITH"}],"neow_cost":"NONE","seed_source_timestamp":28634990122523,"circlet_count":0,"master_deck":["AscendersBane","Defend_G","Defend_G","Defend_G","Defend_G","Defend_G","Survivor","Neutralize+1","PiercingWail","Grand Finale","Terror","Tactician+1","Well Laid Plans+1","Acrobatics+1","Bouncing Flask","Acrobatics+1","After Image","Calculated Gamble+1","Acrobatics+1","Panacea+1","Purity+1","Calculated Gamble+1","Deep Breath+1","Backflip+1"],"special_seed":0,"relics":["Ring of the Snake","Anchor","Bronze Scales","HoveringKite","MawBank","Ornamental Fan","Toxic Egg 2","Matryoshka","SacredBark","Omamori","Dream Catcher","Singing Bowl","Bag of Marbles","InkBottle","Blood Vial","Snake Skull"],"potions_floor_usage":[56],"damage_taken":[{"damage":4.0,"enemies":"2 Louse","floor":1.0,"turns":3.0},{"damage":8.0,"enemies":"Cultist","floor":3.0,"turns":5.0},{"damage":5.0,"enemies":"Small Slimes","floor":4.0,"turns":4.0},{"damage":0.0,"enemies":"3 Louse","floor":7.0,"turns":5.0},{"damage":13.0,"enemies":"Lots of Slimes","floor":8.0,"turns":5.0},{"damage":26.0,"enemies":"Large Slime","floor":10.0,"turns":8.0},{"damage":0.0,"enemies":"Blue Slaver","floor":12.0,"turns":10.0},{"damage":0.0,"enemies":"Gremlin Nob","floor":14.0,"turns":2.0},{"damage":0.0,"enemies":"The Guardian","floor":16.0,"turns":8.0},{"damage":7.0,"enemies":"Spheric Guardian","floor":18.0,"turns":8.0},{"damage":0.0,"enemies":"3 Byrds","floor":19.0,"turns":2.0},{"damage":7.0,"enemies":"Shelled Parasite and Fungi","floor":21.0,"turns":4.0},{"damage":0.0,"enemies":"Sentry and Sphere","floor":22.0,"turns":2.0},{"damage":0.0,"enemies":"Slavers","floor":23.0,"turns":2.0},{"damage":0.0,"enemies":"Gremlin Leader","floor":25.0,"turns":3.0},{"damage":2.0,"enemies":"Slavers","floor":28.0,"turns":3.0},{"damage":0.0,"enemies":"Centurion and Healer","floor":29.0,"turns":3.0},{"damage":10.0,"enemies":"Gremlin Leader","floor":30.0,"turns":6.0},{"damage":0.0,"enemies":"Champ","floor":33.0,"turns":7.0},{"damage":0.0,"enemies":"3 Shapes","floor":35.0,"turns":1.0},{"damage":0.0,"enemies":"Orb Walker","floor":38.0,"turns":2.0},{"damage":19.0,"enemies":"Jaw Worm Horde","floor":39.0,"turns":3.0},{"damage":7.0,"enemies":"Nemesis","floor":40.0,"turns":3.0},{"damage":2.0,"enemies":"4 Shapes","floor":44.0,"turns":3.0},{"damage":0.0,"enemies":"Reptomancer","floor":45.0,"turns":2.0},{"damage":0.0,"enemies":"Nemesis","floor":47.0,"turns":3.0},{"damage":0.0,"enemies":"Transient","floor":48.0,"turns":2.0},{"damage":0.0,"enemies":"Awakened One","floor":50.0,"turns":3.0},{"damage":0,"enemies":"Donu and Deca","floor":51,"turns":2},{"damage":0,"enemies":"Shield and Spear","floor":55,"turns":1},{"damage":41,"enemies":"The Heart","floor":56,"turns":7}],"seed_played":"6049845999298786479","potions_obtained":[{"floor":1.0,"key":"Block Potion"},{"floor":8.0,"key":"FearPotion"},{"floor":12.0,"key":"GamblersBrew"},{"floor":18.0,"key":"SmokeBomb"},{"floor":23.0,"key":"Poison Potion"},{"floor":28.0,"key":"Explosive Potion"},{"floor":30.0,"key":"EssenceOfSteel"},{"floor":33.0,"key":"Dexterity Potion"},{"floor":40.0,"key":"FearPotion"},{"floor":48.0,"key":"SmokeBomb"}],"is_trial":false,"path_per_floor":["M","?","M","M","$","R","M","M","T","M","$","M","?","E","R","B",null,"M","M","$","M","M","E","R","E","T","R","E","M","E","?","R","B",null,"M","?","$","M","M","E","R","$","T","M","E","?","E","M","R","B","B",null,"R","$","E","B",null],"character_chosen":"THE_SILENT","items_purchased":["Grand Finale","DuplicationPotion","Acrobatics","Bouncing Flask","Omamori","Purity+1","Deep Breath+1","Backflip+1","AttackPotion","Explosive Potion"],"campfire_rested":1,"item_purchase_floors":[5,11,11,11,37,42,54,54,54,54],"current_hp_per_floor":[55,55,47,42,42,42,42,29,29,3,3,3,3,3,3,3,50,43,43,43,36,36,36,36,36,36,36,34,34,24,24,24,24,56,56,46,46,46,27,20,39,39,39,37,39,39,41,45,45,47,49,66,66,66,70,31],"gold":40,"neow_bonus":"HUNDRED_GOLD","is_prod":false,"is_daily":false,"chose_seed":false,"campfire_upgraded":6,"win_rate":0,"timestamp":1568280286,"path_taken":["M","?","M","?","$","R","M","M","T","M","$","M","?","E","R","BOSS","M","M","$","?","M","E","R","E","T","R","E","M","E","?","R","BOSS","M","?","$","M","M","E","R","$","T","M","E","?","E","?","R","BOSS","BOSS","R","$","E","BOSS"],"build_version":"2019-09-11","purchased_purges":4,"victory":true,"max_hp_per_floor":[66,66,66,66,66,66,66,66,66,66,66,66,66,66,66,66,66,66,66,66,66,66,66,66,66,66,66,66,66,66,66,66,66,66,66,66,66,66,66,66,66,66,66,66,68,68,70,72,72,72,72,72,72,72,74,74],"card_choices":[{"not_picked":["Accuracy","Underhanded Strike","Dagger Throw"],"picked":"SKIP","floor":1.0},{"not_picked":["Dagger Throw","Quick Slash"],"picked":"PiercingWail","floor":3.0},{"not_picked":["Sucker Punch","Backstab","Skewer"],"picked":"SKIP","floor":4.0},{"not_picked":["Underhanded Strike","Flying Knee"],"picked":"Terror","floor":7.0},{"not_picked":["Prepared","Quick Slash"],"picked":"Tactician","floor":8.0},{"not_picked":["Dagger Throw","Underhanded Strike"],"picked":"Well Laid Plans","floor":10.0},{"not_picked":["Slice","Bouncing Flask","Choke"],"picked":"SKIP","floor":12.0},{"not_picked":["Acrobatics","Blade Dance"],"picked":"After Image","floor":14.0},{"not_picked":["Riddle With Holes","PiercingWail+1"],"picked":"Calculated Gamble","floor":18.0},{"not_picked":["Dodge and Roll","Bouncing Flask","Sucker Punch"],"picked":"SKIP","floor":19.0},{"not_picked":["Dodge and Roll","Catalyst","Slice"],"picked":"SKIP","floor":21.0},{"not_picked":["Storm of Steel","Well Laid Plans","Dagger Spray"],"picked":"SKIP","floor":23.0},{"not_picked":["Deflect","Finisher","Dodge and Roll"],"picked":"SKIP","floor":25.0},{"not_picked":["Cloak And Dagger+1","All Out Attack","Bouncing Flask"],"picked":"SKIP","floor":28.0},{"not_picked":["Predator","Cloak And Dagger+1","Corpse Explosion+1"],"picked":"SKIP","floor":29.0},{"not_picked":["Quick Slash","Outmaneuver+1"],"picked":"Acrobatics+1","floor":30.0},{"not_picked":["Bane","Heel Hook+1","Sucker Punch"],"picked":"SKIP","floor":35.0},{"not_picked":["The Bomb+1","Discovery+1"],"picked":"Panacea+1","floor":36.0},{"not_picked":["Predator","Cloak And Dagger+1","Bane"],"picked":"SKIP","floor":38.0},{"not_picked":["Acrobatics+1","Blade Dance+1","Dagger Throw"],"picked":"SKIP","floor":39.0},{"not_picked":["Flying Knee+1","Acrobatics+1","Skewer+1"],"picked":"SKIP","floor":40.0},{"not_picked":["Noxious Fumes","Tactician+1"],"picked":"Calculated Gamble+1","floor":44.0},{"not_picked":["Masterful Stab","Leg Sweep+1","Poisoned Stab"],"picked":"Singing Bowl","floor":45.0},{"not_picked":["Cloak And Dagger+1","Infinite Blades","Bouncing Flask+1"],"picked":"Singing Bowl","floor":47.0},{"not_picked":["Predator","Phantasmal Killer+1","Sucker Punch+1"],"picked":"Singing Bowl","floor":48.0},{"not_picked":["Terror+1","Noxious Fumes+1","Bane"],"picked":"Singing Bowl","floor":55}],"player_experience":1068889,"relics_obtained":[{"floor":9.0,"key":"Anchor"},{"floor":14.0,"key":"Bronze Scales"},{"floor":23.0,"key":"MawBank"},{"floor":25.0,"key":"Ornamental Fan"},{"floor":28.0,"key":"Toxic Egg 2"},{"floor":30.0,"key":"Matryoshka"},{"floor":40.0,"key":"Dream Catcher"},{"floor":43.0,"key":"Singing Bowl"},{"floor":43.0,"key":"Bag of Marbles"},{"floor":45.0,"key":"InkBottle"},{"floor":47.0,"key":"Blood Vial"},{"floor":55,"key":"Snake Skull"}],"event_choices":[{"damage_healed":0.0,"max_hp_gain":0.0,"max_hp_loss":0.0,"gold_gain":275.0,"event_name":"Golden Shrine","player_choice":"Desecrate","floor":2.0,"gold_loss":0.0,"damage_taken":0.0,"cards_obtained":["Regret"]},{"damage_healed":0.0,"max_hp_gain":0.0,"max_hp_loss":0.0,"gold_gain":0.0,"cards_transformed":["Strike_G"],"event_name":"Transmorgrifier","player_choice":"Transformed","floor":13.0,"gold_loss":0.0,"damage_taken":0.0,"cards_obtained":["Acrobatics"]},{"damage_healed":0.0,"max_hp_gain":0.0,"max_hp_loss":0.0,"gold_gain":0.0,"event_name":"The Mausoleum","player_choice":"Ignored","floor":31.0,"gold_loss":0.0,"damage_taken":0.0},{"damage_healed":0.0,"max_hp_gain":0.0,"max_hp_loss":0.0,"gold_gain":0.0,"event_name":"SensoryStone","player_choice":"Memory 3","floor":36.0,"gold_loss":0.0,"damage_taken":10.0},{"cards_removed":["Strike_G"],"damage_healed":0.0,"max_hp_gain":0.0,"max_hp_loss":0.0,"gold_gain":0.0,"event_name":"Bonfire Elementals","player_choice":"Offered Basic","floor":46.0,"gold_loss":0.0,"damage_taken":0.0}],"is_beta":true,"boss_relics":[{"not_picked":["Runic Pyramid","Fusion Hammer"],"picked":"HoveringKite"},{"not_picked":["Coffee Dripper","Snecko Eye"],"picked":"SacredBark"}],"items_purged_floors":[5,11,20,37],"is_endless":false,"potions_floor_spawned":[1,8,12,18,22,23,28,30,33,38,40,48],"ascension_level":20}