{"gold_per_floor":[117,97,110,125,10,10,10,37,88,108,121,46,61,89,101,185,197,228,140,93,93,93,93,120,120,193,203,203],"floor_reached":28,"playtime":986,"items_purged":["Pain","Strike_R"],"score":621,"play_id":"edb664db-8f05-4e10-bfe8-ae5f2f90b24f","local_time":"20190919233743","is_ascension_mode":true,"campfire_choices":[{"data":"Uppercut","floor":6.0,"key":"SMITH"},{"data":"Armaments","floor":15.0,"key":"SMITH"},{"data":"Evolve","floor":23.0,"key":"SMITH"},{"floor":25.0,"key":"REST"}],"neow_cost":"NONE","seed_source_timestamp":798347216957493,"circlet_count":0,"master_deck":["AscendersBane","Strike_R","Strike_R","Defend_R","Defend_R","Defend_R","Defend_R","Bash","Second Wind","Evolve+1","Uppercut+1","Armaments+1","Feed","Shrug It Off","Power Through","Impervious","Feel No Pain","Body Slam+1"],"special_seed":0,"relics":["Burning Blood","NeowsBlessing","WarpedTongs","Red Skull","Potion Belt","MawBank","Empty Cage","Blood Vial","Molten Egg 2"],"potions_floor_usage":[],"damage_taken":[{"damage":0.0,"enemies":"2 Louse","floor":1.0,"turns":1.0},{"damage":0.0,"enemies":"Cultist","floor":3.0,"turns":1.0},{"damage":0.0,"enemies":"Jaw Worm","floor":4.0,"turns":1.0},{"damage":36.0,"enemies":"Lagavulin","floor":8.0,"turns":8.0},{"damage":8.0,"enemies":"Red Slaver","floor":10.0,"turns":4.0},{"damage":1.0,"enemies":"Exordium Wildlife","floor":11.0,"turns":2.0},{"damage":14.0,"enemies":"3 Louse","floor":13.0,"turns":6.0},{"damage":19.0,"enemies":"3 Sentries","floor":14.0,"turns":9.0},{"damage":0.0,"enemies":"Slime Boss","floor":16.0,"turns":11.0},{"damage":26.0,"enemies":"Shell Parasite","floor":18.0,"turns":18.0},{"damage":25.0,"enemies":"2 Thieves","floor":20.0,"turns":5.0},{"damage":30.0,"enemies":"Slavers","floor":24.0,"turns":11.0},{"damage":27.0,"enemies":"Snake Plant","floor":27.0,"turns":8.0},{"damage":42,"enemies":"Gremlin Leader","floor":28,"turns":5}],"seed_played":"-6256952598214588321","potions_obtained":[{"floor":1.0,"key":"Poison Potion"},{"floor":2.0,"key":"Energy Potion"},{"floor":10.0,"key":"Fire Potion"},{"floor":13.0,"key":"Ancient Potion"},{"floor":18.0,"key":"DuplicationPotion"}],"is_trial":false,"path_per_floor":["M","?","M","M","$","R","?","E","T","M","M","$","M","E","R","B",null,"M","$","M","?","?","R","E","R","T","M","E"],"character_chosen":"IRONCLAD","items_purchased":["Evolve","Uppercut"],"campfire_rested":1,"item_purchase_floors":[5,5],"current_hp_per_floor":[74,74,75,75,75,75,75,45,45,43,51,51,47,38,38,48,80,64,64,49,49,49,49,29,59,59,44,4],"gold":203,"neow_bonus":"THREE_ENEMY_KILL","is_prod":false,"is_daily":false,"chose_seed":false,"campfire_upgraded":3,"win_rate":0,"timestamp":1568907463,"path_taken":["M","?","?","M","$","R","?","E","T","M","?","$","M","E","R","BOSS","M","$","M","?","?","R","E","R","T","M","E"],"build_version":"2019-09-18","purchased_purges":2,"victory":false,"max_hp_per_floor":[75,75,75,75,75,75,75,75,75,75,78,78,82,86,86,90,90,94,94,98,98,98,98,102,102,102,106,106],"card_choices":[{"not_picked":["Infernal Blade","Iron Wave","Flex"],"picked":"SKIP","floor":1.0},{"not_picked":["Burning Pact","Pummel"],"picked":"Second Wind","floor":3.0},{"not_picked":["Thunderclap","Rage","Sever Soul"],"picked":"SKIP","floor":4.0},{"not_picked":["Heavy Blade","Entrench"],"picked":"Armaments","floor":8.0},{"not_picked":["Headbutt","Armaments"],"picked":"Feed","floor":10.0},{"not_picked":["Warcry","Wild Strike"],"picked":"Shrug It Off","floor":11.0},{"not_picked":["Entrench","Anger","Cleave"],"picked":"SKIP","floor":13.0},{"not_picked":["Blood for Blood","Shrug It Off"],"picked":"Power Through","floor":14.0},{"not_picked":["Demon Form","Fiend Fire"],"picked":"Impervious","floor":16.0},{"not_picked":["Clothesline","Metallicize","Wild Strike"],"picked":"SKIP","floor":18.0},{"not_picked":["Shrug It Off","Pommel Strike","Heavy Blade"],"picked":"SKIP","floor":20.0},{"not_picked":["Shrug It Off","Thunderclap","Wild Strike"],"picked":"SKIP","floor":24.0},{"not_picked":["Armaments","Twin Strike+1"],"picked":"Body Slam+1","floor":27.0}],"player_experience":870752,"relics_obtained":[{"floor":8.0,"key":"Red Skull"},{"floor":9.0,"key":"Potion Belt"},{"floor":14.0,"key":"MawBank"},{"floor":24.0,"key":"Blood Vial"},{"floor":26.0,"key":"Molten Egg 2"}],"event_choices":[{"damage_healed":0.0,"max_hp_gain":0.0,"max_hp_loss":0.0,"gold_gain":0.0,"event_name":"The Woman in Blue","player_choice":"Bought 1 Potion","floor":2.0,"gold_loss":0.0,"damage_taken":0.0},{"damage_healed":0.0,"max_hp_gain":0.0,"max_hp_loss":0.0,"gold_gain":0.0,"event_name":"Accursed Blacksmith","player_choice":"Rummage","floor":7.0,"gold_loss":0.0,"damage_taken":0.0,"relics_obtained":["WarpedTongs"],"cards_obtained":["Pain"]},{"damage_healed":0.0,"max_hp_gain":0.0,"max_hp_loss":0.0,"gold_gain":0.0,"event_name":"The Library","player_choice":"Read","floor":21.0,"gold_loss":0.0,"damage_taken":0.0,"cards_obtained":["Feel No Pain"]},{"damage_healed":0.0,"max_hp_gain":0.0,"max_hp_loss":0.0,"gold_gain":0.0,"event_name":"Vampires","player_choice":"Ignored","floor":22.0,"gold_loss":0.0,"damage_taken":0.0}],"is_beta":true,"boss_relics":[{"not_picked":["Snecko Eye","Tiny House"],"picked":"Empty Cage"}],"items_purged_floors":[12,19],"is_endless":false,"potions_floor_spawned":[1,4,10,13,18],"killed_by":"Gremlin Leader","ascension_level":20}