{"gold_per_floor":[118,14,14,32,32,32,60,60,84,118,129,147,147,147,147,218,218,230,230,241,254,36,36,36,48,73,73,23,23,38,38,38,38],"floor_reached":33,"playtime":835,"items_purged":["Strike_B","Strike_B"],"score":556,"play_id":"de309f49-1309-4d6e-9b7b-8f103a535c01","local_time":"20190906182523","is_ascension_mode":true,"campfire_choices":[{"data":"Beam Cell","floor":6,"key":"SMITH"},{"data":"Zap","floor":13,"key":"SMITH"},{"data":"Melter","floor":15,"key":"SMITH"},{"data":"Dualcast","floor":23,"key":"SMITH"},{"data":"Turbo","floor":29,"key":"SMITH"},{"data":"Double Energy","floor":32,"key":"SMITH"}],"neow_cost":"NONE","seed_source_timestamp":846466625346678,"circlet_count":0,"master_deck":["AscendersBane","Strike_B","Defend_B","Defend_B","Defend_B","Defend_B","Zap+1","Dualcast+1","Melter+1","Self Repair","Beam Cell+1","Ball Lightning","Turbo+1","Cold Snap","Glacier","Machine Learning","Double Energy+1","Compile Driver","Ghostly","Ghostly","Ghostly","Hologram"],"special_seed":0,"relics":["Cracked Core","NeowsBlessing","Ginger","Smiling Mask","Pantograph","Black Star","Bag of Preparation","DataDisk","Pear"],"potions_floor_usage":[12,16,18,21,21,33],"damage_taken":[{"damage":0.0,"enemies":"2 Louse","floor":1.0,"turns":1.0},{"damage":0.0,"enemies":"Cultist","floor":4.0,"turns":1.0},{"damage":0,"enemies":"3 Sentries","floor":7,"turns":1},{"damage":25,"enemies":"Lagavulin","floor":10,"turns":7},{"damage":7,"enemies":"Jaw Worm","floor":11,"turns":2},{"damage":7,"enemies":"Exordium Thugs","floor":12,"turns":5},{"damage":19,"enemies":"The Guardian","floor":16,"turns":11},{"damage":0,"enemies":"Chosen","floor":18,"turns":5},{"damage":24,"enemies":"3 Byrds","floor":20,"turns":5},{"damage":17,"enemies":"Snake Plant","floor":21,"turns":6},{"damage":10,"enemies":"Sentry and Sphere","floor":25,"turns":3},{"damage":17,"enemies":"3 Cultists","floor":30,"turns":6},{"damage":53,"enemies":"Champ","floor":33,"turns":14}],"seed_played":"6282287032403524131","potions_obtained":[{"floor":5,"key":"Block Potion"},{"floor":5,"key":"PowerPotion"},{"floor":12,"key":"Block Potion"},{"floor":16,"key":"Energy Potion"},{"floor":20,"key":"SpeedPotion"},{"floor":30,"key":"Weak Potion"}],"is_trial":false,"path_per_floor":["M","$","?","M","?","R","E","$","T","E","M","M","R","T","R","B",null,"M","?","M","M","$","R","?","M","T","?","$","R","M","T","R","B"],"character_chosen":"DEFECT","items_purchased":["Self Repair","Beam Cell","Bag of Preparation"],"campfire_rested":0,"item_purchase_floors":[2,2,22],"current_hp_per_floor":[64,64,64,64,64,64,64,64,64,46,46,46,46,46,46,59,68,71,51,34,24,24,24,24,21,21,21,21,21,11,21,21,0],"gold":38,"neow_bonus":"THREE_ENEMY_KILL","is_prod":false,"is_daily":false,"chose_seed":false,"campfire_upgraded":6,"win_rate":0,"timestamp":1567765523,"path_taken":["M","$","?","?","?","R","E","?","T","E","M","M","R","?","R","BOSS","M","?","M","M","$","R","?","M","T","?","?","R","M","?","R","BOSS"],"build_version":"2019-07-17","purchased_purges":2,"victory":false,"max_hp_per_floor":[71,71,71,71,71,71,71,71,71,71,71,71,71,71,71,71,71,71,76,76,76,76,76,76,76,76,38,38,38,38,48,48,48],"card_choices":[{"not_picked":["Redo","Leap"],"picked":"Melter","floor":1.0},{"not_picked":["Beam Cell","Sweeping Beam","Reprogram"],"picked":"SKIP","floor":4.0},{"not_picked":["Streamline","Beam Cell"],"picked":"Ball Lightning","floor":7},{"not_picked":["Hello World","Tempest"],"picked":"Turbo","floor":10},{"not_picked":["Redo","BootSequence"],"picked":"Cold Snap","floor":11},{"not_picked":["Lockon","Sweeping Beam"],"picked":"Glacier","floor":12},{"not_picked":["Hyperbeam","Fission"],"picked":"Machine Learning","floor":16},{"not_picked":["Rebound","Scrape"],"picked":"Double Energy","floor":18},{"not_picked":["Rebound","Leap"],"picked":"Compile Driver","floor":20},{"not_picked":["Sweeping Beam","Ball Lightning","Rebound"],"picked":"SKIP","floor":21},{"not_picked":["Beam Cell","Turbo","Steam"],"picked":"SKIP","floor":25},{"not_picked":["Beam Cell","Turbo","Steam"],"picked":"SKIP","floor":25},{"not_picked":["Compile Driver","Redo"],"picked":"Hologram","floor":30}],"player_experience":2267995,"relics_obtained":[{"floor":7,"key":"Ginger"},{"floor":10,"key":"Smiling Mask"},{"floor":14,"key":"Pantograph"},{"floor":26,"key":"DataDisk"},{"floor":31,"key":"Pear"}],"event_choices":[{"cards_removed":["Strike_B"],"damage_healed":0.0,"max_hp_gain":0.0,"max_hp_loss":0.0,"gold_gain":0.0,"event_name":"Purifier","player_choice":"Purged","floor":3.0,"gold_loss":0.0,"damage_taken":0.0},{"damage_healed":0,"gold_gain":0,"player_choice":"Got Potions","damage_taken":0,"max_hp_gain":0,"max_hp_loss":0,"event_name":"Lab","floor":5,"gold_loss":0},{"damage_healed":0,"gold_gain":0,"player_choice":"Shed Blood","damage_taken":25,"max_hp_gain":5,"max_hp_loss":0,"event_name":"Forgotten Altar","floor":19,"gold_loss":0},{"damage_healed":0,"gold_gain":0,"player_choice":"Ignored","damage_taken":0,"max_hp_gain":0,"max_hp_loss":0,"event_name":"Cursed Tome","floor":24,"gold_loss":0},{"damage_healed":0,"gold_gain":0,"player_choice":"Became a Ghost","damage_taken":0,"max_hp_gain":0,"max_hp_loss":38,"event_name":"Ghosts","floor":27,"gold_loss":0,"cards_obtained":["Ghostly","Ghostly","Ghostly"]}],"is_beta":false,"boss_relics":[{"not_picked":["Cursed Key","Busted Crown"],"picked":"Black Star"}],"items_purged_floors":[22,28],"is_endless":false,"potions_floor_spawned":[7,10,12,16,20,30],"killed_by":"Champ","ascension_level":20}