{"gold_per_floor":[113,113,123,123,198,223,223,223,247,259,90,90,119,135,135,212,212,223,223,235,47,61,61,86,86,86,86,86,106,106,141,141,215,215,228,10,30,30,30,30,46,46,46,75,75,90,90,90,90,90,90,90,90,33,61,61],"floor_reached":57,"playtime":2523,"items_purged":["Strike_B","Strike_B"],"score":2798,"play_id":"61d8a38a-f623-43b7-8814-94d1c7fe771e","local_time":"20190907105445","is_ascension_mode":true,"campfire_choices":[{"data":"Zap","floor":8.0,"key":"SMITH"},{"data":"Impatience","floor":15.0,"key":"SMITH"},{"data":"Defragment","floor":23.0,"key":"SMITH"},{"floor":25.0,"key":"REST"},{"data":"Dualcast","floor":27.0,"key":"SMITH"},{"data":"Hologram","floor":32.0,"key":"SMITH"},{"data":"Deep Breath","floor":40.0,"key":"SMITH"},{"data":"Secret Weapon","floor":42.0,"key":"SMITH"},{"data":"Finesse","floor":45.0,"key":"SMITH"},{"data":"Double Energy","floor":47.0,"key":"SMITH"},{"floor":49.0,"key":"RECALL"},{"data":"Turbo","floor":53.0,"key":"SMITH"}],"neow_cost":"NONE","seed_source_timestamp":902667282492506,"circlet_count":0,"master_deck":["AscendersBane","Defend_B","Defend_B","Defend_B","Zap+1","Dualcast+1","Turbo+1","Turbo","Beam Cell+1","Electrodynamics","Impatience+1","Hologram+1","Scrape+1","Core Surge+1","Go for the Eyes+1","Defragment+1","Seek+1","All For One+1","Turbo","Capacitor","Sunder+1","Core Surge+1","Coolheaded+1","Compile Driver+1","Secret Weapon+1","Deep Breath+1","Finesse+1","Self Repair","Echo Form","Double Energy+1","Force Field+1"],"special_seed":0,"relics":["FrozenCore","NeowsBlessing","Centennial Puzzle","Regal Pillow","Potion Belt","Molten Egg 2","Bottled Lightning","Bag of Marbles","DataDisk","Coffee Dripper","ClockworkSouvenir","Dodecahedron","Torii"],"potions_floor_usage":[],"damage_taken":[{"damage":0.0,"enemies":"2 Louse","floor":1.0,"turns":1.0},{"damage":0.0,"enemies":"Jaw Worm","floor":3.0,"turns":1.0},{"damage":0.0,"enemies":"Lagavulin","floor":6.0,"turns":1.0},{"damage":7.0,"enemies":"Small Slimes","floor":10.0,"turns":3.0},{"damage":0.0,"enemies":"3 Sentries","floor":13.0,"turns":3.0},{"damage":1.0,"enemies":"Exordium Thugs","floor":14.0,"turns":3.0},{"damage":2.0,"enemies":"Slime Boss","floor":16.0,"turns":7.0},{"damage":11.0,"enemies":"2 Thieves","floor":18.0,"turns":4.0},{"damage":16.0,"enemies":"Spheric Guardian","floor":20.0,"turns":4.0},{"damage":12.0,"enemies":"Snake Plant","floor":22.0,"turns":2.0},{"damage":20.0,"enemies":"Slavers","floor":24.0,"turns":2.0},{"damage":0.0,"enemies":"Cultist and Chosen","floor":29.0,"turns":3.0},{"damage":0.0,"enemies":"Book of Stabbing","floor":31.0,"turns":2.0},{"damage":12.0,"enemies":"Champ","floor":33.0,"turns":7.0},{"damage":0.0,"enemies":"3 Shapes","floor":35.0,"turns":2.0},{"damage":0.0,"enemies":"3 Darklings","floor":37.0,"turns":1.0},{"damage":5.0,"enemies":"Transient","floor":41.0,"turns":6.0},{"damage":18.0,"enemies":"Nemesis","floor":44.0,"turns":3.0},{"damage":9.0,"enemies":"Sphere and 2 Shapes","floor":46.0,"turns":2.0},{"damage":35.0,"enemies":"Time Eater","floor":50.0,"turns":13.0},{"damage":9.0,"enemies":"Donu and Deca","floor":51.0,"turns":7.0},{"damage":5.0,"enemies":"Shield and Spear","floor":55.0,"turns":4.0},{"damage":58,"enemies":"The Heart","floor":56,"turns":10}],"seed_played":"5175238849463414400","potions_obtained":[{"floor":3.0,"key":"SkillPotion"},{"floor":6.0,"key":"PowerPotion"},{"floor":14.0,"key":"SneckoOil"},{"floor":22.0,"key":"Poison Potion"},{"floor":24.0,"key":"EssenceOfSteel"},{"floor":29.0,"key":"Swift Potion"},{"floor":37.0,"key":"Regen Potion"},{"floor":46.0,"key":"Swift Potion"}],"is_trial":false,"path_per_floor":["M","?","M","?","?","E","?","R","T","M","$","?","E","M","R","B",null,"M","?","M","$","M","R","E","R","T","R","?","M","?","E","R","B",null,"M","$","M","?","?","R","M","R","T","E","R","M","R","?","R","B","B",null,"R","$","E","B",null],"character_chosen":"DEFECT","items_purchased":["Impatience","All For One+1","ClockworkSouvenir","SkillPotion"],"campfire_rested":1,"item_purchase_floors":[11,21,36,54],"current_hp_per_floor":[64,29,29,52,41,41,41,41,41,34,34,34,34,33,33,31,61,50,50,34,34,22,22,2,38,38,38,38,38,38,38,38,26,60,60,60,60,50,50,50,45,45,45,39,39,37,37,37,37,16,14,54,54,54,63,12],"gold":61,"neow_bonus":"THREE_ENEMY_KILL","is_prod":false,"is_daily":false,"chose_seed":false,"campfire_upgraded":10,"win_rate":0,"timestamp":1567824885,"path_taken":["M","?","M","?","?","E","?","R","T","M","$","?","E","M","R","BOSS","M","?","M","?","M","R","E","R","T","R","?","M","?","E","R","BOSS","M","$","?","?","?","R","M","R","T","E","R","M","R","?","R","BOSS","BOSS","R","$","E","BOSS"],"build_version":"2019-07-17","purchased_purges":2,"victory":true,"max_hp_per_floor":[71,71,71,71,71,71,71,71,71,71,71,71,71,71,71,71,71,71,71,71,71,71,71,71,71,71,71,71,71,71,71,71,71,71,71,71,71,71,67,67,67,67,67,67,67,67,67,67,67,67,67,67,67,67,67,67],"card_choices":[{"not_picked":["Cold Snap","Reinforced Body"],"picked":"Turbo","floor":1.0},{"not_picked":["Barrage","Leap"],"picked":"Turbo","floor":3.0},{"not_picked":["Barrage","Storm"],"picked":"Beam Cell","floor":6.0},{"not_picked":["Reprogram","Gash"],"picked":"Rip and Tear","floor":10.0},{"not_picked":["White Noise","Stack"],"picked":"Hologram","floor":13.0},{"not_picked":["Sweeping Beam+1","Blizzard+1"],"picked":"Scrape+1","floor":14.0},{"not_picked":["Hyperbeam+1","Machine Learning"],"picked":"Core Surge+1","floor":16.0},{"not_picked":["Steam","Streamline+1"],"picked":"Go for the Eyes+1","floor":18.0},{"not_picked":["Hologram","Compile Driver+1"],"picked":"Seek","floor":20.0},{"not_picked":["Go for the Eyes+1","Streamline+1","Beam Cell+1"],"picked":"SKIP","floor":22.0},{"not_picked":["Leap","Compile Driver+1"],"picked":"Turbo","floor":24.0},{"not_picked":["Storm","Redo"],"picked":"Capacitor","floor":29.0},{"not_picked":["Turbo","Compile Driver+1"],"picked":"Sunder+1","floor":31.0},{"not_picked":["Electrodynamics","Thunder Strike+1"],"picked":"Core Surge+1","floor":33.0},{"not_picked":["Consume","Scrape+1"],"picked":"Coolheaded+1","floor":35.0},{"not_picked":["Cold Snap+1","Barrage+1"],"picked":"Compile Driver+1","floor":37.0},{"not_picked":["Trip","Mind Blast+1"],"picked":"Secret Weapon","floor":38.0},{"not_picked":["Sadistic Nature","Transmutation"],"picked":"Deep Breath","floor":38.0},{"not_picked":["Dramatic Entrance+1","Madness"],"picked":"Finesse","floor":38.0},{"not_picked":["Go for the Eyes+1","Beam Cell+1"],"picked":"Self Repair","floor":41.0},{"not_picked":["Defragment","Rebound+1"],"picked":"Echo Form","floor":44.0},{"not_picked":["Streamline+1","Self Repair+1"],"picked":"Double Energy","floor":46.0},{"not_picked":["Conserve Battery","Coolheaded"],"picked":"Force Field+1","floor":55.0}],"player_experience":2271814,"relics_obtained":[{"floor":6.0,"key":"Regal Pillow"},{"floor":9.0,"key":"Potion Belt"},{"floor":13.0,"key":"Molten Egg 2"},{"floor":24.0,"key":"Bottled Lightning"},{"floor":26.0,"key":"Bag of Marbles"},{"floor":31.0,"key":"DataDisk"},{"floor":44.0,"key":"Dodecahedron"},{"floor":55.0,"key":"Torii"}],"event_choices":[{"damage_healed":0.0,"max_hp_gain":0.0,"max_hp_loss":0.0,"gold_gain":0.0,"event_name":"Scrap Ooze","player_choice":"Success","floor":2.0,"gold_loss":0.0,"damage_taken":35.0,"relics_obtained":["Centennial Puzzle"]},{"damage_healed":23.0,"max_hp_gain":0.0,"max_hp_loss":0.0,"gold_gain":0.0,"event_name":"Big Fish","player_choice":"Banana","floor":4.0,"gold_loss":0.0,"damage_taken":0.0},{"damage_healed":0.0,"max_hp_gain":0.0,"max_hp_loss":0.0,"gold_gain":75.0,"event_name":"World of Goop","player_choice":"Gather Gold","floor":5.0,"gold_loss":0.0,"damage_taken":11.0},{"damage_healed":0.0,"max_hp_gain":0.0,"max_hp_loss":0.0,"gold_gain":0.0,"cards_transformed":["Strike_B"],"event_name":"Living Wall","player_choice":"Change","floor":7.0,"gold_loss":0.0,"damage_taken":0.0,"cards_obtained":["Electrodynamics"]},{"damage_healed":0.0,"max_hp_gain":0.0,"max_hp_loss":0.0,"gold_gain":0.0,"event_name":"Upgrade Shrine","player_choice":"Upgraded","floor":12.0,"gold_loss":0.0,"damage_taken":0.0,"cards_upgraded":["Beam Cell"]},{"damage_healed":0.0,"max_hp_gain":0.0,"max_hp_loss":0.0,"gold_gain":0.0,"cards_transformed":["Strike_B"],"event_name":"Transmorgrifier","player_choice":"Transformed","floor":19.0,"gold_loss":0.0,"damage_taken":0.0,"cards_obtained":["Defragment"]},{"cards_removed":["Defend_B"],"damage_healed":0.0,"max_hp_gain":0.0,"max_hp_loss":0.0,"gold_gain":0.0,"event_name":"Back to Basics","player_choice":"Elegance","floor":28.0,"gold_loss":0.0,"damage_taken":0.0},{"damage_healed":0.0,"max_hp_gain":0.0,"max_hp_loss":0.0,"gold_gain":0.0,"event_name":"Upgrade Shrine","player_choice":"Upgraded","floor":30.0,"gold_loss":0.0,"damage_taken":0.0,"cards_upgraded":["Seek"]},{"damage_healed":0.0,"max_hp_gain":0.0,"max_hp_loss":0.0,"gold_gain":0.0,"event_name":"SensoryStone","player_choice":"Memory 3","floor":38.0,"gold_loss":0.0,"damage_taken":10.0},{"damage_healed":0.0,"max_hp_gain":0.0,"max_hp_loss":4.0,"gold_gain":0.0,"event_name":"Winding Halls","player_choice":"Max HP","floor":39.0,"gold_loss":0.0,"damage_taken":0.0},{"cards_removed":["Rip and Tear"],"damage_healed":0.0,"max_hp_gain":0.0,"max_hp_loss":0.0,"gold_gain":0.0,"event_name":"Falling","player_choice":"Removed Attack","floor":48.0,"gold_loss":0.0,"damage_taken":0.0}],"is_beta":false,"boss_relics":[{"not_picked":["Lizard Tail","Sozu"],"picked":"FrozenCore"},{"not_picked":["Philosopher\u0027s Stone","White Beast Statue"],"picked":"Coffee Dripper"}],"items_purged_floors":[11,21],"is_endless":false,"potions_floor_spawned":[3,6,14,22,24,29,37,46],"ascension_level":20}