{"gold_per_floor":[112,112,187,187,137,166,186,186,209,239,239,251,251,268,268,363,363,374,390,404,421,126,158,172,192,192,225,244,244,154,3,3,106,106,124,143,6,23,38,71,71,88,88,88,104,104,123,85,85,85],"floor_reached":51,"playtime":3558,"items_purged":["Strike_B","Strike_B"],"score":731,"play_id":"350bd526-bf5b-43c2-b738-8430c6e61085","local_time":"20190920040907","is_ascension_mode":false,"campfire_choices":[{"data":"Sunder","floor":8,"key":"SMITH"},{"data":"Beam Cell","floor":11,"key":"SMITH"},{"data":"Self Repair","floor":13,"key":"SMITH"},{"data":"Conserve Battery","floor":15,"key":"SMITH"},{"floor":29,"key":"REST"},{"data":"Apotheosis","floor":32,"key":"SMITH"},{"data":"Echo Form","floor":41,"key":"SMITH"},{"floor":44,"key":"REST"},{"floor":46,"key":"REST"},{"floor":49,"key":"REST"}],"neow_cost":"NONE","seed_source_timestamp":2024173095966500,"circlet_count":0,"master_deck":["Strike_B","Defend_B","Defend_B","Defend_B","Defend_B+1","Zap+1","Dualcast","Tempest","Sunder+1","Hologram","Beam Cell+1","Self Repair+1","Conserve Battery+1","Leap","Rebound","Beam Cell+1","Sunder+1","Leap","Hologram+1","Apotheosis+1","Echo Form+1","Regret","Go for the Eyes+1"],"relics":["Cracked Core","NeowsBlessing","Incense Burner","Blood Vial","Shuriken","Cursed Key","DollysMirror","Pear","The Courier","Sundial","Busted Crown","Vajra","PreservedInsect"],"potions_floor_usage":[16,18,23,27,27,33,36,38,40,45,50],"damage_taken":[{"damage":0,"enemies":"Cultist","floor":1,"turns":1},{"damage":0,"enemies":"Lagavulin","floor":6,"turns":1},{"damage":0,"enemies":"2 Louse","floor":7,"turns":1},{"damage":13,"enemies":"3 Sentries","floor":10,"turns":5},{"damage":0,"enemies":"Small Slimes","floor":12,"turns":2},{"damage":1,"enemies":"Exordium Wildlife","floor":14,"turns":3},{"damage":30,"enemies":"Slime Boss","floor":16,"turns":9},{"damage":2,"enemies":"3 Byrds","floor":18,"turns":4},{"damage":13,"enemies":"Shell Parasite","floor":19,"turns":6},{"damage":18,"enemies":"Snake Plant","floor":20,"turns":4},{"damage":24,"enemies":"Cultist and Chosen","floor":21,"turns":6},{"damage":27,"enemies":"Slavers","floor":23,"turns":4},{"damage":8,"enemies":"Centurion and Healer","floor":24,"turns":4},{"damage":14,"enemies":"Shelled Parasite and Fungi","floor":25,"turns":6},{"damage":17,"enemies":"Book of Stabbing","floor":27,"turns":5},{"damage":3,"enemies":"3 Cultists","floor":28,"turns":5},{"damage":31,"enemies":"Automaton","floor":33,"turns":10},{"damage":21,"enemies":"3 Darklings","floor":35,"turns":3},{"damage":17,"enemies":"Orb Walker","floor":36,"turns":4},{"damage":5,"enemies":"Transient","floor":38,"turns":5},{"damage":18,"enemies":"4 Shapes","floor":39,"turns":6},{"damage":43,"enemies":"Nemesis","floor":40,"turns":7},{"damage":2,"enemies":"Spire Growth","floor":42,"turns":4},{"damage":25,"enemies":"Jaw Worm Horde","floor":45,"turns":5},{"damage":5,"enemies":"4 Shapes","floor":47,"turns":3},{"damage":42,"enemies":"Awakened One","floor":50,"turns":14}],"seed_played":"2840414372440655484","potions_obtained":[{"floor":1,"key":"Explosive Potion"},{"floor":6,"key":"Energy Potion"},{"floor":12,"key":"Fire Potion"},{"floor":19,"key":"PowerPotion"},{"floor":23,"key":"Explosive Potion"},{"floor":24,"key":"EssenceOfSteel"},{"floor":27,"key":"FocusPotion"},{"floor":33,"key":"FearPotion"},{"floor":36,"key":"Fire Potion"},{"floor":38,"key":"Weak Potion"},{"floor":40,"key":"LiquidBronze"}],"is_trial":false,"path_per_floor":["M","?","?","?","?","E","M","R","T","E","R","M","R","M","R","B",null,"M","M","M","M","$","E","M","M","T","E","M","R","?","$","R","B",null,"M","M","$","M","M","E","R","M","T","R","M","R","M","$","R","B",null],"character_chosen":"DEFECT","items_purchased":["DollysMirror","Leap","Apotheosis","FocusPotion","SteroidPotion"],"campfire_rested":4,"item_purchase_floors":[22,22,31,37,48],"current_hp_per_floor":[75,75,64,64,64,64,64,64,64,53,53,55,55,66,66,48,75,75,72,66,54,54,49,53,51,51,36,45,70,70,70,70,41,85,74,69,69,76,80,49,49,49,49,74,61,85,80,80,85,53],"gold":85,"neow_bonus":"THREE_ENEMY_KILL","is_prod":false,"is_daily":false,"chose_seed":false,"campfire_upgraded":6,"win_rate":0,"timestamp":1568966947,"path_taken":["M","?","?","?","?","E","M","R","T","E","R","M","R","?","R","BOSS","M","?","M","M","$","E","M","M","T","E","M","R","?","$","R","BOSS","M","M","$","M","M","E","R","M","T","R","?","R","M","$","R","BOSS"],"build_version":"2019-07-17","purchased_purges":2,"victory":true,"max_hp_per_floor":[75,75,75,75,75,75,75,75,75,75,75,75,75,75,75,75,75,75,75,75,75,75,85,85,85,85,85,85,85,85,85,85,85,85,85,85,85,85,85,85,85,85,85,85,85,85,85,85,85,85],"card_choices":[{"not_picked":["Hello World","Capacitor"],"picked":"Tempest","floor":1},{"not_picked":["BootSequence","Loop"],"picked":"Sunder","floor":6},{"not_picked":["Gash","Beam Cell"],"picked":"Hologram","floor":7},{"not_picked":["Heatsinks","Gash"],"picked":"Beam Cell","floor":10},{"not_picked":["Rebound","Sunder"],"picked":"Self Repair","floor":12},{"not_picked":["Turbo","Steam"],"picked":"Conserve Battery","floor":14},{"not_picked":["Cold Snap","Streamline"],"picked":"Leap","floor":18},{"not_picked":["Skim","Melter","Gash"],"picked":"SKIP","floor":19},{"not_picked":["Turbo+1","Auto Shields+1"],"picked":"Rebound","floor":20},{"not_picked":["Turbo","Electrodynamics"],"picked":"Beam Cell+1","floor":21},{"not_picked":["Compile Driver+1","Consume"],"picked":"Hologram+1","floor":23},{"not_picked":["Turbo","Go for the Eyes","Compile Driver"],"picked":"SKIP","floor":24},{"not_picked":["Stack","Blizzard+1","Cold Snap"],"picked":"SKIP","floor":25},{"not_picked":["Stack","Rainbow","Sweeping Beam"],"picked":"SKIP","floor":27},{"not_picked":["Ball Lightning","Cold Snap","Beam Cell"],"picked":"SKIP","floor":28},{"not_picked":["Amplify","All For One"],"picked":"Echo Form","floor":33},{"not_picked":["Rebound"],"picked":"SKIP","floor":35},{"not_picked":["Steam Power"],"picked":"SKIP","floor":36},{"not_picked":["Genetic Algorithm+1"],"picked":"SKIP","floor":38},{"not_picked":["Sweeping Beam"],"picked":"SKIP","floor":39},{"not_picked":["Compile Driver"],"picked":"SKIP","floor":40},{"not_picked":["Fusion"],"picked":"SKIP","floor":42},{"not_picked":[],"picked":"Go for the Eyes+1","floor":45},{"not_picked":["Double Energy"],"picked":"SKIP","floor":47}],"player_experience":127296,"relics_obtained":[{"floor":6,"key":"Incense Burner"},{"floor":9,"key":"Blood Vial"},{"floor":10,"key":"Shuriken"},{"floor":23,"key":"Pear"},{"floor":26,"key":"The Courier"},{"floor":27,"key":"Sundial"},{"floor":40,"key":"Vajra"},{"floor":43,"key":"PreservedInsect"}],"event_choices":[{"damage_healed":0,"gold_gain":0,"player_choice":"Grow","damage_taken":0,"max_hp_gain":0,"max_hp_loss":0,"event_name":"Living Wall","floor":2,"gold_loss":0,"cards_upgraded":["Zap"]},{"damage_healed":0,"gold_gain":75,"player_choice":"Gather Gold","damage_taken":11,"max_hp_gain":0,"max_hp_loss":0,"event_name":"World of Goop","floor":3,"gold_loss":0},{"damage_healed":0,"gold_gain":0,"player_choice":"Ignored","damage_taken":0,"max_hp_gain":0,"max_hp_loss":0,"event_name":"Golden Idol","floor":4,"gold_loss":0},{"cards_removed":["Strike_B"],"damage_healed":0,"gold_gain":0,"player_choice":"Card Removal","damage_taken":0,"max_hp_gain":0,"max_hp_loss":0,"event_name":"The Cleric","floor":5,"gold_loss":50},{"cards_removed":["Pain"],"damage_healed":0,"gold_gain":0,"player_choice":"Upgrade and Remove","damage_taken":0,"max_hp_gain":0,"max_hp_loss":0,"event_name":"Designer","floor":30,"gold_loss":90,"cards_upgraded":["Defend_B"]}],"is_beta":false,"boss_relics":[{"not_picked":["Eternal Feather","FrozenCore"],"picked":"Cursed Key"},{"not_picked":["Coffee Dripper","Lizard Tail"],"picked":"Busted Crown"}],"items_purged_floors":[22,37],"is_endless":false,"potions_floor_spawned":[1,6,12,14,19,23,24,27,33,36,38,40],"ascension_level":0}