{"path_per_floor":["M","?","?","?","$","R","E","R","T","M","R","$","R","M","R","B",null,"M","M","?","$","M","R","?","R","T","E","R","?","E","M","R"],"character_chosen":"DEFECT","items_purchased":["Ball Lightning","Hologram","Genetic Algorithm","Storm","Hologram","Capacitor","Mummified Hand"],"gold_per_floor":[369,369,444,394,106,106,147,147,172,197,197,73,73,96,96,217,217,237,260,260,6,20,20,20,20,20,85,85,10,50,50,50,50],"floor_reached":33,"campfire_rested":0,"playtime":2117,"item_purchase_floors":[5,5,5,5,12,12,21],"current_hp_per_floor":[66,63,52,52,52,52,22,22,22,20,20,20,20,20,20,9,63,46,51,51,51,49,49,49,49,49,41,41,41,20,20,20,0],"items_purged":["Strike_B"],"gold":50,"score":335,"play_id":"e9bb336a-b0ed-4015-8750-dac72979a077","local_time":"20180606145825","is_prod":false,"is_daily":false,"chose_seed":false,"is_ascension_mode":true,"campfire_upgraded":9,"win_rate":0,"timestamp":1528289905,"campfire_choices":[{"data":"Zap","floor":6,"key":"SMITH"},{"data":"Dualcast","floor":8,"key":"SMITH"},{"data":"Hologram","floor":11,"key":"SMITH"},{"data":"Genetic Algorithm","floor":13,"key":"SMITH"},{"data":"Capacitor","floor":15,"key":"SMITH"},{"data":"Hologram","floor":23,"key":"SMITH"},{"data":"Storm","floor":25,"key":"SMITH"},{"data":"Go for the Eyes","floor":28,"key":"SMITH"},{"data":"White Noise","floor":32,"key":"SMITH"}],"path_taken":["M","?","?","?","$","R","E","R","T","?","R","$","R","M","R","BOSS","M","M","?","$","?","R","?","R","T","E","R","?","E","M","R","BOSS"],"build_version":"2018-05-31","seed_source_timestamp":193217569918469,"purchased_purges":1,"victory":false,"master_deck":["Strike_B","Defend_B","Defend_B","Defend_B","Defend_B","Zap+1","Dualcast+1","Ball Lightning","Hologram+1","Genetic Algorithm+1","Storm+1","Hologram+1","Capacitor+1","Thunder Strike","Defragment+1","Leap","Go for the Eyes+1","White Noise+1"],"max_hp_per_floor":[68,63,63,63,63,63,63,63,63,63,63,63,63,63,63,63,63,63,68,68,68,68,68,68,68,68,68,68,68,68,68,68,68],"relics":["Cracked Core","Golden Idol","Thread and Needle","Lantern","Black Star","Mummified Hand","Torii","Tiny Chest","Juzu Bracelet","Matryoshka","Mercury Hourglass"],"card_choices":[{"not_picked":["Double Energy","Aggregate","Barrage"],"picked":"SKIP","floor":1},{"not_picked":["Blizzard","Beam Cell","Barrage"],"picked":"SKIP","floor":7},{"not_picked":["Rainbow","Darkness","Barrage"],"picked":"SKIP","floor":10},{"not_picked":["Chill","Beam Cell","Gash"],"picked":"SKIP","floor":14},{"not_picked":["Meteor Strike","Creative AI"],"picked":"Thunder Strike","floor":16},{"not_picked":["Redo+1","Cold Snap+1","Chill"],"picked":"SKIP","floor":18},{"not_picked":["Gash","Barrage"],"picked":"Defragment+1","floor":19},{"not_picked":["Rebound","FTL+1"],"picked":"Leap","floor":22},{"not_picked":["Stack","Hologram"],"picked":"Go for the Eyes","floor":27},{"not_picked":["Auto Shields","Beam Cell+1"],"picked":"White Noise","floor":30}],"player_experience":770333,"potions_floor_usage":[16,19,31,33,33],"damage_taken":[{"damage":2,"enemies":"2 Louse","floor":1,"turns":2},{"damage":30,"enemies":"3 Sentries","floor":7,"turns":6},{"damage":2,"enemies":"Jaw Worm","floor":10,"turns":2},{"damage":0,"enemies":"Small Slimes","floor":14,"turns":2},{"damage":11,"enemies":"The Guardian","floor":16,"turns":11},{"damage":17,"enemies":"Spheric Guardian","floor":18,"turns":4},{"damage":0,"enemies":"Chosen","floor":19,"turns":4},{"damage":2,"enemies":"Centurion and Healer","floor":22,"turns":5},{"damage":8,"enemies":"Book of Stabbing","floor":27,"turns":5},{"damage":21,"enemies":"Gremlin Leader","floor":30,"turns":8},{"damage":0,"enemies":"Snake Plant","floor":31,"turns":1},{"damage":21,"enemies":"Collector","floor":33,"turns":2}],"relics_obtained":[{"floor":7,"key":"Thread and Needle"},{"floor":9,"key":"Lantern"},{"floor":26,"key":"Torii"},{"floor":27,"key":"Tiny Chest"},{"floor":27,"key":"Juzu Bracelet"},{"floor":30,"key":"Matryoshka"},{"floor":30,"key":"Mercury Hourglass"}],"event_choices":[{"event_name":"Golden Idol","player_choice":"Lose Max HP","floor":2,"damage_taken":0},{"event_name":"World of Goop","player_choice":"Gather Gold","floor":3,"damage_taken":0},{"event_name":"The Cleric","player_choice":"Card Removal","floor":4,"damage_taken":0},{"event_name":"Drug Dealer","player_choice":"Ignored","floor":20,"damage_taken":0},{"event_name":"Addict","player_choice":"Ignored","floor":24,"damage_taken":0},{"event_name":"Beggar","player_choice":"Gave Gold","floor":29,"damage_taken":0}],"boss_relics":[{"not_picked":["Inserter","Philosopher\u0027s Stone"],"picked":"Black Star"}],"items_purged_floors":[5],"potions_floor_spawned":[1,16,18,19,22,30],"seed_played":"4825774553550034990","killed_by":"Collector","ascension_level":4,"potions_obtained":[{"floor":1,"key":"Dexterity Potion"},{"floor":16,"key":"FearPotion"},{"floor":18,"key":"Fruit Juice"},{"floor":19,"key":"SmokeBomb"},{"floor":22,"key":"Swift Potion"},{"floor":30,"key":"EssenceOfSteel"}],"is_trial":false}