{"gold_per_floor":[122,152,164,191,203,215,237,249,334,366,174,203,203,219,219,296,296,310,339,339,129,129,129,149,149,149,183,183],"floor_reached":28,"playtime":1410,"items_purged":["Strike_R","Strike_R"],"score":572,"play_id":"d9511ff7-0f08-40f4-b0c0-8dcd314a5a91","local_time":"20190823163632","is_ascension_mode":true,"campfire_choices":[{"data":"Second Wind","floor":6.0,"key":"SMITH"},{"data":"Battle Trance","floor":8.0,"key":"SMITH"},{"data":"Burning Pact","floor":13.0,"key":"SMITH"},{"data":"Feel No Pain","floor":15.0,"key":"SMITH"},{"data":"Dark Embrace","floor":23.0,"key":"SMITH"}],"neow_cost":"NONE","seed_source_timestamp":704237243865200,"circlet_count":0,"master_deck":["AscendersBane","Defend_R","Defend_R","Defend_R","Defend_R","Bash","Battle Trance+1","Second Wind+1","Feel No Pain+1","Reckless Charge","Burning Pact+1","Offering","Perfected Strike","Reaper","Dark Embrace+1","Ghostly","Ghostly","Ghostly"],"special_seed":0,"relics":["Burning Blood","MawBank","Omamori","Blue Candle","The Courier","Black Star","Red Mask","Bottled Lightning","Singing Bowl"],"potions_floor_usage":[27],"damage_taken":[{"damage":7.0,"enemies":"Small Slimes","floor":1.0,"turns":4.0},{"damage":7.0,"enemies":"Cultist","floor":2.0,"turns":4.0},{"damage":12.0,"enemies":"Jaw Worm","floor":4.0,"turns":3.0},{"damage":6.0,"enemies":"Exordium Wildlife","floor":7.0,"turns":3.0},{"damage":24.0,"enemies":"Large Slime","floor":10.0,"turns":9.0},{"damage":10.0,"enemies":"Lagavulin","floor":12.0,"turns":7.0},{"damage":0.0,"enemies":"Looter","floor":14.0,"turns":3.0},{"damage":0.0,"enemies":"Slime Boss","floor":16.0,"turns":14.0},{"damage":30.0,"enemies":"3 Byrds","floor":18.0,"turns":12.0},{"damage":35.0,"enemies":"Masked Bandits","floor":19.0,"turns":7.0},{"damage":16.0,"enemies":"Shell Parasite","floor":24.0,"turns":5.0},{"damage":11,"enemies":"Slavers","floor":27,"turns":13},{"damage":6,"enemies":"3 Cultists","floor":28,"turns":2}],"seed_played":"-2532394629159029075","potions_obtained":[{"floor":2.0,"key":"EssenceOfSteel"},{"floor":10.0,"key":"Energy Potion"},{"floor":12.0,"key":"SkillPotion"},{"floor":24.0,"key":"SteroidPotion"}],"is_trial":false,"path_per_floor":["M","M","?","M","?","R","M","R","T","M","$","E","R","M","R","B",null,"M","?","?","$","T","R","M","?","T","E","M"],"character_chosen":"IRONCLAD","items_purchased":["Reckless Charge","Fire Potion","Dark Embrace"],"campfire_rested":0,"item_purchase_floors":[11,11,21],"current_hp_per_floor":[67,66,66,60,60,60,60,60,60,42,42,38,38,44,44,50,69,45,16,16,16,16,16,12,12,12,36,39],"gold":183,"neow_bonus":"RANDOM_COMMON_RELIC","is_prod":false,"is_daily":false,"chose_seed":false,"campfire_upgraded":5,"win_rate":0,"timestamp":1566549392,"path_taken":["M","M","?","?","?","R","M","R","T","?","?","E","R","M","R","BOSS","M","?","?","$","?","R","M","?","T","E","M"],"build_version":"2019-08-15","purchased_purges":2,"victory":false,"max_hp_per_floor":[75,75,75,75,75,75,75,75,75,75,75,75,75,75,75,75,75,75,75,75,75,75,75,75,37,37,39,39],"card_choices":[{"not_picked":["Cleave","Perfected Strike","Wild Strike"],"picked":"SKIP","floor":1.0},{"not_picked":["Uppercut","Entrench"],"picked":"Battle Trance","floor":2.0},{"not_picked":["Ghostly Armor","Bloodletting"],"picked":"Second Wind","floor":4.0},{"not_picked":["Ghostly Armor","Iron Wave","Perfected Strike"],"picked":"SKIP","floor":7.0},{"not_picked":["Blood for Blood","Flex"],"picked":"Feel No Pain","floor":10.0},{"not_picked":["Twin Strike","Metallicize"],"picked":"Burning Pact","floor":12.0},{"not_picked":["Anger","Rage","Flex"],"picked":"SKIP","floor":14.0},{"not_picked":["Demon Form","Fiend Fire"],"picked":"Offering","floor":16.0},{"not_picked":["Infernal Blade","Headbutt","Perfected Strike"],"picked":"SKIP","floor":18.0},{"not_picked":["Battle Trance","Feel No Pain","Blood for Blood"],"picked":"SKIP","floor":24.0},{"not_picked":["Anger","Inflame","Clothesline"],"picked":"Singing Bowl","floor":27}],"player_experience":3088655,"relics_obtained":[{"floor":9.0,"key":"Blue Candle"},{"floor":12.0,"key":"The Courier"},{"floor":19.0,"key":"Red Mask"},{"floor":26.0,"key":"Bottled Lightning"},{"floor":27,"key":"Singing Bowl"}],"event_choices":[{"damage_healed":0.0,"max_hp_gain":0.0,"max_hp_loss":0.0,"gold_gain":0.0,"event_name":"WeMeetAgain","player_choice":"Gave Potion","floor":3.0,"gold_loss":0.0,"damage_taken":0.0,"relics_obtained":["Omamori"]},{"cards_removed":["Strike_R"],"damage_healed":0.0,"max_hp_gain":0.0,"max_hp_loss":0.0,"gold_gain":0.0,"event_name":"Purifier","player_choice":"Purged","floor":5.0,"gold_loss":0.0,"damage_taken":0.0},{"damage_healed":0.0,"max_hp_gain":0.0,"max_hp_loss":0.0,"gold_gain":0.0,"event_name":"Masked Bandits","player_choice":"Fought Bandits","floor":19.0,"gold_loss":0.0,"damage_taken":0.0},{"damage_healed":0.0,"max_hp_gain":0.0,"max_hp_loss":0.0,"gold_gain":0.0,"cards_transformed":["Strike_R","Strike_R"],"event_name":"Drug Dealer","player_choice":"Became Test Subject","floor":20.0,"gold_loss":0.0,"damage_taken":0.0,"cards_obtained":["Perfected Strike","Reaper"]},{"damage_healed":0.0,"max_hp_gain":0.0,"max_hp_loss":38.0,"gold_gain":0.0,"event_name":"Ghosts","player_choice":"Became a Ghost","floor":25.0,"gold_loss":0.0,"damage_taken":0.0,"cards_obtained":["Ghostly","Ghostly","Ghostly"]}],"is_beta":true,"boss_relics":[{"not_picked":["Calling Bell","Tiny House"],"picked":"Black Star"}],"items_purged_floors":[11,21],"is_endless":false,"potions_floor_spawned":[2,10,12,14,24],"killed_by":"3 Cultists","ascension_level":20}