{"gold_per_floor":[113,129,129,144,27,55,55,84,84,97,115,115,45,114,114,217,217,230,230,247,257,271,297,40,40,40,68,68,68,68,86,86,190,190,205,205,221,221,240,240,240,23,23,42,56,56,56,32,32,32],"floor_reached":50,"playtime":5149,"items_purged":[],"score":515,"play_id":"afc7987c-2752-46b0-98ac-700e7e81668b","local_time":"20190915165606","is_ascension_mode":false,"campfire_choices":[{"floor":12.0,"key":"REST"},{"floor":15.0,"key":"REST"},{"floor":28,"key":"REST"},{"floor":30,"key":"REST"},{"data":"Bullet Time","floor":32,"key":"SMITH"},{"floor":40,"key":"REST"},{"floor":47,"key":"REST"},{"floor":49,"key":"REST"}],"neow_cost":"NONE","seed_source_timestamp":0,"circlet_count":0,"master_deck":["Strike_G","Defend_G+1","Defend_G","Defend_G","Defend_G","Survivor","Neutralize","PiercingWail","Dagger Throw+1","Crippling Poison","Noxious Fumes","Skewer","Catalyst","Dash","Backflip","Bullet Time+1","Noxious Fumes","After Image","Glass Knife+1","Heel Hook+1","Expertise+1","Flying Knee+1","Well Laid Plans","Acrobatics+1","Outmaneuver","Deflect+1","Leg Sweep","Footwork","Backflip+1","Iron Wave","After Image","Bane+1","Writhe","Deadly Poison+1","Crippling Poison+1","Crippling Poison","Noxious Fumes","Distraction","Deadly Poison+1","Poisoned Stab","PiercingWail"],"special_seed":0,"relics":["Ring of the Serpent","Strawberry","WingedGreaves","Sundial","Astrolabe","PreservedInsect","OrangePellets","War Paint","Regal Pillow","NlothsMask"],"potions_floor_usage":[18,22,23,33,39,45],"damage_taken":[{"damage":0.0,"enemies":"Small Slimes","floor":1.0,"turns":5.0},{"damage":1.0,"enemies":"Cultist","floor":2.0,"turns":5.0},{"damage":0.0,"enemies":"Jaw Worm","floor":4.0,"turns":4.0},{"damage":18.0,"enemies":"Lagavulin","floor":6.0,"turns":7.0},{"damage":27.0,"enemies":"Gremlin Nob","floor":8.0,"turns":5.0},{"damage":9.0,"enemies":"Large Slime","floor":10.0,"turns":7.0},{"damage":2.0,"enemies":"Looter","floor":11.0,"turns":3.0},{"damage":29.0,"enemies":"Hexaghost","floor":16.0,"turns":9.0},{"damage":18,"enemies":"Shell Parasite","floor":18,"turns":7},{"damage":1,"enemies":"Chosen","floor":20,"turns":4},{"damage":5,"enemies":"Snecko","floor":21,"turns":6},{"damage":0,"enemies":"Cultist and Chosen","floor":22,"turns":6},{"damage":42,"enemies":"Slavers","floor":23,"turns":6},{"damage":20,"enemies":"Gremlin Leader","floor":27,"turns":8},{"damage":2,"enemies":"Centurion and Healer","floor":31,"turns":6},{"damage":32,"enemies":"Automaton","floor":33,"turns":11},{"damage":30,"enemies":"3 Shapes","floor":35,"turns":6},{"damage":10,"enemies":"Orb Walker","floor":37,"turns":7},{"damage":43,"enemies":"Sphere and 2 Shapes","floor":39,"turns":9},{"damage":7,"enemies":"Maw","floor":44,"turns":9},{"damage":51,"enemies":"Transient","floor":45,"turns":5},{"damage":91,"enemies":"Awakened One","floor":50,"turns":6}],"seed_played":"-5676810789149414702","potions_obtained":[{"floor":1.0,"key":"Block Potion"},{"floor":2.0,"key":"EntropicBrew"},{"floor":10.0,"key":"PowerPotion"},{"floor":16.0,"key":"EssenceOfSteel"},{"floor":18,"key":"Poison Potion"},{"floor":20,"key":"AttackPotion"},{"floor":22,"key":"Ancient Potion"},{"floor":37,"key":"DuplicationPotion"},{"floor":45,"key":"SteroidPotion"}],"is_trial":false,"path_per_floor":["M","M","?","M","$","E","$","E","T","M","M","R","$","?","R","B",null,"M","?","M","M","M","E","$","?","T","E","R","?","R","M","R","B",null,"M","?","M","?","M","R","?","$","T","M","M","$","R","$","R","B"],"character_chosen":"THE_SILENT","items_purchased":["Noxious Fumes","Skewer","Noxious Fumes","OrangePellets","Leg Sweep","Footwork","Crippling Poison","Noxious Fumes","Distraction","PiercingWail"],"campfire_rested":7,"item_purchase_floors":[5,5,13,24,24,24,42,42,42,48],"current_hp_per_floor":[77,76,76,76,76,65,65,38,38,29,27,52,52,52,77,48,84,66,66,65,60,60,18,18,46,46,26,66,66,84,82,82,50,84,54,75,65,65,22,62,62,62,62,55,4,4,44,44,84,0],"gold":32,"neow_bonus":"TEN_PERCENT_HP_BONUS","is_prod":false,"is_daily":false,"chose_seed":false,"campfire_upgraded":1,"win_rate":0.0,"timestamp":1568591766,"path_taken":["M","M","?","M","$","E","?","E","T","M","M","R","$","?","R","BOSS","M","?","M","M","M","E","$","?","T","E","R","?","R","M","R","BOSS","M","?","M","?","?","R","?","$","T","M","M","$","R","$","R","BOSS"],"build_version":"2019-09-12","purchased_purges":0,"victory":false,"max_hp_per_floor":[77,77,77,77,77,84,84,84,84,84,84,84,84,84,84,84,84,84,84,84,84,84,84,84,84,84,84,84,84,84,84,84,84,84,84,84,84,84,84,84,84,84,84,84,84,84,84,84,84,84],"card_choices":[{"not_picked":["Escape Plan","Backflip"],"picked":"PiercingWail","floor":1.0},{"not_picked":["Well Laid Plans","Underhanded Strike"],"picked":"Dagger Throw","floor":2.0},{"not_picked":["Acrobatics","Flying Knee"],"picked":"Crippling Poison","floor":4.0},{"not_picked":["Bouncing Flask","PiercingWail"],"picked":"Catalyst","floor":6.0},{"not_picked":["Bane","Dagger Spray"],"picked":"Dash","floor":8.0},{"not_picked":["Outmaneuver","Bane"],"picked":"Backflip","floor":10.0},{"not_picked":["Infinite Blades","Dagger Throw"],"picked":"Bullet Time","floor":11.0},{"not_picked":["Phantasmal Killer","Night Terror"],"picked":"After Image","floor":16.0},{"not_picked":["Expertise","Quick Slash"],"picked":"Flying Knee+1","floor":18},{"not_picked":["PiercingWail","Prepared+1"],"picked":"Well Laid Plans","floor":20},{"not_picked":["Masterful Stab","Prepared"],"picked":"Acrobatics+1","floor":21},{"not_picked":["Escape Plan","Dagger Throw+1"],"picked":"Outmaneuver","floor":22},{"not_picked":["Blade Dance","Prepared"],"picked":"Deflect+1","floor":23},{"not_picked":["Slice","Blade Dance"],"picked":"Backflip+1","floor":27},{"not_picked":["Skewer","Finisher+1"],"picked":"After Image","floor":31},{"not_picked":["Sucker Punch+1","Dagger Throw"],"picked":"Bane+1","floor":35},{"not_picked":["PiercingWail+1","Calculated Gamble"],"picked":"Deadly Poison+1","floor":37},{"not_picked":["Catalyst+1","Flying Knee+1"],"picked":"Crippling Poison+1","floor":39},{"not_picked":["Acrobatics","Slice+1"],"picked":"Deadly Poison+1","floor":44},{"not_picked":["Acrobatics","Prepared+1"],"picked":"Poisoned Stab","floor":45}],"player_experience":28929,"relics_obtained":[{"floor":6.0,"key":"Strawberry"},{"floor":8.0,"key":"WingedGreaves"},{"floor":9.0,"key":"Sundial"},{"floor":23,"key":"PreservedInsect"},{"floor":26,"key":"War Paint"},{"floor":27,"key":"Regal Pillow"}],"event_choices":[{"damage_healed":0.0,"max_hp_gain":0.0,"max_hp_loss":0.0,"gold_gain":0.0,"event_name":"Accursed Blacksmith","player_choice":"Forge","floor":3.0,"gold_loss":0.0,"damage_taken":0.0,"cards_upgraded":["Dagger Throw"]},{"damage_healed":0.0,"max_hp_gain":0.0,"max_hp_loss":0.0,"gold_gain":69.0,"event_name":"Golden Wing","player_choice":"Gained Gold","floor":14.0,"gold_loss":0.0,"damage_taken":0.0},{"damage_healed":0,"gold_gain":0,"player_choice":"Ignored","damage_taken":0,"max_hp_gain":0,"max_hp_loss":0,"event_name":"Beggar","floor":19,"gold_loss":0},{"damage_healed":28,"gold_gain":0,"player_choice":"Heal","damage_taken":0,"max_hp_gain":0,"max_hp_loss":0,"event_name":"The Library","floor":25,"gold_loss":0},{"cards_removed":["Strike_G"],"damage_healed":0,"gold_gain":0,"player_choice":"Took Card","damage_taken":0,"max_hp_gain":0,"max_hp_loss":0,"event_name":"NoteForYourself","floor":29,"gold_loss":0,"cards_obtained":["Iron Wave"]},{"damage_healed":21,"gold_gain":0,"player_choice":"Writhe","damage_taken":0,"max_hp_gain":0,"max_hp_loss":0,"event_name":"Winding Halls","floor":36,"gold_loss":0,"cards_obtained":["Writhe"]},{"damage_healed":0,"gold_gain":0,"player_choice":"Trade","damage_taken":0,"relics_obtained":["NlothsMask"],"max_hp_gain":0,"max_hp_loss":0,"event_name":"FaceTrader","floor":38,"gold_loss":0},{"cards_removed":["Defend_G"],"damage_healed":0,"gold_gain":0,"player_choice":"Removed Skill","damage_taken":0,"max_hp_gain":0,"max_hp_loss":0,"event_name":"Falling","floor":41,"gold_loss":0}],"is_beta":true,"boss_relics":[{"not_picked":["Runic Dome","Velvet Choker"],"picked":"Astrolabe"},{"not_picked":["Sozu","SacredBark"],"picked":"Ring of the Serpent"}],"items_purged_floors":[],"is_endless":false,"potions_floor_spawned":[1,2,10,16,18,20,21,22,37,45],"killed_by":"Awakened One","ascension_level":0}