{"gold_per_floor":[15,15,30,47,61,61,93,93,93,109,129,129,162,176,176,271,271,281,281,294,311,93,93,103,103,130,145,45,59,72,92,92,193,193,211,86,86,99,0,0,0,0,23,38,51,51,66,78,78,78],"floor_reached":50,"playtime":3109,"items_purged":["Strike_R","Strike_R","Strike_R"],"score":462,"play_id":"ff739ddb-1bbd-44e5-a54e-59659bff04c9","local_time":"20190918043238","is_ascension_mode":false,"campfire_choices":[{"data":"Metamorphosis","floor":6,"key":"SMITH"},{"data":"Armaments","floor":8,"key":"SMITH"},{"data":"Bash","floor":12,"key":"SMITH"},{"data":"Armaments","floor":15,"key":"SMITH"},{"data":"Berserk","floor":23,"key":"SMITH"},{"floor":25,"key":"REST"},{"floor":32,"key":"REST"},{"floor":40,"key":"REST"},{"data":"Double Tap","floor":42,"key":"SMITH"},{"data":"Ghostly Armor","floor":46,"key":"SMITH"},{"floor":49,"key":"REST"}],"neow_cost":"NO_GOLD","seed_source_timestamp":1853248629447200,"circlet_count":0,"master_deck":["Strike_R","Defend_R","Defend_R","Defend_R","Defend_R","Bash+1","Finesse","Metamorphosis+1","Armaments+1","Combust","Armaments+1","Ghostly Armor+1","Ghostly Armor","Impervious","Berserk+1","Metallicize+1","Shrug It Off","Reaper","Iron Wave+1","Double Tap+1","Metallicize+1","Metallicize+1"],"relics":["Burning Blood","Omamori","Kunai","Meat on the Bone","Runic Dome","Bag of Preparation","Centennial Puzzle","Sozu","Red Mask","Blood Vial"],"potions_floor_usage":[31,50,50],"damage_taken":[{"damage":14,"enemies":"Jaw Worm","floor":1,"turns":4},{"damage":4,"enemies":"Cultist","floor":3,"turns":5},{"damage":5,"enemies":"2 Louse","floor":4,"turns":3},{"damage":7,"enemies":"Blue Slaver","floor":5,"turns":4},{"damage":23,"enemies":"Lagavulin","floor":7,"turns":6},{"damage":5,"enemies":"Looter","floor":10,"turns":4},{"damage":5,"enemies":"Exordium Wildlife","floor":11,"turns":3},{"damage":16,"enemies":"3 Sentries","floor":13,"turns":5},{"damage":9,"enemies":"Blue Slaver","floor":14,"turns":3},{"damage":27,"enemies":"The Guardian","floor":16,"turns":12},{"damage":18,"enemies":"2 Thieves","floor":18,"turns":4},{"damage":12,"enemies":"Spheric Guardian","floor":20,"turns":6},{"damage":18,"enemies":"Shelled Parasite and Fungi","floor":21,"turns":4},{"damage":14,"enemies":"Snecko","floor":24,"turns":7},{"damage":34,"enemies":"Sentry and Sphere","floor":27,"turns":4},{"damage":11,"enemies":"Snake Plant","floor":29,"turns":5},{"damage":8,"enemies":"3 Cultists","floor":30,"turns":5},{"damage":56,"enemies":"Cultist and Chosen","floor":31,"turns":10},{"damage":44,"enemies":"Collector","floor":33,"turns":9},{"damage":57,"enemies":"3 Shapes","floor":35,"turns":5},{"damage":0,"enemies":"Orb Walker","floor":38,"turns":3},{"damage":34,"enemies":"Transient","floor":44,"turns":5},{"damage":15,"enemies":"3 Darklings","floor":45,"turns":9},{"damage":20,"enemies":"Sphere and 2 Shapes","floor":47,"turns":7},{"damage":22,"enemies":"Maw","floor":48,"turns":9},{"damage":90,"enemies":"Awakened One","floor":50,"turns":15}],"seed_played":"3002742145180335392","potions_obtained":[{"floor":1,"key":"Block Potion"},{"floor":4,"key":"Weak Potion"},{"floor":5,"key":"Ancient Potion"},{"floor":11,"key":"Energy Potion"},{"floor":30,"key":"FearPotion"},{"floor":33,"key":"GamblersBrew"}],"is_trial":false,"path_per_floor":["M","?","M","M","M","R","E","R","T","M","M","R","E","M","R","B",null,"M","?","M","M","$","R","M","R","T","M","$","M","M","M","R","B",null,"M","$","?","M","?","R","?","R","T","M","M","R","M","M","R","B"],"character_chosen":"IRONCLAD","items_purchased":["Bag of Preparation"],"campfire_rested":4,"item_purchase_floors":[22],"current_hp_per_floor":[72,72,74,75,74,74,57,57,57,58,59,59,49,58,58,49,80,68,68,62,50,50,50,54,78,78,50,50,57,63,35,59,45,80,41,41,41,47,47,71,71,71,71,57,70,70,66,64,80,0],"gold":78,"neow_bonus":"RANDOM_COLORLESS_2","is_prod":false,"is_daily":false,"chose_seed":false,"campfire_upgraded":7,"win_rate":0,"timestamp":1568795558,"path_taken":["M","?","M","M","M","R","E","R","T","M","M","R","E","M","R","BOSS","M","?","M","M","$","R","M","R","T","?","$","M","?","M","R","BOSS","M","$","?","M","?","R","?","R","T","M","M","R","M","?","R","BOSS"],"build_version":"2019-07-17","purchased_purges":3,"victory":false,"max_hp_per_floor":[80,80,80,80,80,80,80,80,80,80,80,80,80,80,80,80,80,80,80,80,80,80,80,80,80,80,80,80,80,80,80,80,80,80,80,80,80,80,80,80,80,80,80,80,80,80,80,80,80,80],"card_choices":[{"not_picked":["Evolve","Perfected Strike"],"picked":"Armaments","floor":1},{"not_picked":["Cleave","Thunderclap"],"picked":"Combust","floor":3},{"not_picked":["Rage","Perfected Strike"],"picked":"Armaments","floor":4},{"not_picked":["Headbutt","Wild Strike","Clothesline"],"picked":"SKIP","floor":5},{"not_picked":["Armaments","Sword Boomerang","Brutality"],"picked":"SKIP","floor":7},{"not_picked":["Rupture","Anger"],"picked":"Ghostly Armor","floor":10},{"not_picked":["Warcry","Flex","Wild Strike"],"picked":"SKIP","floor":11},{"not_picked":["Feed","Flame Barrier","Infernal Blade"],"picked":"SKIP","floor":13},{"not_picked":["Uppercut","Clothesline"],"picked":"Ghostly Armor","floor":14},{"not_picked":["Berserk","Double Tap"],"picked":"Impervious","floor":16},{"not_picked":["Sword Boomerang+1","Body Slam","Twin Strike"],"picked":"SKIP","floor":18},{"not_picked":["Flex+1","Wild Strike"],"picked":"Metallicize+1","floor":20},{"not_picked":["Clash","Clothesline"],"picked":"Shrug It Off","floor":21},{"not_picked":["Headbutt","Clash","Flex"],"picked":"SKIP","floor":24},{"not_picked":["Warcry","Rage","Heavy Blade"],"picked":"SKIP","floor":27},{"not_picked":["Thunderclap","Body Slam+1"],"picked":"Reaper","floor":29},{"not_picked":["Power Through","Disarm"],"picked":"Iron Wave+1","floor":30},{"not_picked":["Armaments+1","Twin Strike+1","Searing Blow"],"picked":"SKIP","floor":31},{"not_picked":["Feed","Berserk"],"picked":"Double Tap","floor":33},{"not_picked":["Perfected Strike","Whirlwind+1"],"picked":"Metallicize+1","floor":35},{"not_picked":["Iron Wave+1","Flex+1","Flame Barrier+1"],"picked":"SKIP","floor":38},{"not_picked":["Twin Strike","Heavy Blade+1","Warcry"],"picked":"SKIP","floor":44},{"not_picked":["Rampage+1","Seeing Red","Heavy Blade+1"],"picked":"SKIP","floor":45},{"not_picked":["Sword Boomerang","Heavy Blade+1"],"picked":"Metallicize+1","floor":47},{"not_picked":["Armaments+1","Body Slam","Anger"],"picked":"SKIP","floor":48}],"player_experience":61944,"relics_obtained":[{"floor":7,"key":"Omamori"},{"floor":9,"key":"Kunai"},{"floor":13,"key":"Meat on the Bone"},{"floor":26,"key":"Centennial Puzzle"},{"floor":43,"key":"Blood Vial"}],"event_choices":[{"damage_healed":0,"gold_gain":0,"player_choice":"Ignored","damage_taken":0,"max_hp_gain":0,"max_hp_loss":0,"event_name":"Golden Idol","floor":2,"gold_loss":0},{"damage_healed":0,"gold_gain":0,"cards_transformed":["Strike_R"],"player_choice":"Transformed","damage_taken":0,"max_hp_gain":0,"max_hp_loss":0,"event_name":"Transmorgrifier","floor":19,"gold_loss":0,"cards_obtained":["Berserk"]},{"damage_healed":0,"gold_gain":0,"player_choice":"Memory 1","damage_taken":0,"max_hp_gain":0,"max_hp_loss":0,"event_name":"SensoryStone","floor":37,"gold_loss":0},{"damage_healed":0,"gold_gain":0,"player_choice":"Paid","damage_taken":0,"relics_obtained":["Red Mask"],"max_hp_gain":0,"max_hp_loss":0,"event_name":"Tomb of Lord Red Mask","floor":39,"gold_loss":99},{"damage_healed":0,"gold_gain":0,"player_choice":"Ignored","damage_taken":0,"max_hp_gain":0,"max_hp_loss":0,"event_name":"Mysterious Sphere","floor":41,"gold_loss":0}],"is_beta":false,"boss_relics":[{"not_picked":["Runic Pyramid","Black Star"],"picked":"Runic Dome"},{"not_picked":["Tiny House","Black Blood"],"picked":"Sozu"}],"items_purged_floors":[22,28,36],"is_endless":false,"potions_floor_spawned":[1,4,5,11,20,30,33,38,45,47],"killed_by":"Awakened One","ascension_level":0}