{"gold_per_floor":[15,15,90,90,109,109,129,165,190,190,60,60,104,150,150,244,307,282,282,302,5,24,24,44,75,75,32,46,65,65,83,83,181,181,199,199,224,224,249,293,309,344,344,365,398,398,47,63,63,63,63,63,63,63,101,101],"floor_reached":57,"playtime":3393,"items_purged":["Strike_G","Strike_G","Strike_G+1"],"score":3394,"play_id":"b8cf0904-4404-4e86-bfd1-f87175ed0032","local_time":"20190812012923","is_ascension_mode":true,"campfire_choices":[{"data":"Choke","floor":6.0,"key":"SMITH"},{"data":"A Thousand Cuts","floor":10.0,"key":"SMITH"},{"data":"Predator","floor":12.0,"key":"SMITH"},{"data":"Neutralize","floor":15.0,"key":"SMITH"},{"floor":23.0,"key":"REST"},{"data":"Tactician","floor":30.0,"key":"SMITH"},{"data":"Calculated Gamble","floor":32.0,"key":"SMITH"},{"data":"Calculated Gamble","floor":46.0,"key":"SMITH"},{"floor":49.0,"key":"RECALL"},{"data":"Acrobatics","floor":53.0,"key":"SMITH"}],"neow_cost":"NO_GOLD","seed_source_timestamp":476175848736503,"circlet_count":0,"master_deck":["AscendersBane","Strike_G+1","Strike_G+1","Defend_G+1","Defend_G+1","Defend_G+1","Defend_G+1","Defend_G+1","Survivor+1","Neutralize+1","Choke+1","Backflip+1","Predator+1","A Thousand Cuts+1","Acrobatics+1","Calculated Gamble+1","Deep Breath+1","Acrobatics+1","Well Laid Plans+1","Escape Plan+1","Prepared+1","Calculated Gamble+1","Tactician+1","After Image+1","Acrobatics+1","Calculated Gamble+1","Night Terror"],"special_seed":0,"relics":["Ring of the Snake","Thread and Needle","Golden Idol","Anchor","Centennial Puzzle","Bottled Tornado","Ancient Tea Set","Tiny House","Dodecahedron","Kunai","Meat on the Bone","Coffee Dripper","Mark of the Bloom","Blood Vial","Boot","Bag of Preparation","TheAbacus"],"potions_floor_usage":[56,56],"damage_taken":[{"damage":0.0,"enemies":"2 Louse","floor":1.0,"turns":2.0},{"damage":0.0,"enemies":"Small Slimes","floor":5.0,"turns":4.0},{"damage":2.0,"enemies":"Cultist","floor":7.0,"turns":3.0},{"damage":19.0,"enemies":"Gremlin Nob","floor":8.0,"turns":4.0},{"damage":0.0,"enemies":"3 Sentries","floor":13.0,"turns":6.0},{"damage":26.0,"enemies":"Slime Boss","floor":16.0,"turns":8.0},{"damage":2.0,"enemies":"2 Thieves","floor":18.0,"turns":4.0},{"damage":7.0,"enemies":"Shell Parasite","floor":20.0,"turns":7.0},{"damage":28.0,"enemies":"Centurion and Healer","floor":22.0,"turns":12.0},{"damage":2.0,"enemies":"Snake Plant","floor":24.0,"turns":5.0},{"damage":25.0,"enemies":"Book of Stabbing","floor":25.0,"turns":5.0},{"damage":5.0,"enemies":"Shelled Parasite and Fungi","floor":28.0,"turns":11.0},{"damage":0.0,"enemies":"Snecko","floor":29.0,"turns":5.0},{"damage":0.0,"enemies":"Centurion and Healer","floor":31.0,"turns":4.0},{"damage":0.0,"enemies":"Champ","floor":33.0,"turns":19.0},{"damage":0.0,"enemies":"3 Darklings","floor":35.0,"turns":3.0},{"damage":0.0,"enemies":"Orb Walker","floor":37.0,"turns":3.0},{"damage":0.0,"enemies":"Transient","floor":39.0,"turns":5.0},{"damage":0.0,"enemies":"Giant Head","floor":40.0,"turns":3.0},{"damage":0.0,"enemies":"4 Shapes","floor":41.0,"turns":3.0},{"damage":0.0,"enemies":"Nemesis","floor":42.0,"turns":3.0},{"damage":0.0,"enemies":"Writhing Mass","floor":44.0,"turns":2.0},{"damage":0.0,"enemies":"Giant Head","floor":45.0,"turns":3.0},{"damage":0.0,"enemies":"3 Darklings","floor":48.0,"turns":1.0},{"damage":0.0,"enemies":"Donu and Deca","floor":50.0,"turns":3.0},{"damage":0.0,"enemies":"Awakened One","floor":51.0,"turns":4.0},{"damage":0.0,"enemies":"Shield and Spear","floor":55.0,"turns":2.0},{"damage":0,"enemies":"The Heart","floor":56,"turns":8}],"seed_played":"14115244932197487","potions_obtained":[{"floor":1.0,"key":"GamblersBrew"},{"floor":5.0,"key":"Energy Potion"},{"floor":17.0,"key":"SneckoOil"},{"floor":18.0,"key":"AttackPotion"},{"floor":24.0,"key":"Weak Potion"},{"floor":28.0,"key":"PowerPotion"},{"floor":31.0,"key":"GamblersBrew"},{"floor":35.0,"key":"Strength Potion"},{"floor":41.0,"key":"Dexterity Potion"},{"floor":45.0,"key":"SkillPotion"}],"is_trial":false,"path_per_floor":["M","?","?","?","M","R","M","E","T","R","$","R","E","T","R","B",null,"M","?","M","$","M","R","M","E","T","$","M","M","R","M","R","B",null,"M","?","M","?","M","E","M","E","T","M","E","R","$","M","R","B","B",null,"R","$","E","B",null],"character_chosen":"THE_SILENT","items_purchased":["Energy Potion","Deep Breath","Acrobatics","Well Laid Plans","Calculated Gamble","TheAbacus"],"campfire_rested":1,"item_purchase_floors":[11,21,21,21,27,47],"current_hp_per_floor":[59,59,48,60,60,60,58,39,39,39,39,39,39,39,39,13,53,51,51,44,44,16,35,33,8,8,8,15,27,27,39,39,39,59,59,59,59,59,59,59,59,59,59,59,59,59,59,59,59,59,59,59,59,59,59,59],"gold":101,"neow_bonus":"ONE_RARE_RELIC","is_prod":false,"is_daily":false,"chose_seed":false,"campfire_upgraded":8,"win_rate":0,"timestamp":1565540963,"path_taken":["M","?","?","?","M","R","M","E","T","R","$","R","E","?","R","BOSS","M","?","M","$","M","R","M","E","T","$","?","M","R","M","R","BOSS","M","?","M","?","M","E","M","E","T","M","E","R","?","M","R","BOSS","BOSS","R","$","E","BOSS"],"build_version":"2019-07-17","purchased_purges":3,"victory":true,"max_hp_per_floor":[66,60,60,60,60,60,60,60,60,60,60,60,60,60,60,60,65,65,65,65,65,65,65,65,65,65,65,65,65,65,65,65,65,65,65,65,65,65,65,65,65,65,65,65,65,65,65,65,65,65,65,65,65,65,65,65],"card_choices":[{"not_picked":["Expertise","Dash"],"picked":"Choke","floor":1.0},{"not_picked":["Expertise","Caltrops"],"picked":"Backflip","floor":5.0},{"not_picked":["Sucker Punch","Flying Knee"],"picked":"Predator","floor":7.0},{"not_picked":["Blur","Bane"],"picked":"A Thousand Cuts","floor":8.0},{"not_picked":["Infinite Blades","Concentrate","Quick Slash"],"picked":"SKIP","floor":13.0},{"not_picked":["Outmaneuver","Dagger Spray"],"picked":"Acrobatics","floor":17.0},{"not_picked":["Backstab","Underhanded Strike"],"picked":"Calculated Gamble","floor":18.0},{"not_picked":["Backflip","PiercingWail","Cloak And Dagger"],"picked":"SKIP","floor":20.0},{"not_picked":["Sucker Punch","Backflip"],"picked":"Escape Plan","floor":22.0},{"not_picked":["Deflect","Backstab"],"picked":"Prepared","floor":24.0},{"not_picked":["Phantasmal Killer","Slice","Quick Slash+1"],"picked":"SKIP","floor":25.0},{"not_picked":["Dodge and Roll","Bouncing Flask","Dagger Spray"],"picked":"SKIP","floor":28.0},{"not_picked":["Accuracy+1","Concentrate"],"picked":"Tactician","floor":29.0},{"not_picked":["Backflip","Quick Slash","Underhanded Strike"],"picked":"SKIP","floor":31.0},{"not_picked":["Corpse Explosion","Storm of Steel"],"picked":"After Image","floor":33.0},{"not_picked":["Dagger Spray","Masterful Stab+1","Distraction"],"picked":"SKIP","floor":35.0},{"not_picked":["Terror","Dagger Spray","Distraction+1"],"picked":"SKIP","floor":37.0},{"not_picked":["Caltrops","PiercingWail","Heel Hook"],"picked":"SKIP","floor":39.0},{"not_picked":["Underhanded Strike","Venomology","Riddle With Holes"],"picked":"SKIP","floor":40.0},{"not_picked":["Dagger Spray","Quick Slash","Blade Dance"],"picked":"SKIP","floor":41.0},{"not_picked":["Acrobatics","Distraction","Predator"],"picked":"SKIP","floor":42.0},{"not_picked":["Distraction","Predator"],"picked":"Acrobatics","floor":42.0},{"not_picked":["Prepared","Footwork"],"picked":"Calculated Gamble","floor":44.0},{"not_picked":["Slice","Catalyst","Flying Knee"],"picked":"SKIP","floor":45.0},{"not_picked":["PiercingWail","Prepared","Dodge and Roll"],"picked":"SKIP","floor":48.0},{"not_picked":["Poisoned Stab","Dagger Spray+1"],"picked":"Night Terror","floor":55}],"player_experience":856188,"relics_obtained":[{"floor":8.0,"key":"Anchor"},{"floor":9.0,"key":"Centennial Puzzle"},{"floor":13.0,"key":"Bottled Tornado"},{"floor":14.0,"key":"Ancient Tea Set"},{"floor":25.0,"key":"Kunai"},{"floor":26.0,"key":"Meat on the Bone"},{"floor":40.0,"key":"Blood Vial"},{"floor":42.0,"key":"Boot"},{"floor":45.0,"key":"Bag of Preparation"}],"event_choices":[{"damage_healed":0.0,"max_hp_gain":0.0,"max_hp_loss":6.0,"gold_gain":0.0,"event_name":"Golden Idol","player_choice":"Lose Max HP","floor":2.0,"gold_loss":0.0,"damage_taken":0.0,"relics_obtained":["Golden Idol"]},{"damage_healed":0.0,"max_hp_gain":0.0,"max_hp_loss":0.0,"gold_gain":75.0,"event_name":"World of Goop","player_choice":"Gather Gold","floor":3.0,"gold_loss":0.0,"damage_taken":11.0},{"damage_healed":20.0,"max_hp_gain":0.0,"max_hp_loss":0.0,"gold_gain":0.0,"event_name":"Big Fish","player_choice":"Banana","floor":4.0,"gold_loss":0.0,"damage_taken":0.0},{"damage_healed":0.0,"max_hp_gain":0.0,"max_hp_loss":0.0,"gold_gain":0.0,"event_name":"WeMeetAgain","player_choice":"Gave Potion","floor":19.0,"gold_loss":0.0,"damage_taken":0.0,"relics_obtained":["Dodecahedron"]},{"damage_healed":0.0,"max_hp_gain":0.0,"max_hp_loss":0.0,"gold_gain":0.0,"event_name":"Tomb of Lord Red Mask","player_choice":"Ignored","floor":36.0,"gold_loss":0.0,"damage_taken":0.0},{"damage_healed":0.0,"max_hp_gain":0.0,"max_hp_loss":0.0,"gold_gain":0.0,"event_name":"MindBloom","player_choice":"Upgrade","floor":38.0,"gold_loss":0.0,"damage_taken":0.0,"cards_upgraded":["Strike_G","Strike_G","Strike_G","Defend_G","Defend_G","Defend_G","Defend_G","Survivor","Backflip","Acrobatics","Deep Breath","Acrobatics","Well Laid Plans","Escape Plan","Prepared","Calculated Gamble","After Image"],"relics_obtained":["Mark of the Bloom"]}],"is_beta":false,"boss_relics":[{"not_picked":["Black Star","Calling Bell"],"picked":"Tiny House"},{"not_picked":["HoveringKite","Velvet Choker"],"picked":"Coffee Dripper"}],"items_purged_floors":[11,21,47],"is_endless":false,"potions_floor_spawned":[1,5,18,24,28,31,35,41,45,48,55],"ascension_level":20}