{"gold_per_floor":[109,124,49,49,49,87,87,100,100,100,250,288,170,203,203,297,297,316,316,218,237,256,300,300,300],"floor_reached":25,"playtime":915,"items_purged":["Strike_R"],"score":524,"play_id":"f20a39de-f8e5-4aa1-b55b-bbfa65ef319b","local_time":"20190903194919","is_ascension_mode":true,"campfire_choices":[{"data":"True Grit","floor":7.0,"key":"SMITH"},{"data":"Shrug It Off","floor":15.0,"key":"SMITH"},{"data":"Body Slam","floor":24,"key":"SMITH"}],"neow_cost":"NONE","seed_source_timestamp":1666245462917000,"circlet_count":0,"master_deck":["AscendersBane","Defend_R","Defend_R","Defend_R","Defend_R","Battle Trance","True Grit+1","Shrug It Off+1","Doubt","Reckless Charge","Feed","Feel No Pain+1","Disarm","Flame Barrier","Impatience","Body Slam+1","Burning Pact","Disarm"],"special_seed":0,"relics":["Burning Blood","NeowsBlessing","Golden Idol","Dead Branch","Turnip","Mercury Hourglass","Blue Candle","Boot","Empty Cage","Gambling Chip"],"potions_floor_usage":[23,25],"damage_taken":[{"damage":0.0,"enemies":"Small Slimes","floor":1.0,"turns":1.0},{"damage":0.0,"enemies":"2 Louse","floor":2.0,"turns":1.0},{"damage":0.0,"enemies":"Gremlin Nob","floor":6.0,"turns":1.0},{"damage":0.0,"enemies":"Cultist","floor":8.0,"turns":5.0},{"damage":11.0,"enemies":"3 Sentries","floor":12.0,"turns":8.0},{"damage":25.0,"enemies":"Lagavulin","floor":14.0,"turns":9.0},{"damage":9.0,"enemies":"Hexaghost","floor":16.0,"turns":9.0},{"damage":22.0,"enemies":"Shell Parasite","floor":18.0,"turns":7.0},{"damage":7.0,"enemies":"Chosen","floor":21.0,"turns":6.0},{"damage":4.0,"enemies":"Snake Plant","floor":22.0,"turns":5.0},{"damage":18,"enemies":"Gremlin Leader","floor":23,"turns":5},{"damage":1,"enemies":"Snecko","floor":25,"turns":2}],"seed_played":"-1622977956753128025","potions_obtained":[{"floor":2.0,"key":"Fire Potion"},{"floor":12.0,"key":"EssenceOfSteel"},{"floor":14.0,"key":"Swift Potion"},{"floor":18.0,"key":"Strength Potion"},{"floor":22.0,"key":"Block Potion"}],"is_trial":false,"path_per_floor":["M","M","?","?","?","E","R","M","T","T","?","E","$","E","R","B",null,"M","?","$","M","M","E","R","M"],"character_chosen":"IRONCLAD","items_purchased":["Reckless Charge","Impatience"],"campfire_rested":0,"item_purchase_floors":[13,20],"current_hp_per_floor":[74,75,75,49,23,29,29,35,35,35,35,30,30,11,11,8,58,42,42,42,41,46,34,34,33],"gold":300,"neow_bonus":"THREE_ENEMY_KILL","is_prod":false,"is_daily":false,"chose_seed":false,"campfire_upgraded":3,"win_rate":0,"timestamp":1567511359,"path_taken":["M","M","?","?","?","E","R","M","T","?","?","E","$","E","R","BOSS","M","?","$","M","M","E","R","M"],"build_version":"2019-08-26","purchased_purges":1,"victory":false,"max_hp_per_floor":[75,75,75,75,75,75,75,75,75,75,75,75,75,75,75,75,75,75,75,75,75,78,78,78,78],"card_choices":[{"not_picked":["Body Slam","Heavy Blade"],"picked":"Battle Trance","floor":1.0},{"not_picked":["Perfected Strike","Sword Boomerang"],"picked":"True Grit","floor":2.0},{"not_picked":["Twin Strike","Flame Barrier"],"picked":"Shrug It Off","floor":6.0},{"not_picked":["Clothesline","Heavy Blade","Ghostly Armor"],"picked":"SKIP","floor":8.0},{"not_picked":["Armaments","Dual Wield","Ghostly Armor"],"picked":"SKIP","floor":12.0},{"not_picked":["Combust","Shrug It Off","Sword Boomerang"],"picked":"SKIP","floor":14.0},{"not_picked":["Demon Form","Brutality"],"picked":"Feed","floor":16.0},{"not_picked":["Bloodletting","Infernal Blade"],"picked":"Feel No Pain+1","floor":18.0},{"not_picked":["Clash","Battle Trance"],"picked":"Body Slam","floor":21.0},{"not_picked":["Heavy Blade","Whirlwind"],"picked":"Burning Pact","floor":22.0},{"not_picked":["Searing Blow","Blood for Blood+1"],"picked":"Disarm","floor":23}],"player_experience":3166497,"relics_obtained":[{"floor":6.0,"key":"Turnip"},{"floor":10.0,"key":"Mercury Hourglass"},{"floor":12.0,"key":"Blue Candle"},{"floor":14.0,"key":"Boot"},{"floor":23,"key":"Gambling Chip"}],"event_choices":[{"cards_removed":["Strike_R"],"damage_healed":0.0,"max_hp_gain":0.0,"max_hp_loss":0.0,"gold_gain":0.0,"event_name":"The Cleric","player_choice":"Card Removal","floor":3.0,"gold_loss":75.0,"damage_taken":0.0},{"damage_healed":0.0,"max_hp_gain":0.0,"max_hp_loss":0.0,"gold_gain":0.0,"event_name":"Golden Idol","player_choice":"Take Damage","floor":4.0,"gold_loss":0.0,"damage_taken":26.0,"relics_obtained":["Golden Idol"]},{"damage_healed":0.0,"max_hp_gain":0.0,"max_hp_loss":0.0,"gold_gain":0.0,"event_name":"Scrap Ooze","player_choice":"Success","floor":5.0,"gold_loss":0.0,"damage_taken":26.0,"relics_obtained":["Dead Branch"]},{"damage_healed":0.0,"max_hp_gain":0.0,"max_hp_loss":0.0,"gold_gain":150.0,"event_name":"Liars Game","player_choice":"AGREE","floor":11.0,"gold_loss":0.0,"damage_taken":0.0,"cards_obtained":["Doubt"]},{"damage_healed":0.0,"max_hp_gain":0.0,"max_hp_loss":0.0,"gold_gain":0.0,"cards_transformed":["Bash","Strike_R"],"event_name":"Drug Dealer","player_choice":"Became Test Subject","floor":19.0,"gold_loss":0.0,"damage_taken":0.0,"cards_obtained":["Disarm","Flame Barrier"]}],"is_beta":true,"boss_relics":[{"not_picked":["White Beast Statue","Busted Crown"],"picked":"Empty Cage"}],"items_purged_floors":[13],"is_endless":false,"potions_floor_spawned":[2,12,14,18,21,22],"killed_by":"Snecko","ascension_level":20}