{"gold_per_floor":[109,127,127,127,52,52,118,141,164,164,180,180,216,116,116,205,205,230,230,251,22,38,74,74,93,93,93,93,133,133,133,133,222,222,240,240,254,267,267,300,300,336,375,425,437,473,526,242,242,242,242,242,242,74,110,110],"floor_reached":57,"playtime":2447,"items_purged":["Strike_G","Strike_G","Normality"],"score":3428,"play_id":"78c89562-777f-4776-9d83-c5f070f094dc","local_time":"20190406195122","is_ascension_mode":true,"campfire_choices":[{"data":"Deadly Poison","floor":6.0,"key":"SMITH"},{"data":"Catalyst","floor":10.0,"key":"SMITH"},{"data":"Neutralize","floor":12.0,"key":"SMITH"},{"data":"Backflip","floor":15.0,"key":"SMITH"},{"data":"Well Laid Plans","floor":24.0,"key":"SMITH"},{"data":"Bullet Time","floor":27.0,"key":"SMITH"},{"data":"Catalyst","floor":30.0,"key":"SMITH"},{"data":"Survivor","floor":32.0,"key":"SMITH"},{"floor":49.0,"key":"RECALL"},{"data":"Acrobatics","floor":53,"key":"SMITH"}],"neow_cost":"NONE","seed_source_timestamp":0,"circlet_count":0,"master_deck":["AscendersBane","Defend_G","Defend_G","Defend_G","Defend_G","Survivor+1","Neutralize+1","Backflip+1","Deadly Poison+1","Catalyst+1","Corpse Explosion+1","Ghostly","Ghostly","Ghostly","PiercingWail+1","Well Laid Plans+1","Bullet Time+1","Catalyst+1","Tools of the Trade","Backflip+1","Madness","Madness","Footwork","PanicButton","Acrobatics+1","Footwork","Acrobatics+1"],"special_seed":0,"relics":["Ring of the Snake","NeowsBlessing","Golden Idol","Bag of Preparation","Tiny Chest","Boot","Mercury Hourglass","Empty Cage","OrangePellets","Juzu Bracelet","Ice Cream","Vajra","Cursed Key","Ancient Tea Set","MawBank","Pen Nib","Bird Faced Urn","Happy Flower","Bottled Lightning"],"potions_floor_usage":[51,56,56],"damage_taken":[{"damage":0.0,"enemies":"Jaw Worm","floor":1.0,"turns":1.0},{"damage":0.0,"enemies":"Small Slimes","floor":2.0,"turns":1.0},{"damage":0.0,"enemies":"Lagavulin","floor":7.0,"turns":1.0},{"damage":0.0,"enemies":"Cultist","floor":8.0,"turns":4.0},{"damage":16.0,"enemies":"Gremlin Gang","floor":11.0,"turns":7.0},{"damage":30.0,"enemies":"Gremlin Nob","floor":13.0,"turns":4.0},{"damage":0.0,"enemies":"Hexaghost","floor":16.0,"turns":7.0},{"damage":0.0,"enemies":"Chosen","floor":18.0,"turns":3.0},{"damage":0.0,"enemies":"Shell Parasite","floor":20.0,"turns":4.0},{"damage":16.0,"enemies":"Snecko","floor":22.0,"turns":5.0},{"damage":3.0,"enemies":"Slavers","floor":23.0,"turns":3.0},{"damage":1.0,"enemies":"Centurion and Healer","floor":25.0,"turns":5.0},{"damage":1.0,"enemies":"Gremlin Leader","floor":29.0,"turns":6.0},{"damage":0.0,"enemies":"Automaton","floor":33.0,"turns":6.0},{"damage":0.0,"enemies":"3 Darklings","floor":35.0,"turns":3.0},{"damage":0.0,"enemies":"Orb Walker","floor":37.0,"turns":3.0},{"damage":0.0,"enemies":"Maw","floor":38.0,"turns":4.0},{"damage":0.0,"enemies":"Nemesis","floor":40.0,"turns":3.0},{"damage":0.0,"enemies":"Giant Head","floor":42.0,"turns":6.0},{"damage":0.0,"enemies":"Nemesis","floor":44.0,"turns":5.0},{"damage":0.0,"enemies":"Transient","floor":46.0,"turns":6.0},{"damage":2.0,"enemies":"Reptomancer","floor":47.0,"turns":6.0},{"damage":0.0,"enemies":"Donu and Deca","floor":50.0,"turns":6.0},{"damage":6,"enemies":"Time Eater","floor":51,"turns":12},{"damage":6,"enemies":"Shield and Spear","floor":55,"turns":5},{"damage":24,"enemies":"The Heart","floor":56,"turns":8}],"seed_played":"6664387889653397878","potions_obtained":[{"floor":2.0,"key":"EssenceOfSteel"},{"floor":16.0,"key":"AttackPotion"},{"floor":20.0,"key":"Regen Potion"},{"floor":22.0,"key":"Dexterity Potion"},{"floor":25.0,"key":"Energy Potion"},{"floor":38.0,"key":"LiquidBronze"},{"floor":40.0,"key":"Explosive Potion"},{"floor":46.0,"key":"Poison Potion"}],"is_trial":false,"path_per_floor":["M","M","?","?","$","R","E","M","T","R","M","R","E","$","R","B",null,"M","?","M","$","M","E","R","M","T","R","?","E","R","?","R","B",null,"M","?","M","M","T","E","?","E","T","E","?","M","E","$","R","B","B",null,"R","$","E","B",null],"character_chosen":"THE_SILENT","items_purchased":["OrangePellets","Happy Flower","GhostInAJar","Footwork"],"campfire_rested":0,"item_purchase_floors":[21,48,54,54],"current_hp_per_floor":[59,59,59,48,48,48,48,48,48,48,32,32,2,2,2,2,46,46,30,30,30,17,14,14,13,13,13,13,12,12,12,12,12,26,26,26,26,26,26,26,21,21,21,21,21,21,19,19,19,25,24,29,29,29,28,12],"gold":110,"neow_bonus":"THREE_ENEMY_KILL","is_prod":false,"is_daily":false,"chose_seed":false,"campfire_upgraded":9,"win_rate":0,"timestamp":1554551482,"path_taken":["M","M","?","?","$","R","E","M","T","R","M","R","E","?","R","BOSS","M","?","M","$","M","E","R","M","T","R","?","E","R","?","R","BOSS","M","?","M","M","?","E","?","E","T","E","?","M","E","$","R","BOSS","BOSS","R","$","E","BOSS"],"build_version":"2019-04-04","purchased_purges":3,"victory":true,"max_hp_per_floor":[66,66,60,60,60,60,60,60,60,60,60,60,60,60,60,60,60,60,30,30,30,30,30,30,30,30,30,30,30,30,30,30,30,30,30,30,30,30,30,30,30,30,30,30,30,30,30,30,30,30,30,30,30,30,30,30],"card_choices":[{"not_picked":["Bane","Poisoned Stab"],"picked":"Backflip","floor":1.0},{"not_picked":["Concentrate","Backflip"],"picked":"Deadly Poison","floor":2.0},{"not_picked":["Backstab","Accuracy","Storm of Steel"],"picked":"SKIP","floor":7.0},{"not_picked":["Backflip","Dagger Throw"],"picked":"Catalyst","floor":8.0},{"not_picked":["Bouncing Flask","Heel Hook","Dagger Spray"],"picked":"SKIP","floor":11.0},{"not_picked":["Bouncing Flask","Heel Hook","Dagger Spray"],"picked":"SKIP","floor":11.0},{"not_picked":["Predator","Outmaneuver","Expertise"],"picked":"SKIP","floor":13.0},{"not_picked":["Unload","Malaise"],"picked":"Corpse Explosion","floor":16.0},{"not_picked":["Dagger Spray+1","Slice","Bane"],"picked":"SKIP","floor":18.0},{"not_picked":["Dash","Deadly Poison"],"picked":"PiercingWail+1","floor":20.0},{"not_picked":["Dodge and Roll","Bane"],"picked":"Well Laid Plans","floor":22.0},{"not_picked":["Dodge and Roll","Blade Dance","Setup"],"picked":"SKIP","floor":23.0},{"not_picked":["Choke","Predator"],"picked":"Bullet Time","floor":25.0},{"not_picked":["Backstab","Backflip+1"],"picked":"Catalyst","floor":29.0},{"not_picked":["Venomology","Storm of Steel"],"picked":"Tools of the Trade","floor":33.0},{"not_picked":["Dagger Throw","Cloak And Dagger","Sucker Punch+1"],"picked":"SKIP","floor":35.0},{"not_picked":["Sucker Punch+1","Poisoned Stab","Finisher"],"picked":"SKIP","floor":37.0},{"not_picked":["Dagger Spray","PiercingWail","Caltrops"],"picked":"SKIP","floor":38.0},{"not_picked":["Corpse Explosion","Quick Slash"],"picked":"Backflip+1","floor":40.0},{"not_picked":["Accuracy","Masterful Stab","Dodge and Roll"],"picked":"SKIP","floor":42.0},{"not_picked":["PiercingWail+1","Concentrate"],"picked":"Footwork","floor":44.0},{"not_picked":["Sadistic Nature","Dark Shackles"],"picked":"PanicButton","floor":45.0},{"not_picked":["Deflect","Noxious Fumes"],"picked":"Acrobatics","floor":46.0},{"not_picked":["Backflip","Distraction","Dagger Throw"],"picked":"SKIP","floor":47.0},{"not_picked":["Prepared","Riddle With Holes"],"picked":"Acrobatics+1","floor":55}],"player_experience":3000187,"relics_obtained":[{"floor":7.0,"key":"Tiny Chest"},{"floor":9.0,"key":"Boot"},{"floor":13.0,"key":"Mercury Hourglass"},{"floor":23.0,"key":"Juzu Bracelet"},{"floor":26.0,"key":"Ice Cream"},{"floor":29.0,"key":"Vajra"},{"floor":40.0,"key":"Ancient Tea Set"},{"floor":42.0,"key":"MawBank"},{"floor":44.0,"key":"Pen Nib"},{"floor":47.0,"key":"Bird Faced Urn"},{"floor":55,"key":"Bottled Lightning"}],"event_choices":[{"damage_healed":0.0,"max_hp_gain":0.0,"max_hp_loss":6.0,"gold_gain":0.0,"event_name":"Golden Idol","player_choice":"Lose Max HP","floor":3.0,"gold_loss":0.0,"damage_taken":0.0,"relics_obtained":["Golden Idol"]},{"damage_healed":0.0,"max_hp_gain":0.0,"max_hp_loss":0.0,"gold_gain":0.0,"event_name":"Scrap Ooze","player_choice":"Success","floor":4.0,"gold_loss":0.0,"damage_taken":11.0,"relics_obtained":["Bag of Preparation"]},{"damage_healed":0.0,"max_hp_gain":0.0,"max_hp_loss":30.0,"gold_gain":0.0,"event_name":"Ghosts","player_choice":"Became a Ghost","floor":19.0,"gold_loss":0.0,"damage_taken":0.0,"cards_obtained":["Ghostly","Ghostly","Ghostly"]},{"damage_healed":0.0,"max_hp_gain":0.0,"max_hp_loss":0.0,"gold_gain":0.0,"event_name":"Upgrade Shrine","player_choice":"Upgraded","floor":28.0,"gold_loss":0.0,"damage_taken":0.0,"cards_upgraded":["Corpse Explosion"]},{"cards_removed":["Strike_G"],"damage_healed":0.0,"max_hp_gain":0.0,"max_hp_loss":0.0,"gold_gain":0.0,"event_name":"Purifier","player_choice":"Purged","floor":31.0,"gold_loss":0.0,"damage_taken":0.0},{"cards_removed":["Defend_G"],"damage_healed":0.0,"max_hp_gain":0.0,"max_hp_loss":0.0,"gold_gain":0.0,"event_name":"Purifier","player_choice":"Purged","floor":36.0,"gold_loss":0.0,"damage_taken":0.0},{"damage_healed":0.0,"max_hp_gain":0.0,"max_hp_loss":0.0,"gold_gain":0.0,"event_name":"Winding Halls","player_choice":"Embrace Madness","floor":41.0,"gold_loss":0.0,"damage_taken":5.0,"cards_obtained":["Madness","Madness"]},{"damage_healed":0.0,"max_hp_gain":0.0,"max_hp_loss":0.0,"gold_gain":0.0,"event_name":"SensoryStone","player_choice":"Memory 1","floor":45.0,"gold_loss":0.0,"damage_taken":0.0}],"is_beta":true,"boss_relics":[{"not_picked":["Orrery","Snecko Eye"],"picked":"Empty Cage"},{"not_picked":["Calling Bell","Sozu"],"picked":"Cursed Key"}],"items_purged_floors":[5,14,48],"is_endless":false,"potions_floor_spawned":[2,16,20,22,25,38,40,46],"ascension_level":20}