{"gold_per_floor":[117,117,117,129,54,54,85,85,134,152,52,52,67,77,77,154,154,172,222,222,222,254,254,273,148,222,144,120,120,133,151,151,222,222,242,256,256,106,106,106,125,125,125,139,164,184,203,219,219,219,219,219,219,44,78,78],"floor_reached":56,"playtime":2977,"items_purged":["Strike_G","Defend_G","Strike_G","Strike_G","Deadly Poison+1"],"score":2304,"play_id":"aaa5a859-2b18-424e-ba9b-d52b6b4a219f","local_time":"20190904224639","is_ascension_mode":true,"campfire_choices":[{"data":"Prepared","floor":6.0,"key":"SMITH"},{"data":"Finisher","floor":12.0,"key":"SMITH"},{"data":"Acrobatics","floor":15.0,"key":"SMITH"},{"data":"Neutralize","floor":23.0,"key":"SMITH"},{"data":"Well Laid Plans","floor":29.0,"key":"SMITH"},{"floor":32.0,"key":"RECALL"},{"data":"Backflip","floor":40.0,"key":"SMITH"},{"data":"Footwork","floor":42.0,"key":"SMITH"},{"data":"Terror","floor":49.0,"key":"SMITH"},{"data":"Survivor","floor":53.0,"key":"SMITH"}],"neow_cost":"NONE","seed_source_timestamp":1760635908070500,"circlet_count":0,"master_deck":["AscendersBane","Defend_G","Defend_G","Defend_G","Defend_G","Survivor+1","Neutralize+1","Concentrate","Prepared+1","Finisher+1","Acrobatics+1","Terror+1","Well Laid Plans+1","Backflip+1","Footwork+1"],"special_seed":0,"relics":["Ring of the Snake","NeowsBlessing","WingedGreaves","Eternal Feather","Red Mask","Kunai","Coffee Dripper","Dream Catcher","Vajra","Du-Vu Doll"],"potions_floor_usage":[],"damage_taken":[{"damage":0.0,"enemies":"Jaw Worm","floor":1.0,"turns":1.0},{"damage":0.0,"enemies":"Small Slimes","floor":4.0,"turns":1.0},{"damage":0.0,"enemies":"Gremlin Nob","floor":7.0,"turns":1.0},{"damage":0.0,"enemies":"2 Louse","floor":10.0,"turns":4.0},{"damage":1.0,"enemies":"Red Slaver","floor":13.0,"turns":5.0},{"damage":0.0,"enemies":"3 Louse","floor":14.0,"turns":4.0},{"damage":62.0,"enemies":"The Guardian","floor":16.0,"turns":18.0},{"damage":24.0,"enemies":"Chosen","floor":18.0,"turns":4.0},{"damage":7.0,"enemies":"Masked Bandits","floor":22.0,"turns":5.0},{"damage":9.0,"enemies":"Shell Parasite","floor":24.0,"turns":4.0},{"damage":1.0,"enemies":"Chosen and Byrds","floor":30.0,"turns":6.0},{"damage":5.0,"enemies":"Snake Plant","floor":31.0,"turns":2.0},{"damage":0.0,"enemies":"Champ","floor":33.0,"turns":5.0},{"damage":11.0,"enemies":"3 Shapes","floor":35.0,"turns":5.0},{"damage":0.0,"enemies":"Orb Walker","floor":36.0,"turns":3.0},{"damage":0.0,"enemies":"Transient","floor":41.0,"turns":1.0},{"damage":0.0,"enemies":"Jaw Worm Horde","floor":44.0,"turns":2.0},{"damage":0.0,"enemies":"Giant Head","floor":45.0,"turns":2.0},{"damage":0.0,"enemies":"Maw","floor":46.0,"turns":2.0},{"damage":0.0,"enemies":"Spire Growth","floor":47.0,"turns":2.0},{"damage":0.0,"enemies":"4 Shapes","floor":48.0,"turns":3.0},{"damage":0.0,"enemies":"Awakened One","floor":50.0,"turns":4.0},{"damage":0.0,"enemies":"Donu and Deca","floor":51.0,"turns":3.0},{"damage":0.0,"enemies":"Shield and Spear","floor":55.0,"turns":1.0},{"damage":65,"enemies":"The Heart","floor":56,"turns":4}],"seed_played":"-4291318434398777690","potions_obtained":[{"floor":4.0,"key":"GamblersBrew"},{"floor":7.0,"key":"Regen Potion"},{"floor":16.0,"key":"Block Potion"},{"floor":24.0,"key":"SkillPotion"},{"floor":30.0,"key":"Energy Potion"},{"floor":33.0,"key":"Poison Potion"},{"floor":36.0,"key":"Swift Potion"},{"floor":41.0,"key":"Poison Potion"},{"floor":46.0,"key":"GamblersBrew"},{"floor":48.0,"key":"Regen Potion"}],"is_trial":false,"path_per_floor":["M","?","?","M","$","R","E","?","T","M","$","R","M","M","R","B",null,"M","?","?","?","?","R","M","$","T","$","$","R","M","M","R","B",null,"M","M","?","$","?","R","M","R","T","M","E","M","M","M","R","B","B",null,"R","$","E","B"],"character_chosen":"THE_SILENT","items_purchased":["Well Laid Plans","Backflip"],"campfire_rested":0,"item_purchase_floors":[27,28],"current_hp_per_floor":[59,59,64,64,64,64,64,64,64,64,64,64,63,63,63,9,56,32,32,12,12,5,14,5,5,5,5,5,14,13,8,17,17,61,50,50,50,50,50,56,56,65,65,65,65,65,65,65,74,76,76,76,76,76,76,11],"gold":78,"neow_bonus":"THREE_ENEMY_KILL","is_prod":false,"is_daily":false,"chose_seed":false,"campfire_upgraded":9,"win_rate":0,"timestamp":1567608399,"path_taken":["M","?","?","M","?","R","E","?","T","M","$","R","M","M","R","BOSS","M","?","?","?","?","R","M","$","T","?","$","R","M","?","R","BOSS","M","M","?","$","?","R","?","R","T","M","E","M","M","M","R","BOSS","BOSS","R","$","E","BOSS"],"build_version":"2019-08-26","purchased_purges":5,"victory":false,"max_hp_per_floor":[66,66,71,71,71,71,71,71,71,71,71,71,71,71,71,71,71,71,71,76,76,76,76,76,76,76,76,76,76,76,76,76,76,76,76,76,76,76,76,76,76,76,76,76,76,76,76,76,76,76,76,76,76,76,76,76],"card_choices":[{"not_picked":["Slice","Sucker Punch"],"picked":"Concentrate","floor":1.0},{"not_picked":["Flying Knee","Sucker Punch","Concentrate"],"picked":"SKIP","floor":4.0},{"not_picked":["Outmaneuver","Finisher","Flying Knee"],"picked":"SKIP","floor":7.0},{"not_picked":["Outmaneuver","Flying Knee"],"picked":"Finisher","floor":7.0},{"not_picked":["Quick Slash","Concentrate","Prepared"],"picked":"SKIP","floor":10.0},{"not_picked":["Sucker Punch","Flying Knee"],"picked":"Acrobatics","floor":13.0},{"not_picked":["Dagger Spray","Poisoned Stab","Flying Knee"],"picked":"SKIP","floor":14.0},{"not_picked":["Bouncing Flask+1","Endless Agony"],"picked":"Terror","floor":18.0},{"not_picked":["Cloak And Dagger","Underhanded Strike+1","PiercingWail"],"picked":"SKIP","floor":24.0},{"not_picked":["Dagger Spray","Blade Dance","Backstab"],"picked":"SKIP","floor":30.0},{"not_picked":["Cloak And Dagger","Blade Dance","Backflip"],"picked":"SKIP","floor":31.0},{"not_picked":["Dagger Spray","Deadly Poison","Eviscerate"],"picked":"SKIP","floor":35.0},{"not_picked":["Quick Slash+1","Backflip+1","Blade Dance"],"picked":"SKIP","floor":36.0},{"not_picked":["Endless Agony","Dagger Throw+1"],"picked":"Footwork","floor":41.0},{"not_picked":["Wraith Form v2","Blade Dance+1","Poisoned Stab+1"],"picked":"SKIP","floor":44.0},{"not_picked":["Deflect","Sucker Punch","Cloak And Dagger+1"],"picked":"SKIP","floor":45.0},{"not_picked":["Cloak And Dagger","Blade Dance","Acrobatics"],"picked":"SKIP","floor":46.0},{"not_picked":["Backflip+1","Venomology","Riddle With Holes"],"picked":"SKIP","floor":47.0},{"not_picked":["Dodge and Roll","Concentrate","Deadly Poison+1"],"picked":"SKIP","floor":48.0},{"not_picked":["Dodge and Roll","Concentrate"],"picked":"Deadly Poison+1","floor":48.0},{"not_picked":["Night Terror","Bane","Backflip"],"picked":"SKIP","floor":55.0}],"player_experience":3172903,"relics_obtained":[{"floor":7.0,"key":"WingedGreaves"},{"floor":22.0,"key":"Red Mask"},{"floor":26.0,"key":"Kunai"},{"floor":43.0,"key":"Dream Catcher"},{"floor":45.0,"key":"Vajra"},{"floor":55.0,"key":"Du-Vu Doll"}],"event_choices":[{"damage_healed":0.0,"max_hp_gain":0.0,"max_hp_loss":0.0,"gold_gain":0.0,"cards_transformed":["Strike_G"],"event_name":"Living Wall","player_choice":"Change","floor":2.0,"gold_loss":0.0,"damage_taken":0.0,"cards_obtained":["Prepared"]},{"damage_healed":0.0,"max_hp_gain":5.0,"max_hp_loss":0.0,"gold_gain":0.0,"event_name":"Big Fish","player_choice":"Donut","floor":3.0,"gold_loss":0.0,"damage_taken":0.0},{"damage_healed":0.0,"max_hp_gain":0.0,"max_hp_loss":0.0,"gold_gain":0.0,"event_name":"Dead Adventurer","player_choice":"Searched \u00270\u0027 times","floor":8.0,"gold_loss":0.0,"damage_taken":0.0},{"damage_healed":0.0,"max_hp_gain":0.0,"max_hp_loss":0.0,"gold_gain":50.0,"event_name":"Nest","player_choice":"Stole From Cult","floor":19.0,"gold_loss":0.0,"damage_taken":0.0},{"damage_healed":0.0,"max_hp_gain":5.0,"max_hp_loss":0.0,"gold_gain":0.0,"event_name":"Forgotten Altar","player_choice":"Shed Blood","floor":20.0,"gold_loss":0.0,"damage_taken":25.0},{"damage_healed":0.0,"max_hp_gain":0.0,"max_hp_loss":0.0,"gold_gain":0.0,"event_name":"Vampires","player_choice":"Ignored","floor":21.0,"gold_loss":0.0,"damage_taken":0.0},{"damage_healed":0.0,"max_hp_gain":0.0,"max_hp_loss":0.0,"gold_gain":0.0,"event_name":"Masked Bandits","player_choice":"Fought Bandits","floor":22.0,"gold_loss":0.0,"damage_taken":0.0},{"damage_healed":0.0,"max_hp_gain":0.0,"max_hp_loss":0.0,"gold_gain":0.0,"event_name":"Mysterious Sphere","player_choice":"Ignored","floor":37.0,"gold_loss":0.0,"damage_taken":0.0},{"cards_removed":["Strike_G"],"damage_healed":0.0,"max_hp_gain":0.0,"max_hp_loss":0.0,"gold_gain":0.0,"event_name":"Bonfire Elementals","player_choice":"Offered Basic","floor":39.0,"gold_loss":0.0,"damage_taken":0.0}],"is_beta":true,"boss_relics":[{"not_picked":["Ectoplasm","WristBlade"],"picked":"Eternal Feather"},{"not_picked":["HoveringKite","Tiny House"],"picked":"Coffee Dripper"}],"items_purged_floors":[5,11,25,38,54],"is_endless":false,"potions_floor_spawned":[4,7,16,24,30,33,36,41,46,48],"killed_by":"The Heart","ascension_level":20}