{"gold_per_floor":[17,17,31,31,31,66,66,110,180,224,149,182,198,214,214,310,310,334,57,57,80,94,109,109,152,152,195,195,236,236,260,260,356,356,374,387,256,256,272,312,337,689,724,776,811,823,856,886,898,910,922,934,946,278,314,314],"floor_reached":57,"playtime":1827,"items_purged":["Strike_G","Strike_G","Defend_G"],"score":3789,"play_id":"7002662a-e704-46fc-b37e-b729a8f49807","local_time":"20190812134303","is_ascension_mode":true,"campfire_choices":[{"data":"Neutralize","floor":7.0,"key":"SMITH"},{"data":"Well Laid Plans","floor":15.0,"key":"SMITH"},{"data":"Acrobatics","floor":24.0,"key":"SMITH"},{"data":"Grand Finale","floor":30.0,"key":"SMITH"},{"data":"Acrobatics","floor":32.0,"key":"SMITH"},{"floor":46.0,"key":"RECALL"},{"floor":49.0,"key":"REST"},{"data":"Outmaneuver","floor":53.0,"key":"SMITH"}],"neow_cost":"NO_GOLD","seed_source_timestamp":521426240728568,"circlet_count":0,"master_deck":["AscendersBane","Defend_G","Defend_G","Defend_G","Defend_G","Survivor","Neutralize+1","Outmaneuver+1","Grand Finale+1","Backflip","Acrobatics+1","Well Laid Plans+1","Acrobatics+1","Prepared+1","Blur"],"special_seed":0,"relics":["Ring of the Snake","Golden Idol","Anchor","Meat on the Bone","Molten Egg 2","Lantern","Smiling Mask","Philosopher\u0027s Stone","Membership Card","Pen Nib","Mummified Hand","Mango","Shuriken","Busted Crown","Happy Flower","MawBank","Old Coin","Bronze Scales","The Courier","Incense Burner","Letter Opener","OrangePellets","Turnip","Paper Crane","Vajra"],"potions_floor_usage":[56,56],"damage_taken":[{"damage":2.0,"enemies":"2 Louse","floor":1.0,"turns":6.0},{"damage":7.0,"enemies":"Jaw Worm","floor":3.0,"turns":6.0},{"damage":21.0,"enemies":"Lagavulin","floor":6.0,"turns":9.0},{"damage":0.0,"enemies":"3 Sentries","floor":8.0,"turns":2.0},{"damage":0.0,"enemies":"Gremlin Nob","floor":10.0,"turns":2.0},{"damage":0.0,"enemies":"3 Sentries","floor":12.0,"turns":2.0},{"damage":0.0,"enemies":"Small Slimes","floor":13.0,"turns":2.0},{"damage":0.0,"enemies":"Exordium Wildlife","floor":14.0,"turns":3.0},{"damage":23.0,"enemies":"The Guardian","floor":16.0,"turns":11.0},{"damage":11.0,"enemies":"2 Thieves","floor":18.0,"turns":3.0},{"damage":10.0,"enemies":"Chosen","floor":21.0,"turns":5.0},{"damage":0.0,"enemies":"Snake Plant","floor":22.0,"turns":3.0},{"damage":6.0,"enemies":"Snecko","floor":23.0,"turns":5.0},{"damage":0.0,"enemies":"Gremlin Leader","floor":25.0,"turns":3.0},{"damage":0.0,"enemies":"Slavers","floor":27.0,"turns":2.0},{"damage":0.0,"enemies":"Gremlin Leader","floor":29.0,"turns":2.0},{"damage":0.0,"enemies":"Shelled Parasite and Fungi","floor":31.0,"turns":1.0},{"damage":0.0,"enemies":"Automaton","floor":33.0,"turns":4.0},{"damage":0.0,"enemies":"Orb Walker","floor":35.0,"turns":2.0},{"damage":0.0,"enemies":"3 Shapes","floor":36.0,"turns":1.0},{"damage":0.0,"enemies":"Jaw Worm Horde","floor":39.0,"turns":2.0},{"damage":0.0,"enemies":"Nemesis","floor":40.0,"turns":1.0},{"damage":0.0,"enemies":"Sphere and 2 Shapes","floor":41.0,"turns":1.0},{"damage":0.0,"enemies":"Giant Head","floor":42.0,"turns":2.0},{"damage":37.0,"enemies":"Nemesis","floor":44.0,"turns":7.0},{"damage":0.0,"enemies":"4 Shapes","floor":45.0,"turns":1.0},{"damage":0.0,"enemies":"Jaw Worm Horde","floor":47.0,"turns":1.0},{"damage":0.0,"enemies":"Writhing Mass","floor":48.0,"turns":1.0},{"damage":0.0,"enemies":"Awakened One","floor":50.0,"turns":3.0},{"damage":0.0,"enemies":"Donu and Deca","floor":51.0,"turns":3.0},{"damage":0,"enemies":"Shield and Spear","floor":55,"turns":1},{"damage":0,"enemies":"The Heart","floor":56,"turns":6}],"seed_played":"-8591684235161402738","potions_obtained":[{"floor":8.0,"key":"AttackPotion"},{"floor":10.0,"key":"SkillPotion"},{"floor":12.0,"key":"Strength Potion"},{"floor":21.0,"key":"Energy Potion"},{"floor":23.0,"key":"LiquidBronze"},{"floor":25.0,"key":"GhostInAJar"},{"floor":44.0,"key":"Weak Potion"},{"floor":45.0,"key":"GamblersBrew"},{"floor":48.0,"key":"Swift Potion"}],"is_trial":false,"path_per_floor":["M","?","M","?","$","E","R","E","T","E","?","E","M","M","R","B",null,"M","$","?","M","M","M","R","E","T","E","?","E","R","M","R","B",null,"M","M","$","T","M","E","M","E","T","E","M","R","M","M","R","B","B",null,"R","$","E","B",null],"character_chosen":"THE_SILENT","items_purchased":["Membership Card","Happy Flower","Incense Burner","Letter Opener","OrangePellets","Turnip","Paper Crane","Dexterity Potion","Dexterity Potion","Blur"],"campfire_rested":1,"item_purchase_floors":[19,37,54,54,54,54,54,54,54,54],"current_hp_per_floor":[57,57,50,55,55,34,34,34,34,34,34,34,34,34,34,23,55,44,44,44,34,34,40,40,40,40,54,54,54,54,54,54,54,73,73,73,73,73,73,73,73,73,73,48,48,48,48,48,71,71,71,77,77,77,77,77],"gold":314,"neow_bonus":"TRANSFORM_TWO_CARDS","is_prod":false,"is_daily":false,"chose_seed":false,"campfire_upgraded":6,"win_rate":0,"timestamp":1565584983,"path_taken":["M","?","M","?","?","E","R","E","T","E","?","E","M","M","R","BOSS","M","$","?","M","M","M","R","E","T","E","?","E","R","M","R","BOSS","M","M","$","?","M","E","M","E","T","E","M","R","M","M","R","BOSS","BOSS","R","$","E","BOSS"],"build_version":"2019-07-17","purchased_purges":3,"victory":true,"max_hp_per_floor":[66,60,60,65,65,65,65,65,65,65,65,65,65,65,65,65,65,65,65,65,65,65,65,65,65,65,79,79,79,79,79,79,79,79,79,79,79,79,79,79,79,79,79,79,79,79,79,79,79,79,79,79,79,79,79,79],"card_choices":[{"not_picked":["Flying Knee","Bane"],"picked":"Backflip","floor":1.0},{"not_picked":["Finisher","Outmaneuver"],"picked":"Acrobatics","floor":3.0},{"not_picked":["Crippling Poison","Distraction","Flechettes"],"picked":"SKIP","floor":6.0},{"not_picked":["Bullet Time","Setup","Poisoned Stab"],"picked":"SKIP","floor":8.0},{"not_picked":["Phantasmal Killer","Backflip"],"picked":"Well Laid Plans","floor":10.0},{"not_picked":["PiercingWail","Finisher+1","Accuracy"],"picked":"SKIP","floor":12.0},{"not_picked":["Dagger Throw+1","PiercingWail"],"picked":"Acrobatics","floor":13.0},{"not_picked":["Heel Hook+1","Bane+1","Flying Knee+1"],"picked":"SKIP","floor":14.0},{"not_picked":["Crippling Poison","Dagger Spray+1"],"picked":"Prepared","floor":18.0},{"not_picked":["Endless Agony+1","Sucker Punch+1","Dodge and Roll"],"picked":"SKIP","floor":21.0},{"not_picked":["Dagger Spray+1","Poisoned Stab+1","Choke+1"],"picked":"SKIP","floor":22.0},{"not_picked":["Heel Hook+1","Deadly Poison","Bane+1"],"picked":"SKIP","floor":23.0},{"not_picked":["Underhanded Strike+1","Terror+1","Venomology"],"picked":"SKIP","floor":25.0},{"not_picked":["Flechettes+1","Underhanded Strike+1","Dodge and Roll"],"picked":"SKIP","floor":27.0},{"not_picked":["Quick Slash+1","Deflect","Catalyst"],"picked":"SKIP","floor":29.0},{"not_picked":["Dash+1","Noxious Fumes","Riddle With Holes+1"],"picked":"SKIP","floor":31.0},{"not_picked":["Crippling Poison"],"picked":"SKIP","floor":35.0},{"not_picked":["Poisoned Stab+1"],"picked":"SKIP","floor":36.0},{"not_picked":["Prepared"],"picked":"SKIP","floor":39.0},{"not_picked":["Flying Knee+1"],"picked":"SKIP","floor":40.0},{"not_picked":["Catalyst"],"picked":"SKIP","floor":41.0},{"not_picked":["Dodge and Roll"],"picked":"SKIP","floor":42.0},{"not_picked":["Underhanded Strike+1"],"picked":"SKIP","floor":44.0},{"not_picked":["Deadly Poison+1"],"picked":"SKIP","floor":45.0},{"not_picked":["Backflip"],"picked":"SKIP","floor":47.0},{"not_picked":["Terror+1"],"picked":"SKIP","floor":48.0},{"not_picked":["Backstab+1"],"picked":"SKIP","floor":55}],"player_experience":866904,"relics_obtained":[{"floor":6.0,"key":"Anchor"},{"floor":8.0,"key":"Meat on the Bone"},{"floor":9.0,"key":"Molten Egg 2"},{"floor":10.0,"key":"Lantern"},{"floor":12.0,"key":"Smiling Mask"},{"floor":25.0,"key":"Pen Nib"},{"floor":26.0,"key":"Mummified Hand"},{"floor":27.0,"key":"Mango"},{"floor":29.0,"key":"Shuriken"},{"floor":40.0,"key":"MawBank"},{"floor":42.0,"key":"Old Coin"},{"floor":43.0,"key":"Bronze Scales"},{"floor":44.0,"key":"The Courier"},{"floor":55,"key":"Vajra"}],"event_choices":[{"damage_healed":0.0,"max_hp_gain":0.0,"max_hp_loss":6.0,"gold_gain":0.0,"event_name":"Golden Idol","player_choice":"Lose Max HP","floor":2.0,"gold_loss":0.0,"damage_taken":0.0,"relics_obtained":["Golden Idol"]},{"damage_healed":0.0,"max_hp_gain":5.0,"max_hp_loss":0.0,"gold_gain":0.0,"event_name":"Big Fish","player_choice":"Donut","floor":4.0,"gold_loss":0.0,"damage_taken":0.0},{"cards_removed":["Strike_G"],"damage_healed":0.0,"max_hp_gain":0.0,"max_hp_loss":0.0,"gold_gain":0.0,"event_name":"The Cleric","player_choice":"Card Removal","floor":11.0,"gold_loss":75.0,"damage_taken":0.0},{"damage_healed":0.0,"max_hp_gain":0.0,"max_hp_loss":0.0,"gold_gain":0.0,"event_name":"Upgrade Shrine","player_choice":"Upgraded","floor":28.0,"gold_loss":0.0,"damage_taken":0.0,"cards_upgraded":["Prepared"]}],"is_beta":false,"boss_relics":[{"not_picked":["Snecko Eye","Ectoplasm"],"picked":"Philosopher\u0027s Stone"},{"not_picked":["Velvet Choker","HoveringKite"],"picked":"Busted Crown"}],"items_purged_floors":[19,37,54],"is_endless":false,"potions_floor_spawned":[8,10,12,14,21,23,25,31,35,40,44,45,48,55],"ascension_level":20}