{"gold_per_floor":[116,126,140,154,165,165,198,210,222,293,305,317,309,335,347,359],"floor_reached":16,"playtime":2606,"items_purged":[],"score":102,"play_id":"8ad35831-5d1a-4f28-87a7-6a1dbaf66b7e","local_time":"20190910204835","is_ascension_mode":false,"campfire_choices":[{"data":"Armaments","floor":6,"key":"SMITH"},{"floor":8,"key":"REST"},{"floor":15,"key":"REST"}],"neow_cost":"NONE","seed_source_timestamp":1038331314863317,"circlet_count":0,"master_deck":["Strike_R","Strike_R","Strike_R","Strike_R","Strike_R","Defend_R","Defend_R","Defend_R","Defend_R","Bash","Shrug It Off+1","Clothesline","Disarm","Shrug It Off","Armaments+1","Heavy Blade","Cleave"],"relics":["Burning Blood","MawBank","Darkstone Periapt","Bottled Flame"],"potions_floor_usage":[7,16],"damage_taken":[{"damage":7,"enemies":"2 Louse","floor":1,"turns":4},{"damage":15,"enemies":"Jaw Worm","floor":2,"turns":5},{"damage":5,"enemies":"Small Slimes","floor":3,"turns":5},{"damage":19,"enemies":"Exordium Thugs","floor":4,"turns":10},{"damage":9,"enemies":"Exordium Wildlife","floor":5,"turns":6},{"damage":31,"enemies":"Gremlin Nob","floor":7,"turns":6},{"damage":0,"enemies":"Looter","floor":14,"turns":4},{"damage":91,"enemies":"Hexaghost","floor":16,"turns":20}],"seed_played":"2548650280587026819","potions_obtained":[{"floor":3,"key":"SteroidPotion"},{"floor":7,"key":"EssenceOfSteel"},{"floor":13,"key":"Ancient Potion"}],"is_trial":false,"path_per_floor":["M","M","M","M","M","R","E","R","T","?","?","T","?","M","R","B"],"character_chosen":"IRONCLAD","items_purchased":[],"campfire_rested":2,"item_purchase_floors":[],"current_hp_per_floor":[87,78,79,66,63,63,38,64,64,64,64,64,64,70,88,0],"gold":359,"neow_bonus":"TEN_PERCENT_HP_BONUS","is_prod":false,"is_daily":false,"chose_seed":false,"campfire_upgraded":1,"win_rate":0.0,"timestamp":1568173715,"path_taken":["M","M","M","M","M","R","E","R","T","?","?","?","?","?","R","BOSS"],"build_version":"2019-07-17","purchased_purges":0,"victory":false,"max_hp_per_floor":[88,88,88,88,88,88,88,88,88,88,88,88,88,88,88,88],"card_choices":[{"not_picked":["Uppercut","Battle Trance"],"picked":"Shrug It Off","floor":1},{"not_picked":["Pommel Strike","Warcry"],"picked":"Clothesline","floor":2},{"not_picked":["True Grit","Power Through"],"picked":"Disarm","floor":3},{"not_picked":["Body Slam","Reckless Charge"],"picked":"Shrug It Off","floor":4},{"not_picked":["Clash","Immolate"],"picked":"Armaments","floor":5},{"not_picked":["Headbutt","Reckless Charge"],"picked":"Heavy Blade","floor":7},{"not_picked":["Shrug It Off","Reckless Charge"],"picked":"Cleave","floor":14}],"player_experience":519146,"relics_obtained":[{"floor":7,"key":"MawBank"},{"floor":9,"key":"Darkstone Periapt"},{"floor":12,"key":"Bottled Flame"}],"event_choices":[{"damage_healed":0,"gold_gain":59,"player_choice":"Gained Gold","damage_taken":0,"max_hp_gain":0,"max_hp_loss":0,"event_name":"Golden Wing","floor":10,"gold_loss":0},{"damage_healed":0,"gold_gain":0,"player_choice":"Grow","damage_taken":0,"max_hp_gain":0,"max_hp_loss":0,"event_name":"Living Wall","floor":11,"gold_loss":0,"cards_upgraded":["Shrug It Off"]},{"damage_healed":0,"gold_gain":0,"player_choice":"Bought 1 Potion","damage_taken":0,"max_hp_gain":0,"max_hp_loss":0,"event_name":"The Woman in Blue","floor":13,"gold_loss":0}],"is_beta":false,"boss_relics":[],"items_purged_floors":[],"is_endless":false,"potions_floor_spawned":[3,7],"killed_by":"Hexaghost","ascension_level":0}