{"gold_per_floor":[113,55,70,70,86,86,99,99,99,99,99,111,86,11,11,83,83,100,113,13,13,27,62,81,109,109,109,109,141,141,174,174,246,296,309,328,328,105,155,155,187,187,187,201,220,252,252,281,281,281,281,281,281,77,109,109],"floor_reached":57,"playtime":1652,"items_purged":["Strike_G","Deadly Poison","Grand Finale+1"],"score":3816,"play_id":"ab33e96e-c70d-4bef-a7a3-ebc1b61eb888","local_time":"20190904213203","is_ascension_mode":true,"campfire_choices":[{"data":"Acrobatics","floor":6.0,"key":"SMITH"},{"data":"Acrobatics","floor":15,"key":"SMITH"},{"data":"Prepared","floor":27,"key":"SMITH"},{"data":"Grand Finale","floor":30,"key":"SMITH"},{"data":"Neutralize","floor":32,"key":"SMITH"},{"floor":40,"key":"RECALL"},{"floor":42,"key":"REST"},{"data":"Escape Plan","floor":49,"key":"SMITH"},{"data":"Flechettes","floor":53,"key":"SMITH"}],"neow_cost":"PERCENT_DAMAGE","seed_source_timestamp":107089422525921,"circlet_count":0,"master_deck":["AscendersBane","Survivor+1","Neutralize+1","Backflip+1","Prepared+1","Acrobatics+1","Tactician+1","Escape Plan+1","Flechettes+1"],"special_seed":0,"relics":["Ring of the Snake","Torii","Blue Candle","Pandora\u0027s Box","Matryoshka","Pantograph","Lantern","Bronze Scales","Strawberry","Tiny House","TheAbacus","Whetstone","Paper Crane","Ninja Scroll","The Specimen","Mercury Hourglass","Oddly Smooth Stone","Unceasing Top"],"potions_floor_usage":[16,56],"damage_taken":[{"damage":10.0,"enemies":"Cultist","floor":1.0,"turns":7.0},{"damage":0.0,"enemies":"Small Slimes","floor":3.0,"turns":5.0},{"damage":1.0,"enemies":"2 Louse","floor":5.0,"turns":3.0},{"damage":0.0,"enemies":"Lots of Slimes","floor":7.0,"turns":8.0},{"damage":0.0,"enemies":"Large Slime","floor":12.0,"turns":11.0},{"damage":0,"enemies":"Exordium Thugs","floor":13,"turns":4},{"damage":0,"enemies":"Hexaghost","floor":16,"turns":9},{"damage":0,"enemies":"2 Thieves","floor":18,"turns":1},{"damage":0,"enemies":"Chosen","floor":19,"turns":1},{"damage":0,"enemies":"Shelled Parasite and Fungi","floor":22,"turns":1},{"damage":0,"enemies":"Slavers","floor":23,"turns":1},{"damage":0,"enemies":"Snake Plant","floor":24,"turns":1},{"damage":0,"enemies":"Gremlin Leader","floor":25,"turns":2},{"damage":0,"enemies":"Book of Stabbing","floor":29,"turns":1},{"damage":0,"enemies":"Slavers","floor":31,"turns":1},{"damage":0,"enemies":"Collector","floor":33,"turns":1},{"damage":0,"enemies":"3 Shapes","floor":35,"turns":1},{"damage":0,"enemies":"Orb Walker","floor":36,"turns":1},{"damage":0,"enemies":"Reptomancer","floor":41,"turns":1},{"damage":0,"enemies":"Maw","floor":44,"turns":1},{"damage":0,"enemies":"Writhing Mass","floor":45,"turns":1},{"damage":0,"enemies":"Giant Head","floor":46,"turns":1},{"damage":0,"enemies":"Nemesis","floor":48,"turns":1},{"damage":0,"enemies":"Time Eater","floor":50,"turns":4},{"damage":0,"enemies":"Donu and Deca","floor":51,"turns":1},{"damage":0,"enemies":"Shield and Spear","floor":55,"turns":1},{"damage":0,"enemies":"The Heart","floor":56,"turns":5}],"seed_played":"-2613362715791102032","potions_obtained":[{"floor":5.0,"key":"SpeedPotion"},{"floor":13,"key":"GhostInAJar"},{"floor":18,"key":"GhostInAJar"},{"floor":25,"key":"Energy Potion"}],"is_trial":false,"path_per_floor":["M","$","M","?","M","R","M","?","T","?","T","M","M","$","R","B",null,"M","M","$","?","M","E","M","E","T","R","$","E","R","E","R","B",null,"M","M","?","$","?","R","E","R","T","M","M","E","?","E","R","B","B",null,"R","$","E","B",null],"character_chosen":"THE_SILENT","items_purchased":["Acrobatics","TheAbacus","GhostInAJar"],"campfire_rested":1,"item_purchase_floors":[2,38,54],"current_hp_per_floor":[34,34,34,27,26,26,26,21,21,1,1,1,1,1,1,1,50,50,50,50,50,50,50,50,50,50,50,50,50,50,57,57,73,78,78,78,78,78,78,78,78,78,78,78,78,78,78,78,78,78,78,78,78,78,78,78],"gold":109,"neow_bonus":"TRANSFORM_TWO_CARDS","is_prod":false,"is_daily":false,"chose_seed":false,"campfire_upgraded":7,"win_rate":0,"timestamp":1567600323,"path_taken":["M","$","M","?","M","R","M","?","T","?","?","M","M","$","R","BOSS","M","M","?","?","?","E","M","E","T","R","?","E","R","E","R","BOSS","M","?","?","$","?","R","E","R","T","M","?","E","?","E","R","BOSS","BOSS","R","$","E","BOSS"],"build_version":"2019-07-17","purchased_purges":3,"victory":true,"max_hp_per_floor":[66,66,66,66,66,66,66,66,66,66,66,66,66,66,66,66,66,66,66,66,66,66,66,66,66,66,66,66,66,66,73,73,73,78,78,78,78,78,78,78,78,78,78,78,78,78,78,78,78,78,78,78,78,78,78,78],"card_choices":[{"not_picked":["Dodge and Roll","Blade Dance","Flying Knee"],"picked":"SKIP","floor":1.0},{"not_picked":["Deflect","Dagger Spray","Underhanded Strike"],"picked":"SKIP","floor":3.0},{"not_picked":["Blur","Outmaneuver","Dagger Spray"],"picked":"SKIP","floor":5.0},{"not_picked":["Finisher","Skewer"],"picked":"Prepared","floor":7.0},{"not_picked":["Bouncing Flask","Dodge and Roll"],"picked":"Acrobatics","floor":12.0},{"not_picked":["Deadly Poison","Slice","Dagger Throw"],"picked":"SKIP","floor":13},{"not_picked":["Slice","Dagger Throw"],"picked":"Deadly Poison","floor":13},{"not_picked":["Bullet Time","After Image"],"picked":"Grand Finale","floor":16},{"not_picked":["Underhanded Strike","Sucker Punch+1","Quick Slash"],"picked":"SKIP","floor":18},{"not_picked":["Outmaneuver","Backflip","Concentrate"],"picked":"SKIP","floor":19},{"not_picked":["Endless Agony","Footwork","Sucker Punch"],"picked":"SKIP","floor":22},{"not_picked":["Corpse Explosion","Dash","Dagger Spray"],"picked":"SKIP","floor":23},{"not_picked":["Infinite Blades","Quick Slash","Outmaneuver"],"picked":"SKIP","floor":24},{"not_picked":["Dagger Spray","Slice+1","Accuracy"],"picked":"SKIP","floor":25},{"not_picked":["Quick Slash","Poisoned Stab","Sucker Punch"],"picked":"SKIP","floor":29},{"not_picked":["Bullet Time","Noxious Fumes","Flechettes"],"picked":"SKIP","floor":31},{"not_picked":["Quick Slash","Setup+1"],"picked":"Tactician+1","floor":35},{"not_picked":["Poisoned Stab","Backflip","Expertise"],"picked":"SKIP","floor":36},{"not_picked":["Accuracy","Poisoned Stab+1","Dodge and Roll"],"picked":"SKIP","floor":41},{"not_picked":["Slice+1","Heel Hook"],"picked":"Escape Plan","floor":44},{"not_picked":["Backflip+1","Bouncing Flask"],"picked":"Flechettes","floor":45},{"not_picked":["Underhanded Strike","Crippling Poison+1","Calculated Gamble"],"picked":"SKIP","floor":46},{"not_picked":["A Thousand Cuts","Choke","Underhanded Strike"],"picked":"SKIP","floor":48},{"not_picked":["Backflip+1","Dagger Spray","Grand Finale"],"picked":"SKIP","floor":55}],"player_experience":1007873,"relics_obtained":[{"floor":11.0,"key":"Blue Candle"},{"floor":23,"key":"Matryoshka"},{"floor":25,"key":"Pantograph"},{"floor":26,"key":"Lantern"},{"floor":29,"key":"Bronze Scales"},{"floor":31,"key":"Strawberry"},{"floor":41,"key":"Whetstone"},{"floor":43,"key":"Paper Crane"},{"floor":43,"key":"Ninja Scroll"},{"floor":46,"key":"The Specimen"},{"floor":48,"key":"Oddly Smooth Stone"},{"floor":55,"key":"Unceasing Top"}],"event_choices":[{"cards_removed":["Strike_G"],"damage_healed":0.0,"max_hp_gain":0.0,"max_hp_loss":0.0,"gold_gain":0.0,"event_name":"Golden Wing","player_choice":"Card Removal","floor":4.0,"gold_loss":0.0,"damage_taken":7.0},{"damage_healed":0.0,"max_hp_gain":0.0,"max_hp_loss":0.0,"gold_gain":0.0,"event_name":"Scrap Ooze","player_choice":"Success","floor":8.0,"gold_loss":0.0,"damage_taken":5.0,"relics_obtained":["Torii"]},{"damage_healed":0.0,"max_hp_gain":0.0,"max_hp_loss":0.0,"gold_gain":0.0,"event_name":"Shining Light","player_choice":"Entered Light","floor":10.0,"gold_loss":0.0,"damage_taken":20.0,"cards_upgraded":["Backflip","Defend_G"]},{"cards_removed":["Concentrate"],"damage_healed":0,"gold_gain":0,"player_choice":"Purged","damage_taken":0,"max_hp_gain":0,"max_hp_loss":0,"event_name":"Purifier","floor":21,"gold_loss":0},{"damage_healed":0,"gold_gain":0,"player_choice":"Ignored","damage_taken":0,"max_hp_gain":0,"max_hp_loss":0,"event_name":"Tomb of Lord Red Mask","floor":37,"gold_loss":0},{"damage_healed":0,"gold_gain":50,"player_choice":"Pray","damage_taken":0,"max_hp_gain":0,"max_hp_loss":0,"event_name":"Golden Shrine","floor":39,"gold_loss":0},{"cards_removed":["Acrobatics"],"damage_healed":0,"gold_gain":0,"player_choice":"Gave Card","damage_taken":0,"relics_obtained":["Mercury Hourglass"],"max_hp_gain":0,"max_hp_loss":0,"event_name":"WeMeetAgain","floor":47,"gold_loss":0}],"is_beta":false,"boss_relics":[{"not_picked":["Ring of the Serpent","Snecko Eye"],"picked":"Pandora\u0027s Box"},{"not_picked":["Sozu","Lizard Tail"],"picked":"Tiny House"}],"items_purged_floors":[14,20,54],"is_endless":false,"potions_floor_spawned":[5,13,18,25,31,33,35,41,45,48,55],"ascension_level":20}