{"path_per_floor":["M","M","?","M","?","E","M","E","T","R","M","M"],"character_chosen":"DEFECT","items_purchased":[],"gold_per_floor":[118,131,206,217,217,249,260,286,312,312,330,346,346],"floor_reached":13,"campfire_rested":0,"playtime":712,"item_purchase_floors":[],"current_hp_per_floor":[65,65,54,51,51,32,16,11,11,11,11,5,0],"items_purged":[],"gold":346,"score":146,"play_id":"2eb07b46-64af-4c29-a758-d98a227b2f4e","local_time":"20180610131344","is_prod":false,"is_daily":false,"chose_seed":false,"is_ascension_mode":true,"campfire_upgraded":1,"win_rate":0,"timestamp":1528629224,"campfire_choices":[{"data":"Go for the Eyes","floor":10,"key":"SMITH"}],"path_taken":["M","M","?","M","?","E","?","E","T","R","M","M","M"],"build_version":"2018-06-07v3","seed_source_timestamp":52682196413440,"purchased_purges":0,"victory":false,"master_deck":["Strike_B","Strike_B","Strike_B","Defend_B","Defend_B","Defend_B","Defend_B","Zap+1","Dualcast+1","AscendersBane","Chill","Sweeping Beam","Go for the Eyes+1","Compile Driver","Coolheaded"],"max_hp_per_floor":[75,75,75,75,75,75,75,75,75,75,75,75,75],"relics":["Cracked Core","War Paint","Bag of Marbles","Omamori"],"card_choices":[{"not_picked":["Aggregate","Lockon"],"picked":"Chill","floor":1},{"not_picked":["Double Energy","Stack"],"picked":"Sweeping Beam","floor":2},{"not_picked":["Hologram","Chill","Steam"],"picked":"SKIP","floor":4},{"not_picked":["Doom and Gloom","Redo"],"picked":"Compile Driver","floor":6},{"not_picked":["Reprogram","Static Discharge"],"picked":"Coolheaded","floor":7},{"not_picked":["Creative AI","Hello World","Sweeping Beam"],"picked":"SKIP","floor":8},{"not_picked":["Redo","White Noise","Compile Driver"],"picked":"SKIP","floor":11},{"not_picked":["Beam Cell","Rebound","FTL"],"picked":"SKIP","floor":12}],"player_experience":848244,"potions_floor_usage":[8,13],"damage_taken":[{"damage":3,"enemies":"Jaw Worm","floor":1,"turns":4},{"damage":0,"enemies":"Cultist","floor":2,"turns":5},{"damage":3,"enemies":"2 Louse","floor":4,"turns":2},{"damage":19,"enemies":"3 Sentries","floor":6,"turns":9},{"damage":16,"enemies":"Exordium Thugs","floor":7,"turns":4},{"damage":5,"enemies":"Lagavulin","floor":8,"turns":8},{"damage":0,"enemies":"Lots of Slimes","floor":11,"turns":5},{"damage":6,"enemies":"2 Fungi Beasts","floor":12,"turns":3},{"damage":10,"enemies":"3 Louse","floor":13,"turns":1}],"relics_obtained":[{"floor":6,"key":"War Paint"},{"floor":8,"key":"Bag of Marbles"},{"floor":9,"key":"Omamori"}],"event_choices":[{"event_name":"World of Goop","player_choice":"Gather Gold","floor":3,"damage_taken":0},{"event_name":"Transmorgrifier","player_choice":"Transform","floor":5,"damage_taken":0}],"boss_relics":[],"items_purged_floors":[],"potions_floor_spawned":[1,4,6,7],"seed_played":"-2309438060677827564","killed_by":"3 Louse","ascension_level":10,"potions_obtained":[{"floor":1,"key":"Weak Potion"},{"floor":4,"key":"FearPotion"},{"floor":6,"key":"Dexterity Potion"}],"is_trial":false}