{"gold_per_floor":[19,19,19,19,39,39,75,75,75,75,99,139,152,1,1,97,97,116,16,40,63,63,104,104,144,171,191,91,135,135,165,165,244,244,264,264,284,295,170,204,204,224,224,74,86,103,115,141,141,141,141,141,141,28,53,53],"floor_reached":57,"playtime":3048,"items_purged":["Strike_G","Finisher+1","Masterful Stab+1","Decay"],"score":3535,"play_id":"3ecc1f93-1ff8-4f0f-9c81-b314bf74b44a","local_time":"20190328192118","is_ascension_mode":true,"campfire_choices":[{"data":"Masterful Stab","floor":6.0,"key":"SMITH"},{"data":"Neutralize","floor":8.0,"key":"SMITH"},{"data":"Acrobatics","floor":10.0,"key":"SMITH"},{"data":"Noxious Fumes","floor":15.0,"key":"SMITH"},{"data":"Well Laid Plans","floor":24.0,"key":"SMITH"},{"data":"Purity","floor":32.0,"key":"SMITH"},{"data":"Reflex","floor":41.0,"key":"SMITH"},{"floor":49.0,"key":"RECALL"},{"data":"Backflip","floor":53.0,"key":"SMITH"}],"neow_cost":"NO_GOLD","seed_source_timestamp":637559825650648,"circlet_count":0,"master_deck":["AscendersBane","Defend_G","Defend_G","Defend_G","Defend_G","Survivor","Neutralize+1","Acrobatics+1","Noxious Fumes+1","Grand Finale+1","Escape Plan+1","Prepared+1","Purity+1","Well Laid Plans+1","After Image","Reflex+1","Backflip+1","Calculated Gamble+1"],"special_seed":0,"relics":["Ring of the Snake","Bloody Idol","Potion Belt","Molten Egg 2","Astrolabe","Mummified Hand","Bird Faced Urn","Red Mask","Bag of Marbles","Cursed Key","Ornamental Fan","Frozen Egg 2","Blood Vial"],"potions_floor_usage":[56,56,56,56],"damage_taken":[{"damage":0.0,"enemies":"Cultist","floor":1.0,"turns":5.0},{"damage":0.0,"enemies":"2 Louse","floor":5.0,"turns":3.0},{"damage":29.0,"enemies":"Lagavulin","floor":7.0,"turns":6.0},{"damage":0.0,"enemies":"Small Slimes","floor":11.0,"turns":3.0},{"damage":0.0,"enemies":"3 Sentries","floor":12.0,"turns":12.0},{"damage":0.0,"enemies":"Exordium Wildlife","floor":13.0,"turns":3.0},{"damage":0.0,"enemies":"Hexaghost","floor":16.0,"turns":9.0},{"damage":0.0,"enemies":"Spheric Guardian","floor":18.0,"turns":2.0},{"damage":6.0,"enemies":"3 Byrds","floor":20.0,"turns":2.0},{"damage":0.0,"enemies":"Snake Plant","floor":21.0,"turns":2.0},{"damage":2.0,"enemies":"Book of Stabbing","floor":23.0,"turns":4.0},{"damage":11.0,"enemies":"Slavers","floor":25.0,"turns":3.0},{"damage":24.0,"enemies":"Sentry and Sphere","floor":27.0,"turns":6.0},{"damage":0.0,"enemies":"Masked Bandits","floor":29.0,"turns":2.0},{"damage":0.0,"enemies":"Book of Stabbing","floor":31.0,"turns":2.0},{"damage":0.0,"enemies":"Champ","floor":33.0,"turns":4.0},{"damage":0.0,"enemies":"Orb Walker","floor":35.0,"turns":3.0},{"damage":6.0,"enemies":"3 Shapes","floor":37.0,"turns":3.0},{"damage":0.0,"enemies":"Maw","floor":38.0,"turns":5.0},{"damage":0.0,"enemies":"Nemesis","floor":40.0,"turns":3.0},{"damage":2.0,"enemies":"4 Shapes","floor":42.0,"turns":2.0},{"damage":0.0,"enemies":"Spire Growth","floor":45.0,"turns":2.0},{"damage":2.0,"enemies":"Transient","floor":46.0,"turns":6.0},{"damage":0.0,"enemies":"Maw","floor":47.0,"turns":2.0},{"damage":0.0,"enemies":"Giant Head","floor":48.0,"turns":2.0},{"damage":0.0,"enemies":"Awakened One","floor":50.0,"turns":3.0},{"damage":0.0,"enemies":"Donu and Deca","floor":51.0,"turns":2.0},{"damage":0.0,"enemies":"Shield and Spear","floor":55.0,"turns":3.0},{"damage":5,"enemies":"The Heart","floor":56,"turns":5}],"seed_played":"4534542972532477177","potions_obtained":[{"floor":7.0,"key":"EssenceOfSteel"},{"floor":11.0,"key":"EssenceOfSteel"},{"floor":12.0,"key":"EssenceOfSteel"},{"floor":23.0,"key":"SpeedPotion"},{"floor":25.0,"key":"GhostInAJar"},{"floor":29.0,"key":"Explosive Potion"},{"floor":33.0,"key":"Dexterity Potion"},{"floor":35.0,"key":"SkillPotion"},{"floor":38.0,"key":"Dexterity Potion"},{"floor":45.0,"key":"Fire Potion"},{"floor":46.0,"key":"Weak Potion"},{"floor":55.0,"key":"PowerPotion"}],"is_trial":false,"path_per_floor":["M","?","?","?","M","R","E","R","T","R","M","E","M","$","R","B",null,"M","$","M","M","?","E","R","E","T","M","$","?","?","E","R","B",null,"M","?","M","M","$","E","R","M","T","$","M","M","M","E","R","B","B",null,"R","$","E","B",null],"character_chosen":"THE_SILENT","items_purchased":["Noxious Fumes","Purity","SkillPotion","PowerPotion"],"campfire_rested":0,"item_purchase_floors":[14,19,54,54],"current_hp_per_floor":[59,52,52,52,52,52,23,23,23,23,23,23,23,23,23,23,51,51,51,45,45,45,43,43,32,32,12,12,16,16,25,25,36,54,60,60,60,60,60,60,60,60,60,60,60,60,60,60,60,60,60,60,60,60,60,58],"gold":53,"neow_bonus":"REMOVE_TWO","is_prod":false,"is_daily":false,"chose_seed":false,"campfire_upgraded":8,"win_rate":0,"timestamp":1553772078,"path_taken":["M","?","?","?","M","R","E","R","T","R","M","E","?","$","R","BOSS","M","?","M","?","?","E","R","E","T","?","$","?","?","E","R","BOSS","M","?","M","M","?","E","R","?","T","$","M","M","M","E","R","BOSS","BOSS","R","$","E","BOSS"],"build_version":"2019-03-15","purchased_purges":4,"victory":true,"max_hp_per_floor":[66,66,60,60,60,60,60,60,60,60,60,60,60,60,60,60,60,60,60,60,60,60,60,60,60,60,60,60,60,60,60,60,60,60,60,60,60,60,60,60,60,60,60,60,60,60,60,60,60,60,60,60,60,60,60,60],"card_choices":[{"not_picked":["Dodge and Roll","PiercingWail"],"picked":"Masterful Stab","floor":1.0},{"not_picked":["Distraction","Backflip"],"picked":"Acrobatics","floor":5.0},{"not_picked":["Backstab","Acrobatics","Underhanded Strike"],"picked":"SKIP","floor":7.0},{"not_picked":["Dodge and Roll","Acrobatics","Deflect"],"picked":"SKIP","floor":11.0},{"not_picked":["Sucker Punch+1","Wraith Form v2"],"picked":"Backflip","floor":12.0},{"not_picked":["Blur","Dodge and Roll"],"picked":"Finisher+1","floor":13.0},{"not_picked":["Unload+1","Bullet Time"],"picked":"Grand Finale+1","floor":16.0},{"not_picked":["Bouncing Flask","Distraction","Flying Knee+1"],"picked":"SKIP","floor":18.0},{"not_picked":["Acrobatics","Riddle With Holes+1","Choke+1"],"picked":"SKIP","floor":20.0},{"not_picked":["Expertise","Outmaneuver"],"picked":"Well Laid Plans","floor":21.0},{"not_picked":["Dagger Throw+1","Blade Dance","Deadly Poison"],"picked":"SKIP","floor":23.0},{"not_picked":["Acrobatics","Dodge and Roll","Blade Dance+1"],"picked":"SKIP","floor":25.0},{"not_picked":["Blade Dance","Slice+1","Noxious Fumes"],"picked":"SKIP","floor":27.0},{"not_picked":["Skewer+1","Bane+1"],"picked":"After Image","floor":31.0},{"not_picked":["Quick Slash+1","Flying Knee+1","Masterful Stab+1"],"picked":"SKIP","floor":35.0},{"not_picked":["Deadly Poison+1","Escape Plan","Riddle With Holes+1"],"picked":"SKIP","floor":37.0},{"not_picked":["Crippling Poison","Eviscerate+1","Backstab+1"],"picked":"SKIP","floor":38.0},{"not_picked":["Outmaneuver","Storm of Steel"],"picked":"Reflex","floor":40.0},{"not_picked":["Footwork","Cloak And Dagger+1"],"picked":"Backflip","floor":42.0},{"not_picked":["Deadly Poison","Dagger Spray+1"],"picked":"Calculated Gamble+1","floor":45.0},{"not_picked":["Endless Agony+1","Underhanded Strike+1","Blade Dance+1"],"picked":"SKIP","floor":46.0},{"not_picked":["Leg Sweep","Flying Knee+1","Flechettes+1"],"picked":"SKIP","floor":47.0},{"not_picked":["Slice+1","Underhanded Strike+1","Deadly Poison"],"picked":"SKIP","floor":48.0},{"not_picked":["Sucker Punch+1","Bane+1","Dodge and Roll"],"picked":"SKIP","floor":55.0}],"player_experience":2965638,"relics_obtained":[{"floor":7.0,"key":"Potion Belt"},{"floor":9.0,"key":"Molten Egg 2"},{"floor":23.0,"key":"Mummified Hand"},{"floor":25.0,"key":"Bird Faced Urn"},{"floor":29.0,"key":"Red Mask"},{"floor":31.0,"key":"Bag of Marbles"},{"floor":40.0,"key":"Ornamental Fan"},{"floor":48.0,"key":"Frozen Egg 2"},{"floor":55.0,"key":"Blood Vial"}],"event_choices":[{"cards_removed":["Strike_G"],"damage_healed":0.0,"max_hp_gain":0.0,"max_hp_loss":0.0,"gold_gain":0.0,"event_name":"Golden Wing","player_choice":"Card Removal","floor":2.0,"gold_loss":0.0,"damage_taken":7.0},{"damage_healed":0.0,"max_hp_gain":0.0,"max_hp_loss":6.0,"gold_gain":0.0,"event_name":"Golden Idol","player_choice":"Lose Max HP","floor":3.0,"gold_loss":0.0,"damage_taken":0.0,"relics_obtained":["Golden Idol"]},{"cards_removed":["Strike_G"],"damage_healed":0.0,"max_hp_gain":0.0,"max_hp_loss":0.0,"gold_gain":0.0,"event_name":"Living Wall","player_choice":"Forget","floor":4.0,"gold_loss":0.0,"damage_taken":0.0},{"damage_healed":0.0,"max_hp_gain":0.0,"max_hp_loss":0.0,"gold_gain":0.0,"event_name":"Match and Keep!","player_choice":"0 cards matched","floor":22.0,"gold_loss":0.0,"damage_taken":0.0,"cards_obtained":[]},{"damage_healed":0.0,"max_hp_gain":0.0,"max_hp_loss":0.0,"gold_gain":0.0,"event_name":"Masked Bandits","player_choice":"Fought Bandits","floor":29.0,"gold_loss":0.0,"damage_taken":0.0},{"damage_healed":0.0,"max_hp_gain":0.0,"max_hp_loss":0.0,"gold_gain":0.0,"event_name":"Forgotten Altar","player_choice":"Gave Idol","floor":30.0,"relics_lost":["Golden Idol"],"gold_loss":0.0,"damage_taken":0.0,"relics_obtained":["Bloody Idol"]},{"damage_healed":0.0,"max_hp_gain":0.0,"max_hp_loss":0.0,"gold_gain":0.0,"event_name":"Wheel of Change","player_choice":"Cursed","floor":36.0,"gold_loss":0.0,"damage_taken":0.0,"cards_obtained":["Decay"]}],"is_beta":true,"boss_relics":[{"not_picked":["Orrery","Ectoplasm"],"picked":"Astrolabe"},{"not_picked":["Eternal Feather","Pandora\u0027s Box"],"picked":"Cursed Key"}],"items_purged_floors":[14,28,39,44],"is_endless":false,"potions_floor_spawned":[7,11,12,23,25,29,33,35,38,45,46,55],"ascension_level":20}