{"gold_per_floor":[116,28,28,28,28,28,38,50,50,50,80,80,112,174,174,253,253,266,281,298,298,83,83,109,126,180,80,100,110,145,145,145,223,223,233,233,233,333,333,333,364,380,407,440,467,480,113,141,141,141,141,141,141,10,38,38],"floor_reached":57,"playtime":2850,"items_purged":["Strike_R","Strike_R","Strike_R","Bash"],"score":3343,"play_id":"6b751c65-d064-481e-bd3b-0d9d1894b579","local_time":"20190816180657","is_ascension_mode":true,"campfire_choices":[{"data":"Immolate","floor":6.0,"key":"SMITH"},{"data":"Pommel Strike","floor":12.0,"key":"SMITH"},{"data":"Shockwave","floor":15.0,"key":"SMITH"},{"floor":23.0,"key":"RECALL"},{"floor":32.0,"key":"REST"},{"floor":40.0,"key":"DIG"},{"floor":49.0,"key":"DIG"},{"floor":53,"key":"DIG"}],"neow_cost":"TEN_PERCENT_HP_LOSS","seed_source_timestamp":0,"circlet_count":0,"master_deck":["AscendersBane","Defend_R","Defend_R","Defend_R","Power Through+1","Immolate+1","Shrug It Off+1","Shockwave+1","Pommel Strike+1","Offering","Body Slam","Armaments","Burning Pact","Armaments+1","True Grit","Entrench","Second Wind","Evolve+1","Offering","Feel No Pain","Battle Trance+1","Apotheosis","Reckless Charge"],"special_seed":0,"relics":["Burning Blood","Meat on the Bone","Ancient Tea Set","Question Card","Vajra","Fusion Hammer","War Paint","Juzu Bracelet","Black Star","Shovel","Incense Burner","Pen Nib","Smiling Mask","Dodecahedron","Dream Catcher","Potion Belt","Nunchaku","Bag of Marbles","Gambling Chip","Pocketwatch","Bottled Flame","Oddly Smooth Stone","Pear","Unceasing Top","StoneCalendar"],"potions_floor_usage":[56,56,56],"damage_taken":[{"damage":26.0,"enemies":"Jaw Worm","floor":1.0,"turns":5.0},{"damage":0.0,"enemies":"Cultist","floor":7.0,"turns":2.0},{"damage":0.0,"enemies":"Small Slimes","floor":8.0,"turns":2.0},{"damage":25.0,"enemies":"Lagavulin","floor":11.0,"turns":8.0},{"damage":2.0,"enemies":"3 Sentries","floor":13.0,"turns":4.0},{"damage":2.0,"enemies":"3 Sentries","floor":14.0,"turns":2.0},{"damage":13.0,"enemies":"Slime Boss","floor":16.0,"turns":5.0},{"damage":6.0,"enemies":"Chosen","floor":18.0,"turns":2.0},{"damage":0.0,"enemies":"3 Byrds","floor":19.0,"turns":3.0},{"damage":6.0,"enemies":"3 Cultists","floor":20.0,"turns":3.0},{"damage":9.0,"enemies":"Slavers","floor":24.0,"turns":4.0},{"damage":8.0,"enemies":"Centurion and Healer","floor":25.0,"turns":4.0},{"damage":21.0,"enemies":"Snecko","floor":28.0,"turns":5.0},{"damage":27.0,"enemies":"Sentry and Sphere","floor":29.0,"turns":7.0},{"damage":7.0,"enemies":"Book of Stabbing","floor":30.0,"turns":5.0},{"damage":6.0,"enemies":"Champ","floor":33.0,"turns":11.0},{"damage":12.0,"enemies":"Orb Walker","floor":35.0,"turns":2.0},{"damage":12.0,"enemies":"Mind Bloom Boss Battle","floor":38.0,"turns":6.0},{"damage":12.0,"enemies":"Giant Head","floor":41.0,"turns":5.0},{"damage":6.0,"enemies":"3 Shapes","floor":42.0,"turns":4.0},{"damage":29.0,"enemies":"Reptomancer","floor":44.0,"turns":4.0},{"damage":16.0,"enemies":"Writhing Mass","floor":46.0,"turns":3.0},{"damage":12.0,"enemies":"Nemesis","floor":48.0,"turns":7.0},{"damage":2,"enemies":"Time Eater","floor":50,"turns":6},{"damage":7,"enemies":"Donu and Deca","floor":51,"turns":11},{"damage":6,"enemies":"Shield and Spear","floor":55,"turns":7},{"damage":12,"enemies":"The Heart","floor":56,"turns":7}],"seed_played":"6931698590364145680","potions_obtained":[{"floor":7.0,"key":"SkillPotion"},{"floor":11.0,"key":"Block Potion"},{"floor":14.0,"key":"AttackPotion"},{"floor":20.0,"key":"FearPotion"},{"floor":24.0,"key":"BloodPotion"},{"floor":25.0,"key":"Energy Potion"},{"floor":29.0,"key":"Swift Potion"},{"floor":33.0,"key":"Block Potion"},{"floor":41.0,"key":"Strength Potion"},{"floor":48.0,"key":"FairyPotion"}],"is_trial":false,"path_per_floor":["M","$","?","$","?","R","M","M","T","?","E","R","E","?","R","B",null,"M","M","M","?","$","R","E","M","T","$","M","M","E","?","R","B",null,"M","?","T","?","?","R","E","M","T","E","T","M","$","E","R","B","B",null,"R","$","E","B",null],"character_chosen":"IRONCLAD","items_purchased":["Power Through","Armaments","Burning Pact","Gambling Chip","Ancient Potion"],"campfire_rested":1,"item_purchase_floors":[2,22,22,47,54],"current_hp_per_floor":[48,48,48,48,48,48,54,60,60,65,46,46,50,54,54,47,67,67,73,73,52,52,52,49,66,66,66,51,42,53,53,76,76,78,72,72,72,66,56,56,50,50,50,39,39,41,41,47,47,51,50,71,81,81,81,75],"gold":38,"neow_bonus":"REMOVE_TWO","is_prod":false,"is_daily":false,"chose_seed":false,"campfire_upgraded":3,"win_rate":0,"timestamp":1565950017,"path_taken":["M","$","?","?","?","R","M","M","T","?","E","R","E","?","R","BOSS","M","M","M","?","$","R","E","M","T","$","M","M","E","?","R","BOSS","M","?","?","?","?","R","E","M","T","E","?","M","$","E","R","BOSS","BOSS","R","$","E","BOSS"],"build_version":"2019-08-15","purchased_purges":4,"victory":true,"max_hp_per_floor":[68,68,68,68,68,68,68,68,68,73,73,73,73,73,73,73,73,73,73,73,78,78,78,78,78,78,78,78,78,78,78,78,78,78,78,78,78,78,78,78,78,78,78,78,78,78,78,78,78,78,78,78,88,88,88,88],"card_choices":[{"not_picked":["Headbutt","Havoc","Anger"],"picked":"SKIP","floor":1.0},{"not_picked":["Perfected Strike","Cleave"],"picked":"Shrug It Off","floor":7.0},{"not_picked":["Clash","Flex"],"picked":"Shockwave","floor":8.0},{"not_picked":["Limit Break","Sword Boomerang"],"picked":"Pommel Strike","floor":11.0},{"not_picked":["Pommel Strike","Flex","Sword Boomerang"],"picked":"SKIP","floor":13.0},{"not_picked":["Double Tap","Reaper","Fiend Fire"],"picked":"Offering","floor":16.0},{"not_picked":["Headbutt+1","Sentinel","True Grit"],"picked":"Body Slam","floor":18.0},{"not_picked":["Cleave","Ghostly Armor","Sword Boomerang","Flame Barrier"],"picked":"SKIP","floor":19.0},{"not_picked":["Cleave+1","Clash","Flame Barrier+1","Warcry"],"picked":"SKIP","floor":20.0},{"not_picked":["Bloodletting","Reaper","Sentinel"],"picked":"Armaments+1","floor":24.0},{"not_picked":["Shrug It Off","Clash","Wild Strike"],"picked":"True Grit","floor":25.0},{"not_picked":["Twin Strike","Anger","Burning Pact"],"picked":"Entrench","floor":28.0},{"not_picked":["Entrench","Ghostly Armor","Cleave"],"picked":"Second Wind","floor":29.0},{"not_picked":["Armaments","Thunderclap","Cleave"],"picked":"Evolve+1","floor":30.0},{"not_picked":["Immolate","Bludgeon","Reaper"],"picked":"Offering","floor":33.0},{"not_picked":["Flex","Fire Breathing","Warcry+1"],"picked":"Feel No Pain","floor":35.0},{"not_picked":["Shrug It Off","Armaments+1","Fire Breathing+1"],"picked":"Battle Trance+1","floor":38.0},{"not_picked":["Deep Breath","Sadistic Nature","Madness"],"picked":"Apotheosis","floor":39.0},{"not_picked":["Pommel Strike","Power Through","Inflame+1","Warcry"],"picked":"SKIP","floor":41.0},{"not_picked":["Havoc","Anger","Twin Strike","Sever Soul"],"picked":"SKIP","floor":42.0},{"not_picked":["Metallicize","Armaments+1","Cleave","Shrug It Off+1"],"picked":"SKIP","floor":44.0},{"not_picked":["Inflame+1","Headbutt","Flame Barrier+1","Pummel"],"picked":"SKIP","floor":46.0},{"not_picked":["Power Through","Entrench","Perfected Strike"],"picked":"Reckless Charge","floor":48.0},{"not_picked":["Body Slam","Warcry","Cleave","Limit Break"],"picked":"SKIP","floor":55}],"player_experience":3077523,"relics_obtained":[{"floor":9.0,"key":"Meat on the Bone"},{"floor":11.0,"key":"Ancient Tea Set"},{"floor":13.0,"key":"Question Card"},{"floor":14.0,"key":"Vajra"},{"floor":24.0,"key":"War Paint"},{"floor":30.0,"key":"Juzu Bracelet"},{"floor":37.0,"key":"Shovel"},{"floor":38.0,"key":"Incense Burner"},{"floor":40.0,"key":"Pen Nib"},{"floor":41.0,"key":"Smiling Mask"},{"floor":41.0,"key":"Dodecahedron"},{"floor":43.0,"key":"Dream Catcher"},{"floor":44.0,"key":"Potion Belt"},{"floor":44.0,"key":"Nunchaku"},{"floor":45.0,"key":"Bag of Marbles"},{"floor":48.0,"key":"Pocketwatch"},{"floor":48.0,"key":"Bottled Flame"},{"floor":49.0,"key":"Oddly Smooth Stone"},{"floor":53,"key":"Pear"},{"floor":55,"key":"Unceasing Top"},{"floor":55,"key":"StoneCalendar"}],"event_choices":[{"damage_healed":0.0,"max_hp_gain":0.0,"max_hp_loss":0.0,"gold_gain":0.0,"cards_transformed":["Strike_R"],"event_name":"Transmorgrifier","player_choice":"Transformed","floor":3.0,"gold_loss":0.0,"damage_taken":0.0,"cards_obtained":["Immolate"]},{"damage_healed":0.0,"max_hp_gain":0.0,"max_hp_loss":0.0,"gold_gain":0.0,"event_name":"Liars Game","player_choice":"Ignored","floor":5.0,"gold_loss":0.0,"damage_taken":0.0},{"damage_healed":0.0,"max_hp_gain":5.0,"max_hp_loss":0.0,"gold_gain":0.0,"event_name":"Big Fish","player_choice":"Donut","floor":10.0,"gold_loss":0.0,"damage_taken":0.0},{"damage_healed":0.0,"max_hp_gain":0.0,"max_hp_loss":0.0,"gold_gain":0.0,"event_name":"Dead Adventurer","player_choice":"Searched \u00271\u0027 times","floor":14.0,"gold_loss":0.0,"damage_taken":0.0},{"damage_healed":0.0,"max_hp_gain":5.0,"max_hp_loss":0.0,"gold_gain":0.0,"event_name":"Forgotten Altar","player_choice":"Shed Blood","floor":21.0,"gold_loss":0.0,"damage_taken":26.0},{"damage_healed":0.0,"max_hp_gain":0.0,"max_hp_loss":0.0,"gold_gain":0.0,"event_name":"Vampires","player_choice":"Ignored","floor":31.0,"gold_loss":0.0,"damage_taken":0.0},{"damage_healed":0.0,"max_hp_gain":0.0,"max_hp_loss":0.0,"gold_gain":0.0,"event_name":"Tomb of Lord Red Mask","player_choice":"Ignored","floor":36.0,"gold_loss":0.0,"damage_taken":0.0},{"damage_healed":0.0,"max_hp_gain":0.0,"max_hp_loss":0.0,"gold_gain":0.0,"event_name":"MindBloom","player_choice":"Fight","floor":38.0,"gold_loss":0.0,"damage_taken":0.0},{"damage_healed":0.0,"max_hp_gain":0.0,"max_hp_loss":0.0,"gold_gain":0.0,"event_name":"SensoryStone","player_choice":"Memory 3","floor":39.0,"gold_loss":0.0,"damage_taken":10.0}],"is_beta":true,"boss_relics":[{"not_picked":["Velvet Choker","White Beast Statue"],"picked":"Fusion Hammer"},{"not_picked":["Sozu","Runic Cube"],"picked":"Black Star"}],"items_purged_floors":[22,27,47,54],"is_endless":false,"potions_floor_spawned":[7,11,14,20,24,25,29,33,41,48],"ascension_level":20}