{"gold_per_floor":[112,37,37,54,54,54,82,82,82,82,98,137,137,153,153,234,276,303,303,324,331,331,370,370,411,411,411,411,41,41,41],"floor_reached":31,"playtime":605,"items_purged":["Rebound"],"score":600,"play_id":"35ac66d7-a3b3-49ec-94c8-e5d34074f96d","local_time":"20190920155944","is_ascension_mode":true,"campfire_choices":[{"data":"Zap","floor":8.0,"key":"SMITH"},{"data":"Beam Cell","floor":10.0,"key":"SMITH"},{"floor":13.0,"key":"REST"},{"data":"Sunder","floor":15.0,"key":"SMITH"},{"floor":24,"key":"REST"},{"data":"Turbo","floor":28,"key":"SMITH"}],"neow_cost":"NONE","seed_source_timestamp":857746071097041,"circlet_count":0,"master_deck":["AscendersBane","Zap+1","Dualcast","Beam Cell+1","Turbo+1","Undo","Capacitor","Sunder+1","Meteor Strike","Core Surge","Compile Driver","Compile Driver","Darkness","Gash","Doom and Gloom","Leap","Ghostly","Ghostly","Ghostly","Necronomicurse","Hologram","Skim+1","Self Repair","Turbo","Recycle","Secret Technique"],"special_seed":0,"relics":["Cracked Core","NeowsBlessing","Pantograph","Nunchaku","Kunai","CeramicFish","Pandora\u0027s Box","Necronomicon","Peace Pipe","Emotion Chip","Mummified Hand","The Courier"],"potions_floor_usage":[31],"damage_taken":[{"damage":0.0,"enemies":"2 Louse","floor":1.0,"turns":1.0},{"damage":0.0,"enemies":"Small Slimes","floor":4.0,"turns":1.0},{"damage":0.0,"enemies":"3 Sentries","floor":7.0,"turns":1.0},{"damage":2.0,"enemies":"Jaw Worm","floor":11.0,"turns":4.0},{"damage":28.0,"enemies":"Gremlin Nob","floor":12.0,"turns":4.0},{"damage":0.0,"enemies":"3 Louse","floor":14.0,"turns":3.0},{"damage":51.0,"enemies":"Slime Boss","floor":16.0,"turns":9.0},{"damage":18.0,"enemies":"Chosen","floor":18.0,"turns":4.0},{"damage":5,"enemies":"Slavers","floor":23,"turns":5},{"damage":4,"enemies":"Book of Stabbing","floor":25,"turns":4},{"damage":0,"enemies":"Shell Parasite","floor":31,"turns":1}],"seed_played":"-49329433028851007","potions_obtained":[{"floor":7.0,"key":"LiquidBronze"},{"floor":12.0,"key":"Ancient Potion"},{"floor":14.0,"key":"Swift Potion"},{"floor":25,"key":"DuplicationPotion"}],"is_trial":false,"path_per_floor":["M","?","?","M","?","?","E","R","T","R","M","E","R","M","R","B",null,"M","?","?","?","?","E","R","E","T","T","R","$","?","M"],"character_chosen":"DEFECT","items_purchased":["Self Repair","Turbo","Recycle","Secret Technique"],"campfire_rested":2,"item_purchase_floors":[29,29,29,29],"current_hp_per_floor":[64,64,59,59,38,38,38,38,38,38,36,8,29,29,29,3,54,36,36,35,14,7,2,14,10,10,10,10,10,10,10],"gold":41,"neow_bonus":"THREE_ENEMY_KILL","is_prod":false,"is_daily":false,"chose_seed":false,"campfire_upgraded":4,"win_rate":0,"timestamp":1568966384,"path_taken":["M","?","?","M","?","?","E","R","T","R","M","E","R","M","R","BOSS","M","?","?","?","?","E","R","E","T","?","R","$","?","M"],"build_version":"2019-09-19","purchased_purges":1,"victory":false,"max_hp_per_floor":[71,71,71,71,71,71,71,71,71,71,71,71,71,71,71,71,71,71,71,35,35,40,40,40,40,40,40,40,40,40,40],"card_choices":[{"not_picked":["Tempest","Sweeping Beam"],"picked":"Beam Cell","floor":1.0},{"not_picked":["Conserve Battery","Stack"],"picked":"Turbo","floor":4.0},{"not_picked":["Sweeping Beam","Barrage"],"picked":"Capacitor","floor":7.0},{"not_picked":["Cold Snap","Sweeping Beam"],"picked":"Sunder","floor":11.0},{"not_picked":["Coolheaded","Sunder"],"picked":"Meteor Strike","floor":12.0},{"not_picked":["Blizzard","Steam","Leap"],"picked":"SKIP","floor":14.0},{"not_picked":["Electrodynamics","Biased Cognition"],"picked":"Core Surge","floor":16.0},{"not_picked":["Loop","Steam"],"picked":"Leap","floor":18.0},{"not_picked":["Leap","Ball Lightning"],"picked":"Hologram","floor":23},{"not_picked":["Tempest+1","Melter"],"picked":"Skim+1","floor":25}],"player_experience":886847,"relics_obtained":[{"floor":7.0,"key":"Nunchaku"},{"floor":9.0,"key":"Kunai"},{"floor":12.0,"key":"CeramicFish"},{"floor":21.0,"key":"Necronomicon"},{"floor":23,"key":"Peace Pipe"},{"floor":25,"key":"Emotion Chip"},{"floor":26,"key":"Mummified Hand"},{"floor":27,"key":"The Courier"}],"event_choices":[{"cards_removed":["Strike_B"],"damage_healed":0.0,"max_hp_gain":0.0,"max_hp_loss":0.0,"gold_gain":0.0,"event_name":"The Cleric","player_choice":"Card Removal","floor":2.0,"gold_loss":75.0,"damage_taken":0.0},{"damage_healed":0.0,"max_hp_gain":0.0,"max_hp_loss":0.0,"gold_gain":0.0,"event_name":"Scrap Ooze","player_choice":"Success","floor":3.0,"gold_loss":0.0,"damage_taken":5.0,"relics_obtained":["Pantograph"]},{"damage_healed":0.0,"max_hp_gain":0.0,"max_hp_loss":0.0,"gold_gain":0.0,"event_name":"Shining Light","player_choice":"Entered Light","floor":5.0,"gold_loss":0.0,"damage_taken":21.0,"cards_upgraded":["Defend_B","Strike_B"]},{"damage_healed":0.0,"max_hp_gain":0.0,"max_hp_loss":0.0,"gold_gain":0.0,"cards_transformed":["Strike_B"],"event_name":"Living Wall","player_choice":"Change","floor":6.0,"gold_loss":0.0,"damage_taken":0.0,"cards_obtained":["Undo"]},{"damage_healed":0.0,"max_hp_gain":0.0,"max_hp_loss":0.0,"gold_gain":0.0,"event_name":"The Mausoleum","player_choice":"Ignored","floor":19.0,"gold_loss":0.0,"damage_taken":0.0},{"damage_healed":0.0,"max_hp_gain":0.0,"max_hp_loss":36.0,"gold_gain":0.0,"event_name":"Ghosts","player_choice":"Became a Ghost","floor":20.0,"gold_loss":0.0,"damage_taken":0.0,"cards_obtained":["Ghostly","Ghostly","Ghostly"]},{"damage_healed":0.0,"max_hp_gain":0.0,"max_hp_loss":0.0,"gold_gain":0.0,"event_name":"Cursed Tome","player_choice":"Obtained Book","floor":21.0,"gold_loss":0.0,"damage_taken":21.0},{"damage_healed":0.0,"max_hp_gain":5.0,"max_hp_loss":0.0,"gold_gain":0.0,"event_name":"Forgotten Altar","player_choice":"Shed Blood","floor":22.0,"gold_loss":0.0,"damage_taken":12.0}],"is_beta":true,"boss_relics":[{"not_picked":["Empty Cage","Calling Bell"],"picked":"Pandora\u0027s Box"}],"items_purged_floors":[29],"is_endless":false,"potions_floor_spawned":[7,12,14,25],"killed_by":"Shell Parasite","ascension_level":20}