{"gold_per_floor":[117,117,136,146,165,165,195,195,218,250,250,264,339,358,358,358],"floor_reached":16,"playtime":831,"items_purged":[],"score":112,"play_id":"1d80e3e2-69d6-45e7-b075-5085a8f1383a","local_time":"20190918225239","is_ascension_mode":false,"campfire_choices":[{"data":"Inflame","floor":6,"key":"SMITH"},{"floor":8,"key":"REST"},{"data":"Hemokinesis","floor":15,"key":"SMITH"}],"neow_cost":"NONE","seed_source_timestamp":2124241194000,"circlet_count":0,"master_deck":["Strike_R+1","Strike_R","Strike_R","Defend_R","Defend_R+1","Defend_R","Defend_R+1","Bash","Bloodletting","Intimidate","Pommel Strike+1","Burning Pact","Inflame+1","Hemokinesis+1","Entrench","Cleave","Whirlwind"],"relics":["Burning Blood","War Paint","Oddly Smooth Stone","Whetstone"],"potions_floor_usage":[7,14],"damage_taken":[{"damage":6,"enemies":"2 Louse","floor":1,"turns":3},{"damage":4,"enemies":"Small Slimes","floor":3,"turns":3},{"damage":4,"enemies":"Jaw Worm","floor":4,"turns":4},{"damage":30,"enemies":"Lots of Slimes","floor":5,"turns":6},{"damage":26,"enemies":"Lagavulin","floor":7,"turns":5},{"damage":18,"enemies":"Gremlin Nob","floor":10,"turns":4},{"damage":11,"enemies":"Blue Slaver","floor":12,"turns":3},{"damage":3,"enemies":"Gremlin Gang","floor":14,"turns":4},{"damage":62,"enemies":"The Guardian","floor":16,"turns":14}],"seed_played":"-8123185697619474952","potions_obtained":[{"floor":1,"key":"FearPotion"},{"floor":5,"key":"Energy Potion"}],"is_trial":false,"path_per_floor":["M","?","M","M","M","R","E","R","T","E","?","M","?","M","R","B"],"character_chosen":"IRONCLAD","items_purchased":[],"campfire_rested":1,"item_purchase_floors":[],"current_hp_per_floor":[80,73,75,77,53,53,33,57,57,45,71,66,55,58,58,0],"gold":358,"neow_bonus":"TRANSFORM_CARD","is_prod":false,"is_daily":false,"chose_seed":false,"campfire_upgraded":2,"win_rate":0,"timestamp":1568818359,"path_taken":["M","?","M","M","M","R","E","R","T","E","?","M","?","M","R","BOSS"],"build_version":"2019-07-17","purchased_purges":0,"victory":false,"max_hp_per_floor":[80,80,80,80,80,80,80,80,80,80,80,80,80,80,80,80],"card_choices":[{"not_picked":["Anger","Havoc"],"picked":"Intimidate","floor":1},{"not_picked":["Body Slam","Intimidate"],"picked":"Pommel Strike","floor":3},{"not_picked":["Rupture","Body Slam"],"picked":"Burning Pact","floor":4},{"not_picked":["Pommel Strike","Flex"],"picked":"Inflame","floor":5},{"not_picked":["Warcry","Sever Soul"],"picked":"Hemokinesis","floor":7},{"not_picked":["Clothesline","Wild Strike"],"picked":"Entrench","floor":10},{"not_picked":["Clash","Sever Soul"],"picked":"Cleave","floor":12},{"not_picked":["Entrench","Headbutt"],"picked":"Whirlwind","floor":14}],"player_experience":388318,"relics_obtained":[{"floor":7,"key":"War Paint"},{"floor":9,"key":"Oddly Smooth Stone"},{"floor":10,"key":"Whetstone"}],"event_choices":[{"cards_removed":["Strike_R"],"damage_healed":0,"gold_gain":0,"player_choice":"Card Removal","damage_taken":7,"max_hp_gain":0,"max_hp_loss":0,"event_name":"Golden Wing","floor":2,"gold_loss":0},{"damage_healed":26,"gold_gain":0,"player_choice":"Banana","damage_taken":0,"max_hp_gain":0,"max_hp_loss":0,"event_name":"Big Fish","floor":11,"gold_loss":0},{"damage_healed":0,"gold_gain":75,"player_choice":"Gather Gold","damage_taken":11,"max_hp_gain":0,"max_hp_loss":0,"event_name":"World of Goop","floor":13,"gold_loss":0}],"is_beta":false,"boss_relics":[],"items_purged_floors":[],"is_endless":false,"potions_floor_spawned":[1,5],"killed_by":"The Guardian","ascension_level":0}