{"gold_per_floor":[109,109,124,136,146,146,3,17,17,45,75,91,102,136,136,210,210,223,235,185,185,185,185,202,202,255,268,268,268,268,46,46,120,120,140,90,145,145,420,420,212,232,282,296,325,325,354,368,368,368,368,368,368,54,85,85],"floor_reached":57,"playtime":2522,"items_purged":["Strike_G","Strike_G","Strike_G","Regret","Defend_G"],"score":2965,"play_id":"3c9e6a30-922d-414c-9a08-9728fd954089","local_time":"20190912215822","is_ascension_mode":true,"campfire_choices":[{"floor":6.0,"key":"REST"},{"data":"Tools of the Trade","floor":15.0,"key":"SMITH"},{"floor":23.0,"key":"REST"},{"data":"Expertise","floor":25.0,"key":"SMITH"},{"data":"Tactician","floor":32.0,"key":"SMITH"},{"data":"Well Laid Plans","floor":40.0,"key":"SMITH"},{"data":"Acrobatics","floor":46.0,"key":"SMITH"},{"floor":49.0,"key":"RECALL"},{"data":"Calculated Gamble","floor":53.0,"key":"SMITH"}],"neow_cost":"NONE","seed_source_timestamp":41451761758415,"circlet_count":0,"master_deck":["AscendersBane","Defend_G","Defend_G+1","Defend_G","Survivor","Neutralize+1","Night Terror","Grand Finale","Expertise+1","Well Laid Plans+1","Acrobatics+1","Tools of the Trade+1","Venomology","Accuracy","Tactician+1","Calculated Gamble+1","After Image","Prepared+1","Purity","Backflip"],"special_seed":0,"relics":["Ring of the Snake","Strawberry","Smiling Mask","Question Card","Toy Ornithopter","HoveringKite","TungstenRod","Bird Faced Urn","Medical Kit","Pocketwatch","Frozen Eye","StrikeDummy","InkBottle","Orrery","Art of War"],"potions_floor_usage":[56,56],"damage_taken":[{"damage":0.0,"enemies":"2 Louse","floor":1.0,"turns":4.0},{"damage":2.0,"enemies":"Small Slimes","floor":3.0,"turns":4.0},{"damage":4.0,"enemies":"Cultist","floor":4.0,"turns":5.0},{"damage":14.0,"enemies":"Gremlin Gang","floor":5.0,"turns":7.0},{"damage":0.0,"enemies":"Looter","floor":8.0,"turns":4.0},{"damage":6.0,"enemies":"Lagavulin","floor":10.0,"turns":8.0},{"damage":17.0,"enemies":"Exordium Thugs","floor":12.0,"turns":3.0},{"damage":0.0,"enemies":"3 Louse","floor":13.0,"turns":2.0},{"damage":21.0,"enemies":"3 Sentries","floor":14.0,"turns":5.0},{"damage":0.0,"enemies":"Slime Boss","floor":16.0,"turns":3.0},{"damage":5.0,"enemies":"Chosen","floor":18.0,"turns":6.0},{"damage":22.0,"enemies":"2 Thieves","floor":19.0,"turns":2.0},{"damage":19.0,"enemies":"Snecko","floor":24.0,"turns":5.0},{"damage":4.0,"enemies":"Snake Plant","floor":27.0,"turns":4.0},{"damage":0.0,"enemies":"Collector","floor":33.0,"turns":5.0},{"damage":13.0,"enemies":"3 Darklings","floor":35.0,"turns":4.0},{"damage":0.0,"enemies":"2 Orb Walkers","floor":37.0,"turns":2.0},{"damage":19.0,"enemies":"3 Shapes","floor":42.0,"turns":2.0},{"damage":8.0,"enemies":"Maw","floor":44.0,"turns":5.0},{"damage":8.0,"enemies":"Giant Head","floor":45.0,"turns":5.0},{"damage":12.0,"enemies":"Reptomancer","floor":47.0,"turns":4.0},{"damage":10.0,"enemies":"Sphere and 2 Shapes","floor":48.0,"turns":3.0},{"damage":1.0,"enemies":"Time Eater","floor":50.0,"turns":12.0},{"damage":22.0,"enemies":"Awakened One","floor":51.0,"turns":6.0},{"damage":14.0,"enemies":"Shield and Spear","floor":55.0,"turns":3.0},{"damage":55,"enemies":"The Heart","floor":56,"turns":8}],"seed_played":"-4796410865573163628","potions_obtained":[{"floor":1.0,"key":"Poison Potion"},{"floor":3.0,"key":"Dexterity Potion"},{"floor":12.0,"key":"Explosive Potion"},{"floor":33.0,"key":"AttackPotion"},{"floor":35.0,"key":"Swift Potion"}],"is_trial":false,"path_per_floor":["M","?","M","M","M","R","$","M","T","E","?","M","M","E","R","B",null,"M","M","$","?","?","R","M","R","T","M","?","?","T","$","R","B",null,"M","$","?","?","?","R","$","M","T","M","E","R","E","M","R","B","B",null,"R","$","E","B",null],"character_chosen":"THE_SILENT","items_purchased":["Expertise","Swift Potion","Medical Kit","Frozen Eye","Purity","Orrery"],"campfire_rested":2,"item_purchase_floors":[7,7,31,41,54,54],"current_hp_per_floor":[59,39,37,33,19,38,38,38,45,39,39,22,22,1,1,1,55,50,28,28,28,7,30,30,30,30,41,41,41,41,41,41,62,74,73,73,78,78,78,78,78,65,65,70,70,70,71,78,78,77,72,77,77,77,76,33],"gold":85,"neow_bonus":"ONE_RANDOM_RARE_CARD","is_prod":false,"is_daily":false,"chose_seed":false,"campfire_upgraded":6,"win_rate":0,"timestamp":1568293102,"path_taken":["M","?","M","M","M","R","$","M","T","E","?","M","M","E","R","BOSS","M","M","$","?","?","R","M","R","T","M","?","?","?","$","R","BOSS","M","$","?","?","?","R","$","M","T","M","E","R","E","M","R","BOSS","BOSS","R","$","E","BOSS"],"build_version":"2019-09-11v2","purchased_purges":5,"victory":true,"max_hp_per_floor":[66,66,66,66,66,66,66,66,73,73,73,73,73,73,73,73,73,73,73,73,73,78,78,78,78,78,78,78,78,78,78,78,78,78,78,78,78,78,78,78,78,78,78,78,78,78,78,78,78,78,78,78,78,78,78,78],"card_choices":[{"not_picked":["Choke","Deflect","Expertise"],"picked":"SKIP","floor":1.0},{"not_picked":["Cloak And Dagger","Dagger Spray","Poisoned Stab"],"picked":"SKIP","floor":3.0},{"not_picked":["Prepared","Underhanded Strike","Flying Knee"],"picked":"SKIP","floor":4.0},{"not_picked":["Underhanded Strike","Acrobatics"],"picked":"Grand Finale","floor":5.0},{"not_picked":["Bouncing Flask","Bane","All Out Attack"],"picked":"SKIP","floor":8.0},{"not_picked":["Heel Hook","Caltrops"],"picked":"Well Laid Plans","floor":10.0},{"not_picked":["Cloak And Dagger","Outmaneuver","Prepared"],"picked":"Acrobatics","floor":12.0},{"not_picked":["Catalyst","Terror","Masterful Stab","Dagger Spray"],"picked":"SKIP","floor":13.0},{"not_picked":["Backflip","Terror","Underhanded Strike"],"picked":"Tools of the Trade","floor":14.0},{"not_picked":["Unload","Tools of the Trade","Malaise"],"picked":"Venomology","floor":16.0},{"not_picked":["Accuracy","Cloak And Dagger","Outmaneuver","Blade Dance"],"picked":"SKIP","floor":18.0},{"not_picked":["Deadly Poison","Dodge and Roll","Bane","Riddle With Holes"],"picked":"SKIP","floor":19.0},{"not_picked":["Masterful Stab","Infinite Blades","Deadly Poison","Tactician"],"picked":"SKIP","floor":24.0},{"not_picked":["Accuracy","Quick Slash","Dodge and Roll","PiercingWail"],"picked":"SKIP","floor":27.0},{"not_picked":["Envenom","Tools of the Trade","Grand Finale"],"picked":"After Image","floor":33.0},{"not_picked":["Blade Dance","Backflip","Outmaneuver","Predator"],"picked":"SKIP","floor":35.0},{"not_picked":["Escape Plan","Choke","Outmaneuver+1","PiercingWail"],"picked":"SKIP","floor":42.0},{"not_picked":["Dodge and Roll","Terror+1","Backstab"],"picked":"Prepared+1","floor":44.0},{"not_picked":["Die Die Die","Bane+1","Flying Knee","PiercingWail"],"picked":"SKIP","floor":45.0},{"not_picked":["Skewer+1","Deflect","Dagger Throw+1","Storm of Steel"],"picked":"SKIP","floor":47.0},{"not_picked":["Sucker Punch","Crippling Poison","PiercingWail","Setup"],"picked":"SKIP","floor":48.0},{"not_picked":["Dash","Venomology","Underhanded Strike"],"picked":"Backflip","floor":54.0},{"not_picked":["Leg Sweep","Prepared","Accuracy","Caltrops"],"picked":"SKIP","floor":55.0}],"player_experience":1075301,"relics_obtained":[{"floor":9.0,"key":"Strawberry"},{"floor":10.0,"key":"Smiling Mask"},{"floor":14.0,"key":"Toy Ornithopter"},{"floor":26.0,"key":"TungstenRod"},{"floor":30.0,"key":"Bird Faced Urn"},{"floor":37.0,"key":"Pocketwatch"},{"floor":45.0,"key":"StrikeDummy"},{"floor":47.0,"key":"InkBottle"},{"floor":55.0,"key":"Art of War"}],"event_choices":[{"damage_healed":0.0,"max_hp_gain":0.0,"max_hp_loss":0.0,"gold_gain":0.0,"event_name":"Shining Light","player_choice":"Entered Light","floor":2.0,"gold_loss":0.0,"damage_taken":20.0,"cards_upgraded":["Defend_G","Neutralize"]},{"damage_healed":0.0,"max_hp_gain":0.0,"max_hp_loss":0.0,"gold_gain":30.0,"event_name":"Dead Adventurer","player_choice":"Searched \u00272\u0027 times","floor":11.0,"gold_loss":0.0,"damage_taken":0.0,"relics_obtained":["Question Card"]},{"damage_healed":0.0,"max_hp_gain":0.0,"max_hp_loss":0.0,"gold_gain":0.0,"cards_transformed":["Strike_G","Strike_G"],"event_name":"Drug Dealer","player_choice":"Became Test Subject","floor":21.0,"gold_loss":0.0,"damage_taken":0.0,"cards_obtained":["Accuracy","Tactician"]},{"damage_healed":0.0,"max_hp_gain":5.0,"max_hp_loss":0.0,"gold_gain":0.0,"event_name":"Forgotten Altar","player_choice":"Shed Blood","floor":22.0,"gold_loss":0.0,"damage_taken":26.0},{"damage_healed":0.0,"max_hp_gain":0.0,"max_hp_loss":0.0,"gold_gain":0.0,"event_name":"The Mausoleum","player_choice":"Ignored","floor":28.0,"gold_loss":0.0,"damage_taken":0.0},{"damage_healed":0.0,"max_hp_gain":0.0,"max_hp_loss":0.0,"gold_gain":0.0,"event_name":"The Library","player_choice":"Read","floor":29.0,"gold_loss":0.0,"damage_taken":0.0,"cards_obtained":["Calculated Gamble"]},{"damage_healed":0.0,"max_hp_gain":0.0,"max_hp_loss":0.0,"gold_gain":0.0,"event_name":"Mysterious Sphere","player_choice":"Fight","floor":37.0,"gold_loss":0.0,"damage_taken":0.0},{"cards_removed":["Defend_G"],"damage_healed":0.0,"max_hp_gain":0.0,"max_hp_loss":0.0,"gold_gain":0.0,"event_name":"Falling","player_choice":"Removed Skill","floor":38.0,"gold_loss":0.0,"damage_taken":0.0},{"damage_healed":0.0,"max_hp_gain":0.0,"max_hp_loss":0.0,"gold_gain":275.0,"event_name":"Golden Shrine","player_choice":"Desecrate","floor":39.0,"gold_loss":0.0,"damage_taken":0.0,"cards_obtained":["Regret"]}],"is_beta":true,"boss_relics":[{"not_picked":["Cursed Key","Runic Pyramid"],"picked":"HoveringKite"},{"not_picked":["Sozu","Fusion Hammer","Calling Bell"]}],"items_purged_floors":[20,31,36,41,54],"is_endless":false,"potions_floor_spawned":[1,3,12,27,33,35,47,48,55],"ascension_level":20}