{"gold_per_floor":[110,123,134,2,18,18,48,66,66,66,66,96,96,106,106,183,183,198,9,29,44,44,44,59,59,133,8,8,28,28,28,28,103,103,118,136,136,136,136,170,203,53,53,53,84,84,117,133,133,133,133,133,133,79,112,112],"floor_reached":57,"playtime":1838,"items_purged":["Strike_G","Strike_G","Strike_G","Bullet Time+1"],"score":3156,"play_id":"323e0b9c-8883-4b93-85ca-9d5bf7574440","local_time":"20190908231928","is_ascension_mode":true,"campfire_choices":[{"data":"Well Laid Plans","floor":6.0,"key":"SMITH"},{"data":"Bullet Time","floor":11.0,"key":"SMITH"},{"data":"Deadly Poison","floor":13.0,"key":"SMITH"},{"data":"Burst","floor":15.0,"key":"SMITH"},{"data":"Catalyst","floor":23.0,"key":"SMITH"},{"data":"Tactician","floor":25.0,"key":"SMITH"},{"data":"Prepared","floor":32.0,"key":"SMITH"},{"data":"Impatience","floor":44.0,"key":"SMITH"},{"data":"Catalyst","floor":46.0,"key":"SMITH"},{"floor":49.0,"key":"RECALL"},{"data":"Adrenaline","floor":53,"key":"SMITH"}],"neow_cost":"TEN_PERCENT_HP_LOSS","seed_source_timestamp":185968739986571,"circlet_count":0,"master_deck":["AscendersBane","Defend_G","Defend_G","Defend_G","Defend_G","Survivor","Neutralize","Deadly Poison+1","Backflip","Well Laid Plans+1","Tactician+1","Burst+1","Adrenaline+1","Catalyst+1","Catalyst+1","Prepared+1","Deadly Poison","Acrobatics+1","Impatience+1","Reflex+1","After Image"],"special_seed":0,"relics":["Ring of the Snake","Oddly Smooth Stone","Incense Burner","Darkstone Periapt","Calling Bell","Art of War","Blue Candle","WingedGreaves","Shovel","Kunai","Runic Pyramid","Sundial","Dream Catcher","Ornamental Fan","Strawberry","Bottled Lightning"],"potions_floor_usage":[56],"damage_taken":[{"damage":0.0,"enemies":"Cultist","floor":1.0,"turns":4.0},{"damage":4.0,"enemies":"2 Louse","floor":2.0,"turns":3.0},{"damage":2.0,"enemies":"Small Slimes","floor":3.0,"turns":3.0},{"damage":0.0,"enemies":"Blue Slaver","floor":5.0,"turns":5.0},{"damage":27.0,"enemies":"3 Sentries","floor":7.0,"turns":7.0},{"damage":8.0,"enemies":"Large Slime","floor":8.0,"turns":7.0},{"damage":13.0,"enemies":"Gremlin Nob","floor":12.0,"turns":5.0},{"damage":0.0,"enemies":"Red Slaver","floor":14.0,"turns":3.0},{"damage":1.0,"enemies":"The Guardian","floor":16.0,"turns":8.0},{"damage":4.0,"enemies":"Spheric Guardian","floor":18.0,"turns":5.0},{"damage":7.0,"enemies":"Chosen","floor":20.0,"turns":4.0},{"damage":9.0,"enemies":"Sentry and Sphere","floor":21.0,"turns":7.0},{"damage":1.0,"enemies":"Cultist and Chosen","floor":24.0,"turns":6.0},{"damage":0.0,"enemies":"Shelled Parasite and Fungi","floor":29.0,"turns":4.0},{"damage":2.0,"enemies":"Collector","floor":33.0,"turns":3.0},{"damage":0.0,"enemies":"Orb Walker","floor":35.0,"turns":2.0},{"damage":0.0,"enemies":"3 Darklings","floor":36.0,"turns":4.0},{"damage":0.0,"enemies":"Giant Head","floor":40.0,"turns":2.0},{"damage":0.0,"enemies":"Reptomancer","floor":41.0,"turns":1.0},{"damage":0.0,"enemies":"Nemesis","floor":45.0,"turns":3.0},{"damage":0.0,"enemies":"Reptomancer","floor":47.0,"turns":1.0},{"damage":0.0,"enemies":"Writhing Mass","floor":48.0,"turns":1.0},{"damage":1.0,"enemies":"Donu and Deca","floor":50.0,"turns":4.0},{"damage":20.0,"enemies":"Time Eater","floor":51.0,"turns":4.0},{"damage":0,"enemies":"Shield and Spear","floor":55,"turns":3},{"damage":32,"enemies":"The Heart","floor":56,"turns":4}],"seed_played":"-7757570767904193573","potions_obtained":[{"floor":5.0,"key":"SteroidPotion"},{"floor":7.0,"key":"Ancient Potion"},{"floor":12.0,"key":"Weak Potion"},{"floor":21.0,"key":"LiquidBronze"},{"floor":24.0,"key":"Fruit Juice"},{"floor":29.0,"key":"Dexterity Potion"},{"floor":38.0,"key":"EntropicBrew"},{"floor":45.0,"key":"Regen Potion"},{"floor":47.0,"key":"GamblersBrew"}],"is_trial":false,"path_per_floor":["M","M","M","$","M","R","E","M","T","$","R","E","R","M","R","B",null,"M","$","M","M","?","R","M","R","T","$","?","M","?","$","R","B",null,"M","M","?","?","$","E","E","$","T","R","E","R","E","M","R","B","B",null,"R","$","E","B",null],"character_chosen":"THE_SILENT","items_purchased":["PowerPotion","Catalyst","Weak Potion"],"campfire_rested":0,"item_purchase_floors":[4,19,54],"current_hp_per_floor":[59,55,53,53,53,53,26,18,18,18,18,5,5,5,5,4,46,42,42,35,26,26,26,30,30,30,30,12,12,12,12,12,10,55,55,55,45,45,45,45,45,45,45,45,45,45,57,57,57,56,36,67,67,67,67,35],"gold":112,"neow_bonus":"TRANSFORM_TWO_CARDS","is_prod":false,"is_daily":false,"chose_seed":false,"campfire_upgraded":10,"win_rate":0,"timestamp":1567952368,"path_taken":["M","M","M","$","M","R","E","M","T","$","R","E","R","M","R","BOSS","M","$","?","M","?","R","?","R","T","?","?","M","?","?","R","BOSS","M","M","?","?","$","E","E","$","T","R","E","R","E","?","R","BOSS","BOSS","R","$","E","BOSS"],"build_version":"2019-07-17","purchased_purges":4,"victory":true,"max_hp_per_floor":[60,60,60,60,60,60,60,60,60,60,60,60,60,60,60,60,60,60,60,60,60,60,60,65,65,65,65,70,70,70,70,70,70,70,70,70,70,70,70,70,70,70,70,70,70,70,77,77,77,77,77,77,77,77,77,77],"card_choices":[{"not_picked":["Outmaneuver","Quick Slash","Distraction"],"picked":"SKIP","floor":1.0},{"not_picked":["Choke","Terror"],"picked":"Deadly Poison","floor":2.0},{"not_picked":["Deadly Poison","Backflip","Sucker Punch"],"picked":"SKIP","floor":3.0},{"not_picked":["Deadly Poison","Sucker Punch"],"picked":"Backflip","floor":3.0},{"not_picked":["Quick Slash","Deadly Poison"],"picked":"Well Laid Plans","floor":5.0},{"not_picked":["Quick Slash","Well Laid Plans"],"picked":"Tactician","floor":7.0},{"not_picked":["Sucker Punch","Deadly Poison","Bane"],"picked":"SKIP","floor":8.0},{"not_picked":["Noxious Fumes","Setup"],"picked":"Burst","floor":12.0},{"not_picked":["Caltrops","Bane","Dagger Spray"],"picked":"SKIP","floor":14.0},{"not_picked":["A Thousand Cuts","Wraith Form v2"],"picked":"Adrenaline","floor":16.0},{"not_picked":["Masterful Stab+1","Predator+1","Sucker Punch"],"picked":"SKIP","floor":18.0},{"not_picked":["Prepared","Slice","Bane"],"picked":"SKIP","floor":20.0},{"not_picked":["Caltrops","Bane","Flying Knee"],"picked":"SKIP","floor":21.0},{"not_picked":["Quick Slash","Reflex","Riddle With Holes"],"picked":"SKIP","floor":24.0},{"not_picked":["Cloak And Dagger","Underhanded Strike+1"],"picked":"Catalyst","floor":29.0},{"not_picked":["Flying Knee+1","Slice"],"picked":"Acrobatics+1","floor":35.0},{"not_picked":["Bane","Sucker Punch+1","Deadly Poison"],"picked":"SKIP","floor":36.0},{"not_picked":["Enlightenment","Finesse"],"picked":"Impatience","floor":37.0},{"not_picked":["Blur","Slice+1","Dash"],"picked":"SKIP","floor":40.0},{"not_picked":["Bouncing Flask+1","Choke+1","Acrobatics"],"picked":"SKIP","floor":41.0},{"not_picked":["Prepared+1","Finisher","Corpse Explosion"],"picked":"SKIP","floor":45.0},{"not_picked":["Prepared+1","Finisher","Corpse Explosion"],"picked":"SKIP","floor":45.0},{"not_picked":["Grand Finale","Dodge and Roll"],"picked":"Reflex+1","floor":47.0},{"not_picked":["Endless Agony+1","Dagger Throw+1","Deflect"],"picked":"SKIP","floor":48.0},{"not_picked":["Backflip","Dagger Spray"],"picked":"After Image","floor":55}],"player_experience":1019708,"relics_obtained":[{"floor":7.0,"key":"Oddly Smooth Stone"},{"floor":9.0,"key":"Incense Burner"},{"floor":12.0,"key":"Darkstone Periapt"},{"floor":17.0,"key":"Art of War"},{"floor":17.0,"key":"Blue Candle"},{"floor":17.0,"key":"WingedGreaves"},{"floor":26.0,"key":"Kunai"},{"floor":40.0,"key":"Sundial"},{"floor":41.0,"key":"Dream Catcher"},{"floor":45.0,"key":"Ornamental Fan"},{"floor":47.0,"key":"Strawberry"},{"floor":55,"key":"Bottled Lightning"}],"event_choices":[{"damage_healed":0.0,"max_hp_gain":0.0,"max_hp_loss":0.0,"gold_gain":0.0,"event_name":"WeMeetAgain","player_choice":"Gave Potion","floor":22.0,"gold_loss":0.0,"damage_taken":0.0,"relics_obtained":["Shovel"]},{"damage_healed":0.0,"max_hp_gain":5.0,"max_hp_loss":0.0,"gold_gain":0.0,"event_name":"Forgotten Altar","player_choice":"Shed Blood","floor":28.0,"gold_loss":0.0,"damage_taken":23.0},{"damage_healed":0.0,"max_hp_gain":0.0,"max_hp_loss":0.0,"gold_gain":0.0,"cards_transformed":["Strike_G","Dagger Spray"],"event_name":"Drug Dealer","player_choice":"Became Test Subject","floor":30.0,"gold_loss":0.0,"damage_taken":0.0,"cards_obtained":["Prepared","Deadly Poison"]},{"damage_healed":0.0,"max_hp_gain":0.0,"max_hp_loss":0.0,"gold_gain":0.0,"event_name":"SensoryStone","player_choice":"Memory 3","floor":37.0,"gold_loss":0.0,"damage_taken":10.0},{"damage_healed":0.0,"max_hp_gain":0.0,"max_hp_loss":0.0,"gold_gain":0.0,"event_name":"Lab","player_choice":"Got Potions","floor":38.0,"gold_loss":0.0,"damage_taken":0.0}],"is_beta":false,"boss_relics":[{"not_picked":["Eternal Feather","Runic Dome"],"picked":"Calling Bell"},{"not_picked":["Tiny House","Philosopher\u0027s Stone"],"picked":"Runic Pyramid"}],"items_purged_floors":[4,19,27,42],"is_endless":false,"potions_floor_spawned":[5,7,8,12,21,24,29,45,47],"ascension_level":20}