{"gold_per_floor":[110,110,121,121,41,41,66,66,66,79,94,94,128,53,53,128,128,139,239,239,6,24,57,69,99,111,149,161,173,199,239,251,340,352,375,387,399,430,489,529,541,586,624,650,712,739,310,321,321,321,346,346,346,3,36,36],"floor_reached":57,"playtime":2866,"items_purged":["Strike_B","Strike_B+1"],"score":3212,"play_id":"e3841425-8211-4967-8ba7-fdac8a6ce2e3","local_time":"20190406155218","is_ascension_mode":true,"campfire_choices":[{"data":"Consume","floor":6.0,"key":"SMITH"},{"data":"Loop","floor":8.0,"key":"SMITH"},{"data":"Coolheaded","floor":15.0,"key":"SMITH"},{"floor":24.0,"key":"RECALL"},{"data":"Electrodynamics","floor":28.0,"key":"SMITH"},{"data":"Skim","floor":32.0,"key":"SMITH"},{"data":"Hologram","floor":41.0,"key":"SMITH"},{"data":"Multi-Cast","floor":49.0,"key":"SMITH"},{"data":"Rainbow","floor":53.0,"key":"SMITH"}],"neow_cost":"TEN_PERCENT_HP_LOSS","seed_source_timestamp":0,"circlet_count":0,"master_deck":["AscendersBane","Defend_B","Defend_B","Defend_B","Zap+1","Dualcast","Coolheaded+1","Genetic Algorithm","Consume+1","Loop+1","Skim+1","Electrodynamics+1","Reinforced Body+1","White Noise","Rainbow+1","Hologram+1","HandOfGreed+1","White Noise","Loop+1","Stack","Multi-Cast+1","Buffer+1","Glacier+1","Apotheosis","Glacier","All For One"],"special_seed":0,"relics":["Cracked Core","StoneCalendar","Blue Candle","Mummified Hand","Snecko Eye","Bird Faced Urn","Shuriken","DataDisk","MawBank","Smiling Mask","The Courier","Oddly Smooth Stone","Inserter","Calipers","Frozen Egg 2","Symbiotic Virus","Whetstone","Boot","Happy Flower","Membership Card","Lantern","Orichalcum"],"potions_floor_usage":[56,56],"damage_taken":[{"damage":0.0,"enemies":"Small Slimes","floor":1.0,"turns":3.0},{"damage":3.0,"enemies":"Jaw Worm","floor":3.0,"turns":5.0},{"damage":19.0,"enemies":"3 Sentries","floor":7.0,"turns":7.0},{"damage":3.0,"enemies":"2 Louse","floor":10.0,"turns":5.0},{"damage":0.0,"enemies":"Large Slime","floor":11.0,"turns":5.0},{"damage":0.0,"enemies":"Lagavulin","floor":13.0,"turns":7.0},{"damage":0.0,"enemies":"Hexaghost","floor":16.0,"turns":7.0},{"damage":0.0,"enemies":"Chosen","floor":18.0,"turns":6.0},{"damage":22.0,"enemies":"Colosseum Slavers","floor":19.0,"turns":3.0},{"damage":24.0,"enemies":"Colosseum Nobs","floor":19.0,"turns":3.0},{"damage":0.0,"enemies":"3 Byrds","floor":22.0,"turns":1.0},{"damage":10.0,"enemies":"Gremlin Leader","floor":23.0,"turns":5.0},{"damage":0.0,"enemies":"3 Cultists","floor":25.0,"turns":4.0},{"damage":0.0,"enemies":"Book of Stabbing","floor":27.0,"turns":5.0},{"damage":0.0,"enemies":"Centurion and Healer","floor":30.0,"turns":2.0},{"damage":0.0,"enemies":"Slavers","floor":31.0,"turns":2.0},{"damage":32.0,"enemies":"Collector","floor":33.0,"turns":7.0},{"damage":0.0,"enemies":"Orb Walker","floor":35.0,"turns":4.0},{"damage":0.0,"enemies":"3 Darklings","floor":38.0,"turns":2.0},{"damage":29.0,"enemies":"2 Orb Walkers","floor":39.0,"turns":3.0},{"damage":0.0,"enemies":"Reptomancer","floor":40.0,"turns":6.0},{"damage":0.0,"enemies":"Giant Head","floor":42.0,"turns":10.0},{"damage":0.0,"enemies":"Transient","floor":44.0,"turns":6.0},{"damage":32.0,"enemies":"Nemesis","floor":45.0,"turns":15.0},{"damage":0.0,"enemies":"Jaw Worm Horde","floor":46.0,"turns":2.0},{"damage":0.0,"enemies":"3 Darklings","floor":48.0,"turns":2.0},{"damage":0.0,"enemies":"Donu and Deca","floor":50.0,"turns":12.0},{"damage":21.0,"enemies":"Awakened One","floor":51.0,"turns":22.0},{"damage":18.0,"enemies":"Shield and Spear","floor":55.0,"turns":8.0},{"damage":29,"enemies":"The Heart","floor":56,"turns":9}],"seed_played":"654451182317318203","potions_obtained":[{"floor":7.0,"key":"Swift Potion"},{"floor":11.0,"key":"AttackPotion"},{"floor":18.0,"key":"Poison Potion"},{"floor":22.0,"key":"FearPotion"},{"floor":25.0,"key":"Weak Potion"},{"floor":30.0,"key":"PowerPotion"},{"floor":35.0,"key":"SkillPotion"},{"floor":44.0,"key":"LiquidBronze"},{"floor":45.0,"key":"Block Potion"},{"floor":48.0,"key":"LiquidBronze"}],"is_trial":false,"path_per_floor":["M","?","M","T","$","R","E","R","T","M","M","?","E","?","R","B",null,"M","?","?","$","M","E","R","M","T","E","R","?","M","E","R","B",null,"M","?","?","M","?","E","R","E","T","M","E","M","$","M","R","B","B",null,"R","$","E","B",null],"character_chosen":"DEFECT","items_purchased":["Loop","DataDisk","Stack","Multi-Cast","Buffer+1","Happy Flower","Membership Card","Apotheosis","Glacier","Lantern"],"campfire_rested":0,"item_purchase_floors":[5,21,47,47,47,47,54,54,54,54],"current_hp_per_floor":[64,64,61,61,61,61,42,42,42,39,39,20,20,20,20,20,53,53,7,7,7,9,5,5,17,17,23,23,23,27,35,35,9,50,52,52,42,48,27,41,41,49,49,57,33,39,39,51,51,63,53,61,61,61,64,47],"gold":36,"neow_bonus":"ONE_RARE_RELIC","is_prod":false,"is_daily":false,"chose_seed":true,"campfire_upgraded":8,"win_rate":0,"timestamp":1554537138,"path_taken":["M","?","M","?","$","R","E","R","T","M","M","?","E","?","R","BOSS","M","?","?","?","M","E","R","?","T","E","R","?","M","E","R","BOSS","M","?","?","M","?","E","R","E","T","M","E","M","$","M","R","BOSS","BOSS","R","$","E","BOSS"],"build_version":"2019-04-04","purchased_purges":2,"victory":true,"max_hp_per_floor":[64,64,64,64,64,64,64,64,64,64,64,64,64,64,64,64,64,64,64,64,64,64,64,64,64,64,64,64,64,64,64,64,64,64,64,64,64,64,64,64,64,64,64,64,64,64,64,64,64,64,64,64,64,64,64,64],"card_choices":[{"not_picked":["Ball Lightning","Sweeping Beam"],"picked":"Coolheaded","floor":1.0},{"not_picked":["Turbo","Auto Shields"],"picked":"Consume","floor":3.0},{"not_picked":["Auto Shields","Double Energy","Leap"],"picked":"SKIP","floor":7.0},{"not_picked":["Rip and Tear","Melter","Coolheaded"],"picked":"SKIP","floor":10.0},{"not_picked":["Static Discharge","Melter","Cold Snap"],"picked":"SKIP","floor":11.0},{"not_picked":["Barrage","Darkness"],"picked":"Skim","floor":13.0},{"not_picked":["Machine Learning","Creative AI"],"picked":"Electrodynamics","floor":16.0},{"not_picked":["Conserve Battery","Reprogram","Compile Driver"],"picked":"SKIP","floor":18.0},{"not_picked":["Double Energy","Streamline"],"picked":"Reinforced Body+1","floor":19.0},{"not_picked":["Barrage+1","Redo","Sweeping Beam"],"picked":"SKIP","floor":22.0},{"not_picked":["Doom and Gloom+1","Hello World","Loop"],"picked":"SKIP","floor":23.0},{"not_picked":["Leap","Go for the Eyes","Redo"],"picked":"SKIP","floor":25.0},{"not_picked":["Stack+1","Chaos","Streamline"],"picked":"SKIP","floor":27.0},{"not_picked":["Melter","Turbo","Beam Cell"],"picked":"SKIP","floor":30.0},{"not_picked":["Blizzard","Machine Learning","Fusion"],"picked":"SKIP","floor":31.0},{"not_picked":["Blizzard","Machine Learning","Fusion"],"picked":"SKIP","floor":31.0},{"not_picked":["Reboot","Electrodynamics"],"picked":"Rainbow","floor":33.0},{"not_picked":["Steam","Cold Snap"],"picked":"Hologram","floor":35.0},{"not_picked":["Blind","Bandage Up"],"picked":"HandOfGreed","floor":37.0},{"not_picked":["Gash+1","Go for the Eyes"],"picked":"White Noise","floor":38.0},{"not_picked":["Turbo","Streamline","Beam Cell"],"picked":"SKIP","floor":40.0},{"not_picked":["Go for the Eyes","Hologram","Streamline"],"picked":"SKIP","floor":42.0},{"not_picked":["Beam Cell","Rebound+1","Doom and Gloom"],"picked":"SKIP","floor":44.0},{"not_picked":["Consume","Sweeping Beam","Scrape"],"picked":"SKIP","floor":45.0},{"not_picked":["Compile Driver+1","Ball Lightning"],"picked":"Loop+1","floor":46.0},{"not_picked":["Conserve Battery","Barrage+1"],"picked":"Glacier+1","floor":48.0},{"not_picked":["Leap","Beam Cell"],"picked":"All For One","floor":55.0}],"player_experience":2996106,"relics_obtained":[{"floor":9.0,"key":"Blue Candle"},{"floor":13.0,"key":"Mummified Hand"},{"floor":19.0,"key":"Bird Faced Urn"},{"floor":19.0,"key":"Shuriken"},{"floor":23.0,"key":"MawBank"},{"floor":26.0,"key":"Smiling Mask"},{"floor":27.0,"key":"The Courier"},{"floor":31.0,"key":"Oddly Smooth Stone"},{"floor":39.0,"key":"Calipers"},{"floor":40.0,"key":"Frozen Egg 2"},{"floor":42.0,"key":"Symbiotic Virus"},{"floor":43.0,"key":"Whetstone"},{"floor":45.0,"key":"Boot"},{"floor":55.0,"key":"Orichalcum"}],"event_choices":[{"damage_healed":0.0,"max_hp_gain":0.0,"max_hp_loss":0.0,"gold_gain":0.0,"cards_transformed":["Strike_B"],"event_name":"Living Wall","player_choice":"Change","floor":2.0,"gold_loss":0.0,"damage_taken":0.0,"cards_obtained":["Genetic Algorithm"]},{"damage_healed":0.0,"max_hp_gain":0.0,"max_hp_loss":0.0,"gold_gain":0.0,"event_name":"Shining Light","player_choice":"Entered Light","floor":12.0,"gold_loss":0.0,"damage_taken":19.0,"cards_upgraded":["Zap","Strike_B"]},{"cards_removed":["Strike_B"],"damage_healed":0.0,"max_hp_gain":0.0,"max_hp_loss":0.0,"gold_gain":0.0,"event_name":"The Cleric","player_choice":"Card Removal","floor":14.0,"gold_loss":75.0,"damage_taken":0.0},{"damage_healed":0.0,"max_hp_gain":0.0,"max_hp_loss":0.0,"gold_gain":0.0,"event_name":"Colosseum","player_choice":"Fight","floor":19.0,"gold_loss":0.0,"damage_taken":0.0},{"damage_healed":0.0,"max_hp_gain":0.0,"max_hp_loss":0.0,"gold_gain":0.0,"event_name":"Colosseum","player_choice":"Fought Nobs","floor":19.0,"gold_loss":0.0,"damage_taken":0.0},{"damage_healed":0.0,"max_hp_gain":0.0,"max_hp_loss":0.0,"gold_gain":0.0,"event_name":"The Library","player_choice":"Read","floor":20.0,"gold_loss":0.0,"damage_taken":0.0,"cards_obtained":["White Noise"]},{"cards_removed":["Defend_B"],"damage_healed":0.0,"max_hp_gain":0.0,"max_hp_loss":0.0,"gold_gain":0.0,"event_name":"Back to Basics","player_choice":"Elegance","floor":29.0,"gold_loss":0.0,"damage_taken":0.0},{"damage_healed":0.0,"max_hp_gain":0.0,"max_hp_loss":0.0,"gold_gain":0.0,"event_name":"Tomb of Lord Red Mask","player_choice":"Ignored","floor":36.0,"gold_loss":0.0,"damage_taken":0.0},{"damage_healed":0.0,"max_hp_gain":0.0,"max_hp_loss":0.0,"gold_gain":0.0,"event_name":"SensoryStone","player_choice":"Memory 3","floor":37.0,"gold_loss":0.0,"damage_taken":10.0},{"damage_healed":0.0,"max_hp_gain":0.0,"max_hp_loss":0.0,"gold_gain":0.0,"event_name":"Mysterious Sphere","player_choice":"Fight","floor":39.0,"gold_loss":0.0,"damage_taken":0.0}],"is_beta":true,"boss_relics":[{"not_picked":["Sozu","Pandora\u0027s Box"],"picked":"Snecko Eye"},{"not_picked":["Nuclear Battery","Velvet Choker"],"picked":"Inserter"}],"items_purged_floors":[21,47],"is_endless":false,"potions_floor_spawned":[7,11,13,18,22,25,30,35,44,45,48,55],"ascension_level":20}