{"gold_per_floor":[114,134,147,160,36,36,36,61,61,73,83,83,83,101,101,200,200,212,212,57,40,40,40],"floor_reached":23,"playtime":3377,"items_purged":[],"score":193,"play_id":"bafdb55b-82b4-48ae-aab9-d17bee5999df","local_time":"20190114214828","is_ascension_mode":false,"campfire_choices":[{"data":"Conserve Battery","floor":6,"key":"SMITH"},{"floor":13,"key":"REST"},{"floor":15,"key":"REST"}],"neow_cost":"NONE","seed_source_timestamp":0,"circlet_count":0,"master_deck":["Zap","Dualcast","Capacitor","White Noise","Conserve Battery+1","Compile Driver","Defragment","Hologram","Leap","All For One","Echo Form","Fusion","Heatsinks","Turbo","Machine Learning","All For One","Auto Shields","Consume","Rainbow","Compile Driver+1","Capacitor","Reinforced Body","Steam"],"special_seed":0,"relics":["Cracked Core","Tiny Chest","Mummified Hand","Pandora\u0027s Box","NlothsMask"],"potions_floor_usage":[8,11,11,16,16,23,23],"damage_taken":[{"damage":0.0,"enemies":"2 Louse","floor":1.0,"turns":3.0},{"damage":0.0,"enemies":"Small Slimes","floor":2.0,"turns":3.0},{"damage":3.0,"enemies":"Cultist","floor":3.0,"turns":5.0},{"damage":5.0,"enemies":"Looter","floor":4.0,"turns":3.0},{"damage":35,"enemies":"Lagavulin","floor":8,"turns":8},{"damage":0,"enemies":"Lots of Slimes","floor":10,"turns":1},{"damage":6,"enemies":"Large Slime","floor":11,"turns":5},{"damage":8,"enemies":"Gremlin Gang","floor":14,"turns":4},{"damage":67,"enemies":"Slime Boss","floor":16,"turns":13},{"damage":28,"enemies":"Chosen","floor":18,"turns":5},{"damage":22,"enemies":"2 Thieves","floor":21,"turns":5},{"damage":59,"enemies":"Gremlin Leader","floor":23,"turns":9}],"seed_played":"5097687141930668885","potions_obtained":[{"floor":1.0,"key":"Swift Potion"},{"floor":8,"key":"Explosive Potion"},{"floor":10,"key":"EntropicBrew"},{"floor":16,"key":"Strength Potion"},{"floor":19,"key":"EssenceOfSteel"},{"floor":19,"key":"FairyPotion"}],"is_trial":false,"path_per_floor":["M","M","M","M","$","R","?","E","T","M","M","?","R","M","R","B",null,"M","?","$","M","?","E"],"character_chosen":"DEFECT","items_purchased":["Tiny Chest","Capacitor","Reinforced Body"],"campfire_rested":2,"item_purchase_floors":[5,20,20],"current_hp_per_floor":[82,82,79,74,74,74,74,39,39,39,33,33,57,49,73,6,82,54,54,54,32,32,0],"gold":40,"neow_bonus":"TEN_PERCENT_HP_BONUS","is_prod":false,"is_daily":false,"chose_seed":false,"campfire_upgraded":1,"win_rate":0.0,"timestamp":1547531308,"path_taken":["M","M","M","M","$","R","?","E","T","M","M","?","R","M","R","BOSS","M","?","$","?","?","E"],"build_version":"2019-01-10","purchased_purges":0,"victory":false,"max_hp_per_floor":[82,82,82,82,82,82,82,82,82,82,82,82,82,82,82,82,82,82,82,82,82,82,82],"card_choices":[{"not_picked":["Reprogram","Streamline"],"picked":"Capacitor","floor":1.0},{"not_picked":["Lockon","Storm"],"picked":"White Noise","floor":2.0},{"not_picked":["Beam Cell","Leap"],"picked":"Conserve Battery","floor":3.0},{"not_picked":["Gash","Static Discharge"],"picked":"Compile Driver","floor":4},{"not_picked":["Chaos","Auto Shields"],"picked":"Defragment","floor":8},{"not_picked":["Beam Cell","Rebound"],"picked":"Hologram","floor":10},{"not_picked":["Barrage","Storm"],"picked":"Leap","floor":11},{"not_picked":["Genetic Algorithm","Beam Cell"],"picked":"All For One","floor":14},{"not_picked":["Multi-Cast","Core Surge"],"picked":"Echo Form","floor":16},{"not_picked":["Streamline+1","Hello World"],"picked":"Compile Driver+1","floor":18},{"not_picked":["Turbo","Streamline"],"picked":"Steam","floor":21}],"player_experience":169867,"relics_obtained":[{"floor":8,"key":"Mummified Hand"}],"event_choices":[{"damage_healed":0,"gold_gain":0,"player_choice":"Ignored","damage_taken":0,"max_hp_gain":0,"max_hp_loss":0,"event_name":"Golden Idol","floor":7,"gold_loss":0},{"damage_healed":0,"gold_gain":0,"player_choice":"Ignored","damage_taken":0,"max_hp_gain":0,"max_hp_loss":0,"event_name":"Shining Light","floor":12,"gold_loss":0},{"damage_healed":0,"gold_gain":0,"player_choice":"Got Potions","damage_taken":0,"max_hp_gain":0,"max_hp_loss":0,"event_name":"Lab","floor":19,"gold_loss":0},{"damage_healed":0,"gold_gain":0,"player_choice":"Trade","damage_taken":0,"relics_obtained":["NlothsMask"],"max_hp_gain":0,"max_hp_loss":0,"event_name":"FaceTrader","floor":22,"gold_loss":0}],"is_beta":false,"boss_relics":[{"not_picked":["Black Star","Astrolabe"],"picked":"Pandora\u0027s Box"}],"items_purged_floors":[],"is_endless":false,"potions_floor_spawned":[1,8,10,16],"killed_by":"Gremlin Leader","ascension_level":0}