{"gold_per_floor":[116,80,80,93,109,109,37,47,96,96,96,96,115,143,143,239,239,250,175,175,190,50,50,63,76,103,115,146,21,41,61,61,164,164,181,236,236,90,90,120,120,150,150,178,178,198,48,48,48,48],"floor_reached":51,"playtime":2369,"items_purged":["Strike_P","Strike_P","Strike_P+1","Defend_P"],"score":1144,"play_id":"b62a3064-f060-4e80-bc9a-66d543db243d","local_time":"20190910164342","is_ascension_mode":true,"campfire_choices":[{"data":"WindmillStrike","floor":6.0,"key":"SMITH"},{"data":"CrushJoints","floor":10.0,"key":"SMITH"},{"data":"Vigilance","floor":12.0,"key":"SMITH"},{"data":"SandsOfTime","floor":15.0,"key":"SMITH"},{"data":"Blasphemy","floor":23.0,"key":"SMITH"},{"floor":32.0,"key":"REST"},{"data":"PathToVictory","floor":41.0,"key":"SMITH"},{"data":"DeusExMachina","floor":45.0,"key":"SMITH"},{"floor":49.0,"key":"REST"}],"neow_cost":"PERCENT_DAMAGE","seed_source_timestamp":2258513652114900,"circlet_count":0,"master_deck":["Defend_P","Defend_P","Vigilance+1","Devotion+1","Adaptation","CrushJoints+1","SandsOfTime+1","Blasphemy+1","Establishment","EmptyMind+1","MasterReality+1","DeusExMachina+1","EmptyBody+1","MentalFortress+1","StepAndStrike+1","PathToVictory+1","Purity"],"special_seed":0,"relics":["PureWater","Centennial Puzzle","Toy Ornithopter","Dream Catcher","Runic Pyramid","TungstenRod","Frozen Egg 2","Astrolabe","Pocketwatch","TheAbacus","Turnip","Bag of Marbles","Blood Vial"],"potions_floor_usage":[50,50,50],"damage_taken":[{"damage":0.0,"enemies":"2 Louse","floor":1.0,"turns":7.0},{"damage":2.0,"enemies":"Jaw Worm","floor":4.0,"turns":5.0},{"damage":4.0,"enemies":"Cultist","floor":5.0,"turns":6.0},{"damage":2.0,"enemies":"Large Slime","floor":8.0,"turns":6.0},{"damage":11.0,"enemies":"Exordium Wildlife","floor":13.0,"turns":6.0},{"damage":1.0,"enemies":"3 Sentries","floor":14.0,"turns":6.0},{"damage":0.0,"enemies":"Hexaghost","floor":16.0,"turns":5.0},{"damage":0.0,"enemies":"Chosen","floor":18.0,"turns":3.0},{"damage":0.0,"enemies":"Spheric Guardian","floor":21.0,"turns":3.0},{"damage":7.0,"enemies":"Snake Plant","floor":24.0,"turns":2.0},{"damage":0.0,"enemies":"Snecko","floor":25.0,"turns":1.0},{"damage":6.0,"enemies":"Cultist and Chosen","floor":27.0,"turns":3.0},{"damage":41.0,"enemies":"Slavers","floor":28.0,"turns":3.0},{"damage":6.0,"enemies":"Centurion and Healer","floor":30.0,"turns":4.0},{"damage":6.0,"enemies":"Snake Plant","floor":31.0,"turns":2.0},{"damage":2.0,"enemies":"Automaton","floor":33.0,"turns":4.0},{"damage":1.0,"enemies":"3 Shapes","floor":35.0,"turns":3.0},{"damage":16.0,"enemies":"2 Orb Walkers","floor":36.0,"turns":2.0},{"damage":7.0,"enemies":"Reptomancer","floor":40.0,"turns":2.0},{"damage":0.0,"enemies":"Giant Head","floor":42.0,"turns":3.0},{"damage":15.0,"enemies":"Nemesis","floor":44.0,"turns":3.0},{"damage":2.0,"enemies":"3 Darklings","floor":46.0,"turns":2.0},{"damage":28,"enemies":"Time Eater","floor":50,"turns":5}],"seed_played":"4714079863542975259","potions_obtained":[{"floor":1.0,"key":"Dexterity Potion"},{"floor":5.0,"key":"PowerPotion"},{"floor":16.0,"key":"Explosive Potion"},{"floor":18.0,"key":"AttackPotion"},{"floor":24.0,"key":"StancePotion"},{"floor":27.0,"key":"PowerPotion"},{"floor":35.0,"key":"Dexterity Potion"},{"floor":40.0,"key":"GamblersBrew"},{"floor":42.0,"key":"SkillPotion"},{"floor":46.0,"key":"LiquidBronze"}],"is_trial":false,"path_per_floor":["M","$","?","M","M","R","$","M","T","R","?","R","M","E","R","B",null,"M","$","?","M","$","R","M","M","T","M","E","$","M","M","R","B",null,"M","?","?","$","?","E","R","E","T","E","R","M","$","?","R","B",null],"character_chosen":"WATCHER","items_purchased":["Devotion","Adaptation","Establishment","TheAbacus"],"campfire_rested":2,"item_purchase_floors":[2,7,22,38],"current_hp_per_floor":[47,47,34,32,28,28,28,26,26,26,26,26,15,19,19,24,65,65,65,65,65,65,65,58,58,58,52,21,21,15,14,33,31,65,64,48,48,48,48,41,41,41,41,31,31,31,31,31,49,38],"gold":48,"neow_bonus":"REMOVE_TWO","is_prod":false,"is_daily":false,"chose_seed":false,"campfire_upgraded":7,"win_rate":1,"timestamp":1568105022,"path_taken":["M","$","?","M","M","R","$","M","T","R","?","R","M","E","R","BOSS","M","?","?","M","$","R","M","M","T","M","E","$","M","M","R","BOSS","M","?","?","$","?","E","R","E","T","E","R","M","$","?","R","BOSS"],"build_version":"2019-09-09v2","purchased_purges":4,"victory":true,"max_hp_per_floor":[65,65,65,65,65,65,65,65,65,65,65,65,65,65,65,65,65,65,65,65,65,65,65,65,65,65,65,65,65,65,65,65,65,65,65,65,62,62,62,62,62,62,62,62,62,62,62,62,62,62],"card_choices":[{"not_picked":["StepAndStrike","ClearTheMind","BowlingBash"],"picked":"SKIP","floor":1.0},{"not_picked":["Consecrate","Weave"],"picked":"EmptyBody","floor":4.0},{"not_picked":["JustLucky","Conclude"],"picked":"WindmillStrike","floor":5.0},{"not_picked":["Sanctity","CutThroughFate","CrushJoints"],"picked":"SKIP","floor":8.0},{"not_picked":["Sanctity","CutThroughFate"],"picked":"CrushJoints","floor":8.0},{"not_picked":["FlurryOfBlows","EmptyFist","Crescendo"],"picked":"SKIP","floor":13.0},{"not_picked":["CutThroughFate","Fasting"],"picked":"SandsOfTime","floor":14.0},{"not_picked":["Pray","Unraveling"],"picked":"Blasphemy","floor":16.0},{"not_picked":["Halt+1","Weave+1","DeceiveReality"],"picked":"SKIP","floor":18.0},{"not_picked":["CutThroughFate","CleanseEvil","Halt"],"picked":"SKIP","floor":21.0},{"not_picked":["Crescendo","FollowUp+1","Protect"],"picked":"SKIP","floor":24.0},{"not_picked":["InnerPeace+1","BowlingBash","FlyingSleeves"],"picked":"SKIP","floor":25.0},{"not_picked":["FollowUp","SpiritShield","Sanctity"],"picked":"SKIP","floor":27.0},{"not_picked":["Blasphemy","StepAndStrike"],"picked":"EmptyMind+1","floor":28.0},{"not_picked":["FlyingSleeves+1","CleanseEvil","JustLucky"],"picked":"SKIP","floor":30.0},{"not_picked":["Wireheading+1","Consecrate","WaveOfTheHand"],"picked":"SKIP","floor":31.0},{"not_picked":["JustLucky+1","FollowUp+1"],"picked":"MasterReality+1","floor":32.0},{"not_picked":["Brilliance","Blasphemy"],"picked":"DeusExMachina","floor":33.0},{"not_picked":["BowlingBash+1","Clarity+1","Consecrate+1"],"picked":"SKIP","floor":35.0},{"not_picked":["EmptyFist","Clarity"],"picked":"PathToVictory","floor":40.0},{"not_picked":["Establishment+1","Crescendo+1","FollowUp"],"picked":"SKIP","floor":42.0},{"not_picked":["EmptyFist+1","Swivel","FlyingSleeves"],"picked":"SKIP","floor":44.0},{"not_picked":["TalkToTheHand","SpiritShield","FearNoEvil"],"picked":"SKIP","floor":46.0},{"not_picked":["Flash of Steel","Trip"],"picked":"Purity","floor":48.0}],"player_experience":3243572,"relics_obtained":[{"floor":9.0,"key":"Centennial Puzzle"},{"floor":11.0,"key":"Toy Ornithopter"},{"floor":14.0,"key":"Dream Catcher"},{"floor":26.0,"key":"TungstenRod"},{"floor":28.0,"key":"Frozen Egg 2"},{"floor":36.0,"key":"Pocketwatch"},{"floor":40.0,"key":"Turnip"},{"floor":42.0,"key":"Bag of Marbles"},{"floor":44.0,"key":"Blood Vial"}],"event_choices":[{"damage_healed":0.0,"max_hp_gain":0.0,"max_hp_loss":0.0,"gold_gain":0.0,"event_name":"Shining Light","player_choice":"Entered Light","floor":3.0,"gold_loss":0.0,"damage_taken":13.0,"cards_upgraded":["Devotion","Strike_P"]},{"damage_healed":0.0,"max_hp_gain":0.0,"max_hp_loss":0.0,"gold_gain":0.0,"event_name":"Wheel of Change","player_choice":"Relic","floor":11.0,"gold_loss":0.0,"damage_taken":0.0},{"damage_healed":0.0,"max_hp_gain":0.0,"max_hp_loss":0.0,"gold_gain":0.0,"event_name":"Vampires","player_choice":"Ignored","floor":20.0,"gold_loss":0.0,"damage_taken":0.0},{"damage_healed":0.0,"max_hp_gain":0.0,"max_hp_loss":0.0,"gold_gain":0.0,"event_name":"Mysterious Sphere","player_choice":"Fight","floor":36.0,"gold_loss":0.0,"damage_taken":0.0},{"damage_healed":0.0,"max_hp_gain":0.0,"max_hp_loss":3.0,"gold_gain":0.0,"event_name":"Winding Halls","player_choice":"Max HP","floor":37.0,"gold_loss":0.0,"damage_taken":0.0},{"damage_healed":0.0,"max_hp_gain":0.0,"max_hp_loss":0.0,"gold_gain":0.0,"event_name":"Tomb of Lord Red Mask","player_choice":"Ignored","floor":39.0,"gold_loss":0.0,"damage_taken":0.0},{"damage_healed":0.0,"max_hp_gain":0.0,"max_hp_loss":0.0,"gold_gain":0.0,"event_name":"SensoryStone","player_choice":"Memory 1","floor":48.0,"gold_loss":0.0,"damage_taken":0.0}],"is_beta":true,"boss_relics":[{"not_picked":["Fusion Hammer","Sozu"],"picked":"Runic Pyramid"},{"not_picked":["SlaversCollar","Philosopher\u0027s Stone"],"picked":"Astrolabe"}],"items_purged_floors":[19,22,29,47],"is_endless":false,"potions_floor_spawned":[1,5,16,18,24,27,35,40,42,46],"ascension_level":4}