{"gold_per_floor":[116,4,4,20,35,35,61,61,107,133,144,144,144,144,144,244,244,255,267,267,284,184,184,202,202,228,228,255,354,354,153,153,251,251,269,269,279,129,148,203,203,215,215,315,329,37,259,279,279,279],"floor_reached":51,"playtime":3627,"items_purged":["Strike_P","Strike_P","Defend_P","Eruption+1","FearNoEvil+1"],"score":1175,"play_id":"de122968-2319-4b2c-86f8-ec14f2651795","local_time":"20190910203427","is_ascension_mode":true,"campfire_choices":[{"data":"Meditate","floor":6.0,"key":"SMITH"},{"data":"JustLucky","floor":8.0,"key":"SMITH"},{"data":"Vigilance","floor":13.0,"key":"SMITH"},{"data":"Eruption","floor":15.0,"key":"SMITH"},{"data":"FlowState","floor":23.0,"key":"SMITH"},{"data":"Pray","floor":25.0,"key":"SMITH"},{"data":"Adaptation","floor":27.0,"key":"SMITH"},{"data":"MentalFortress","floor":32.0,"key":"SMITH"},{"data":"ClearTheMind","floor":41,"key":"SMITH"},{"data":"StepAndStrike","floor":49,"key":"SMITH"}],"neow_cost":"NONE","seed_source_timestamp":2271365455164200,"circlet_count":0,"master_deck":["Vigilance+1","Adaptation+1","Meditate+1","JustLucky+1","DevaForm","ClearTheMind+1","Pray+1","EmptyMind+1","FlowState+1","EmptyBody+1","MentalFortress+1","DeusExMachina","ForeignInfluence+1","StepAndStrike+1"],"special_seed":0,"relics":["VioletLotus","Melange","Boot","Pear","Runic Dome","Akabeko","Red Mask","Astrolabe","Toxic Egg 2","Tiny Chest","The Courier","Gambling Chip","TheAbacus"],"potions_floor_usage":[42,50,50,50],"damage_taken":[{"damage":2.0,"enemies":"Jaw Worm","floor":1.0,"turns":3.0},{"damage":0.0,"enemies":"Cultist","floor":4.0,"turns":3.0},{"damage":5.0,"enemies":"2 Louse","floor":5.0,"turns":5.0},{"damage":0.0,"enemies":"Gremlin Nob","floor":7.0,"turns":2.0},{"damage":8.0,"enemies":"Lagavulin","floor":10.0,"turns":6.0},{"damage":4.0,"enemies":"Looter","floor":11.0,"turns":4.0},{"damage":16.0,"enemies":"Slime Boss","floor":16.0,"turns":6.0},{"damage":12.0,"enemies":"Spheric Guardian","floor":18.0,"turns":5.0},{"damage":9.0,"enemies":"Shell Parasite","floor":19.0,"turns":3.0},{"damage":0.0,"enemies":"3 Cultists","floor":21.0,"turns":2.0},{"damage":16.0,"enemies":"Snake Plant","floor":24.0,"turns":2.0},{"damage":0.0,"enemies":"Masked Bandits","floor":28.0,"turns":2.0},{"damage":0.0,"enemies":"Automaton","floor":33.0,"turns":2.0},{"damage":14.0,"enemies":"3 Shapes","floor":35.0,"turns":2.0},{"damage":0.0,"enemies":"3 Darklings","floor":37.0,"turns":1.0},{"damage":0,"enemies":"Spire Growth","floor":39,"turns":2},{"damage":2,"enemies":"Nemesis","floor":40,"turns":3},{"damage":0,"enemies":"Jaw Worm Horde","floor":42,"turns":2},{"damage":0,"enemies":"Mind Bloom Boss Battle","floor":44,"turns":1},{"damage":0,"enemies":"Writhing Mass","floor":45,"turns":2},{"damage":0,"enemies":"Maw","floor":48,"turns":3},{"damage":0,"enemies":"Donu and Deca","floor":50,"turns":1}],"seed_played":"3232580494460800992","potions_obtained":[{"floor":4.0,"key":"SteroidPotion"},{"floor":5.0,"key":"SkillPotion"},{"floor":7.0,"key":"SpeedPotion"},{"floor":19.0,"key":"FearPotion"},{"floor":21.0,"key":"Strength Potion"},{"floor":28.0,"key":"Regen Potion"},{"floor":40,"key":"Explosive Potion"},{"floor":42,"key":"StancePotion"}],"is_trial":false,"path_per_floor":["M","$","?","M","M","R","E","R","T","E","M","?","R","?","R","B",null,"M","M","?","M","$","R","M","R","T","R","?","?","?","$","R","B",null,"M","?","M","$","M","E","R","M","T","?","M","$","?","M","R","B",null],"character_chosen":"WATCHER","items_purchased":["Meditate","MentalFortress","StepAndStrike","TheAbacus"],"campfire_rested":0,"item_purchase_floors":[2,31,46,46],"current_hp_per_floor":[57,57,51,51,46,46,46,46,46,48,44,37,37,37,37,21,62,50,41,41,41,41,41,25,25,25,25,25,25,25,25,25,30,64,50,50,50,50,50,48,48,48,48,48,48,48,48,48,48,48],"gold":279,"neow_bonus":"BOSS_RELIC","is_prod":false,"is_daily":false,"chose_seed":false,"campfire_upgraded":10,"win_rate":1,"timestamp":1568118867,"path_taken":["M","$","?","M","?","R","E","R","T","E","M","?","R","?","R","BOSS","M","M","?","?","$","R","?","R","T","R","?","?","?","$","R","BOSS","M","?","M","$","M","E","R","?","T","?","M","$","?","M","R","BOSS"],"build_version":"2019-09-09v2","purchased_purges":5,"victory":true,"max_hp_per_floor":[65,65,65,65,65,65,65,65,65,75,75,75,75,75,75,75,75,75,75,75,75,75,75,75,75,75,75,75,75,75,75,75,75,75,75,75,75,75,75,75,75,75,75,75,75,75,75,75,75,75],"card_choices":[{"not_picked":["Halt","Weave"],"picked":"Adaptation","floor":1.0},{"not_picked":["Crescendo","Clarity"],"picked":"JustLucky","floor":4.0},{"not_picked":["Protect","BowlingBash"],"picked":"DevaForm","floor":5.0},{"not_picked":["CarveReality","CrushJoints","ThirdEye"],"picked":"SKIP","floor":7.0},{"not_picked":["BowlingBash","Scrawl","Perseverance"],"picked":"SKIP","floor":10.0},{"not_picked":["WreathOfFlame","ThirdEye"],"picked":"ClearTheMind","floor":11.0},{"not_picked":["Alpha","Omniscience"],"picked":"Pray","floor":16.0},{"not_picked":["Consecrate","CleanseEvil","FlurryOfBlows"],"picked":"SKIP","floor":18.0},{"not_picked":["Protect","ClearTheMind"],"picked":"EmptyMind+1","floor":19.0},{"not_picked":["CutThroughFate","Swivel"],"picked":"EmptyBody+1","floor":21.0},{"not_picked":["EmptyMind","Collect","Protect"],"picked":"SKIP","floor":24.0},{"not_picked":["MasterReality","Alpha"],"picked":"DeusExMachina","floor":33.0},{"not_picked":["BowlingBash","Fasting+1","CarveReality"],"picked":"SKIP","floor":35.0},{"not_picked":["Devotion+1","WreathOfFlame+1","Establishment+1"],"picked":"SKIP","floor":37.0},{"not_picked":["BowlingBash","Collect+1","Consecrate"],"picked":"SKIP","floor":39},{"not_picked":["CutThroughFate+1","Protect+1","Consecrate+1"],"picked":"SKIP","floor":40},{"not_picked":["EmptyBody+1","EmptyMind+1","Halt+1"],"picked":"SKIP","floor":42},{"not_picked":["Consecrate","ThirdEye+1","Omniscience+1"],"picked":"SKIP","floor":45},{"not_picked":["BowlingBash","FlyingSleeves","ClearTheMind+1"],"picked":"SKIP","floor":48}],"player_experience":3249998,"relics_obtained":[{"floor":7.0,"key":"Melange"},{"floor":9.0,"key":"Boot"},{"floor":10.0,"key":"Pear"},{"floor":26.0,"key":"Akabeko"},{"floor":28.0,"key":"Red Mask"},{"floor":40,"key":"Tiny Chest"},{"floor":43,"key":"The Courier"},{"floor":44,"key":"Gambling Chip"}],"event_choices":[{"damage_healed":0.0,"max_hp_gain":0.0,"max_hp_loss":0.0,"gold_gain":0.0,"event_name":"Wheel of Change","player_choice":"Damaged","floor":3.0,"gold_loss":0.0,"damage_taken":6.0},{"cards_removed":["Strike_P"],"damage_healed":0.0,"max_hp_gain":0.0,"max_hp_loss":0.0,"gold_gain":0.0,"event_name":"Golden Wing","player_choice":"Card Removal","floor":12.0,"gold_loss":0.0,"damage_taken":7.0},{"cards_removed":["Strike_P"],"damage_healed":0.0,"max_hp_gain":0.0,"max_hp_loss":0.0,"gold_gain":0.0,"event_name":"Living Wall","player_choice":"Forget","floor":14.0,"gold_loss":0.0,"damage_taken":0.0},{"damage_healed":0.0,"max_hp_gain":0.0,"max_hp_loss":0.0,"gold_gain":0.0,"event_name":"Match and Keep!","player_choice":"1 cards matched","floor":20.0,"gold_loss":0.0,"damage_taken":0.0,"cards_obtained":["FlowState"]},{"damage_healed":0.0,"max_hp_gain":0.0,"max_hp_loss":0.0,"gold_gain":0.0,"event_name":"Masked Bandits","player_choice":"Fought Bandits","floor":28.0,"gold_loss":0.0,"damage_taken":0.0},{"damage_healed":0.0,"max_hp_gain":0.0,"max_hp_loss":0.0,"gold_gain":99.0,"event_name":"Nest","player_choice":"Stole From Cult","floor":29.0,"gold_loss":0.0,"damage_taken":0.0},{"damage_healed":0.0,"max_hp_gain":0.0,"max_hp_loss":0.0,"gold_gain":0.0,"event_name":"Ghosts","player_choice":"Ignored","floor":30.0,"gold_loss":0.0,"damage_taken":0.0},{"cards_removed":["MasterReality"],"damage_healed":0.0,"max_hp_gain":0.0,"max_hp_loss":0.0,"gold_gain":0.0,"event_name":"WeMeetAgain","player_choice":"Gave Card","floor":36.0,"gold_loss":0.0,"damage_taken":0.0,"relics_obtained":["Toxic Egg 2"]},{"damage_healed":0,"gold_gain":0,"player_choice":"Fight","damage_taken":0,"max_hp_gain":0,"max_hp_loss":0,"event_name":"MindBloom","floor":44,"gold_loss":0},{"damage_healed":0,"gold_gain":222,"player_choice":"Wore Mask","damage_taken":0,"max_hp_gain":0,"max_hp_loss":0,"event_name":"Tomb of Lord Red Mask","floor":47,"gold_loss":0}],"is_beta":true,"boss_relics":[{"not_picked":["SacredBark","Busted Crown"],"picked":"Runic Dome"},{"not_picked":["Snecko Eye","Fusion Hammer"],"picked":"Astrolabe"}],"items_purged_floors":[2,22,31,38,46],"is_endless":false,"potions_floor_spawned":[4,5,7,19,21,24,28,40,42,44,48],"ascension_level":6}