{"path_per_floor":["M","M","M","M","M","R","M","R","T","?","?","M"],"character_chosen":"DEFECT","items_purchased":[],"gold_per_floor":[109,127,138,155,169,169,154,154,154,154,154,164,164],"floor_reached":13,"campfire_rested":0,"playtime":1473,"item_purchase_floors":[],"current_hp_per_floor":[62,60,52,34,29,29,19,19,19,19,19,13,0],"items_purged":[],"gold":164,"score":103,"play_id":"5f7d79c4-4d7c-4026-a867-99498e45bb1e","local_time":"20180608003121","is_prod":false,"is_daily":false,"chose_seed":false,"is_ascension_mode":true,"campfire_upgraded":2,"win_rate":0,"timestamp":1528410681,"campfire_choices":[{"data":"Fusion","floor":6,"key":"SMITH"},{"data":"Fusion","floor":8,"key":"SMITH"}],"path_taken":["M","M","M","M","?","R","M","R","T","?","?","?","M"],"build_version":"2018-05-31","seed_source_timestamp":11610726318725,"purchased_purges":0,"victory":false,"master_deck":["Strike_B","Strike_B","Strike_B","Strike_B","Defend_B","Defend_B","Defend_B","Defend_B","Zap","Dualcast","Fusion+1","Conserve Battery+1","Fusion+1","Coolheaded","Leap","Undo"],"max_hp_per_floor":[75,75,75,75,75,75,75,75,75,75,75,75,75],"relics":["Cracked Core","Peace Pipe"],"card_choices":[{"not_picked":["Beam Cell","Double Energy"],"picked":"Fusion","floor":0},{"not_picked":["Sweeping Beam","Heatsinks"],"picked":"Conserve Battery","floor":1},{"not_picked":["Coolheaded","Hello World"],"picked":"Fusion","floor":2},{"not_picked":["Barrage","Beam Cell"],"picked":"Coolheaded","floor":3},{"not_picked":["Rebound","Gash","Steam"],"picked":"SKIP","floor":4},{"not_picked":["Cold Snap","Redo"],"picked":"Leap","floor":5},{"not_picked":["Rebound","Redo","Coolheaded"],"picked":"SKIP","floor":7},{"not_picked":["Stack","Defragment"],"picked":"Undo","floor":12}],"player_experience":805851,"potions_floor_usage":[7],"damage_taken":[{"damage":6,"enemies":"Cultist","floor":1,"turns":4},{"damage":2,"enemies":"2 Louse","floor":2,"turns":3},{"damage":8,"enemies":"Small Slimes","floor":3,"turns":3},{"damage":18,"enemies":"3 Louse","floor":4,"turns":4},{"damage":5,"enemies":"Exordium Wildlife","floor":5,"turns":3},{"damage":10,"enemies":"Exordium Thugs","floor":7,"turns":5},{"damage":6,"enemies":"3 Louse","floor":12,"turns":5},{"damage":21,"enemies":"Gremlin Gang","floor":13,"turns":3}],"relics_obtained":[{"floor":9,"key":"Peace Pipe"}],"event_choices":[{"event_name":"Upgrade Shrine","player_choice":"Upgraded","floor":10,"damage_taken":0},{"event_name":"Scrap Ooze","player_choice":"unsuccessful","floor":11,"damage_taken":0}],"boss_relics":[],"items_purged_floors":[],"potions_floor_spawned":[4,12],"seed_played":"-6398588850978195583","killed_by":"Gremlin Gang","ascension_level":6,"potions_obtained":[{"floor":4,"key":"SkillPotion"},{"floor":12,"key":"Energy Potion"}],"is_trial":false}