{"gold_per_floor":[113,113,32,52,70,70,70,70,70,29,29,29,39,368,368,446,496,513,513,538,561,561],"floor_reached":22,"playtime":615,"items_purged":[],"score":460,"play_id":"a1ff583f-c51f-4df3-92d3-072e2ca2b513","local_time":"20190916160304","is_ascension_mode":true,"campfire_choices":[{"data":"Armaments","floor":6.0,"key":"SMITH"},{"data":"Searing Blow","floor":8.0,"key":"SMITH"},{"data":"Searing Blow+1","floor":12.0,"key":"SMITH"},{"data":"Searing Blow+2","floor":15.0,"key":"SMITH"}],"neow_cost":"NONE","seed_source_timestamp":512250997348397,"circlet_count":0,"master_deck":["AscendersBane","Strike_R","Strike_R","Strike_R","Defend_R+1","Defend_R+1","Defend_R","Defend_R","Bash","Shrug It Off","Searing Blow+3","Armaments+1","Burning Pact","Evolve+1","Offering","Fire Breathing","Seeing Red"],"special_seed":0,"relics":["SlaversCollar","Pen Nib","Old Coin","Tiny House","Red Mask","Ancient Tea Set"],"potions_floor_usage":[],"damage_taken":[{"damage":2.0,"enemies":"Jaw Worm","floor":1.0,"turns":5.0},{"damage":0.0,"enemies":"2 Louse","floor":4.0,"turns":4.0},{"damage":5.0,"enemies":"Small Slimes","floor":5.0,"turns":4.0},{"damage":10.0,"enemies":"2 Fungi Beasts","floor":13.0,"turns":6.0},{"damage":2.0,"enemies":"3 Sentries","floor":14.0,"turns":8.0},{"damage":0.0,"enemies":"Slime Boss","floor":16.0,"turns":7.0},{"damage":11.0,"enemies":"Shell Parasite","floor":18.0,"turns":10.0},{"damage":24.0,"enemies":"Masked Bandits","floor":20.0,"turns":6.0},{"damage":27,"enemies":"3 Byrds","floor":22,"turns":4}],"seed_played":"2132089372371556377","potions_obtained":[{"floor":4.0,"key":"SpeedPotion"},{"floor":13.0,"key":"Fire Potion"},{"floor":17.0,"key":"Explosive Potion"}],"is_trial":false,"path_per_floor":["M","?","$","M","M","R","?","R","T","$","?","R","M","E","R","B",null,"M","?","?","T","M"],"character_chosen":"IRONCLAD","items_purchased":["Searing Blow","Evolve"],"campfire_rested":0,"item_purchase_floors":[3,10],"current_hp_per_floor":[66,66,66,66,61,61,54,54,54,54,31,31,21,19,19,19,66,55,55,31,31,4],"gold":561,"neow_bonus":"BOSS_RELIC","is_prod":false,"is_daily":false,"chose_seed":false,"campfire_upgraded":4,"win_rate":0,"timestamp":1568620984,"path_taken":["M","?","$","M","M","R","?","R","T","?","?","R","M","E","R","BOSS","M","?","?","?","M"],"build_version":"2019-09-12","purchased_purges":0,"victory":false,"max_hp_per_floor":[75,75,75,75,75,75,75,75,75,75,75,75,75,75,75,75,80,80,80,80,80,80],"card_choices":[{"not_picked":["Clothesline","Havoc"],"picked":"Shrug It Off","floor":1.0},{"not_picked":["Dual Wield","Rampage"],"picked":"Armaments","floor":4.0},{"not_picked":["Flex","Anger"],"picked":"Burning Pact","floor":5.0},{"not_picked":["Havoc","Spot Weakness","Wild Strike"],"picked":"SKIP","floor":13.0},{"not_picked":["Thunderclap","Uppercut","Metallicize"],"picked":"SKIP","floor":14.0},{"not_picked":["Double Tap","Bludgeon"],"picked":"Offering","floor":16.0},{"not_picked":["Heavy Blade","Flex"],"picked":"Fire Breathing","floor":17.0},{"not_picked":["Thunderclap","Warcry"],"picked":"Seeing Red","floor":18.0}],"player_experience":797905,"relics_obtained":[{"floor":9.0,"key":"Pen Nib"},{"floor":14.0,"key":"Old Coin"},{"floor":20.0,"key":"Red Mask"},{"floor":21.0,"key":"Ancient Tea Set"}],"event_choices":[{"cards_removed":["Strike_R"],"damage_healed":0.0,"max_hp_gain":0.0,"max_hp_loss":0.0,"gold_gain":0.0,"event_name":"Living Wall","player_choice":"Forget","floor":2.0,"gold_loss":0.0,"damage_taken":0.0},{"cards_removed":["Strike_R"],"damage_healed":0.0,"max_hp_gain":0.0,"max_hp_loss":0.0,"gold_gain":0.0,"event_name":"Golden Wing","player_choice":"Card Removal","floor":7.0,"gold_loss":0.0,"damage_taken":7.0},{"damage_healed":0.0,"max_hp_gain":0.0,"max_hp_loss":0.0,"gold_gain":0.0,"event_name":"Shining Light","player_choice":"Entered Light","floor":11.0,"gold_loss":0.0,"damage_taken":23.0,"cards_upgraded":["Defend_R","Defend_R"]},{"damage_healed":0.0,"max_hp_gain":0.0,"max_hp_loss":0.0,"gold_gain":0.0,"event_name":"The Mausoleum","player_choice":"Ignored","floor":19.0,"gold_loss":0.0,"damage_taken":0.0},{"damage_healed":0.0,"max_hp_gain":0.0,"max_hp_loss":0.0,"gold_gain":0.0,"event_name":"Masked Bandits","player_choice":"Fought Bandits","floor":20.0,"gold_loss":0.0,"damage_taken":0.0}],"is_beta":true,"boss_relics":[{"not_picked":["Philosopher\u0027s Stone","Black Star"],"picked":"Tiny House"}],"items_purged_floors":[],"is_endless":false,"potions_floor_spawned":[4,13],"killed_by":"3 Byrds","ascension_level":20}