{"gold_per_floor":[110,110,121,121,46,46,71,71,71,84,99,99,133,58,58,133,133,144,244,244,23,41,74,86,116,128,166,178,190,216,256,268,357,369,392,404,416,447,506,546,558,603,641,667,704,731,82,93,93,93,93,93,93,14,47,47],"floor_reached":57,"playtime":3312,"items_purged":["Defend_B"],"score":3212,"play_id":"854a40ae-09ce-4c9b-b7bd-107caf8ad5de","local_time":"20190405235321","is_ascension_mode":true,"campfire_choices":[{"data":"Consume","floor":6.0,"key":"SMITH"},{"data":"Coolheaded","floor":8.0,"key":"SMITH"},{"data":"Darkness","floor":15.0,"key":"SMITH"},{"data":"The Bomb","floor":24.0,"key":"SMITH"},{"data":"Seek","floor":28.0,"key":"SMITH"},{"floor":32.0,"key":"RECALL"},{"data":"Hologram","floor":41.0,"key":"SMITH"},{"floor":49,"key":"REST"},{"data":"Aggregate","floor":53,"key":"SMITH"}],"neow_cost":"TEN_PERCENT_HP_LOSS","seed_source_timestamp":0,"circlet_count":0,"master_deck":["AscendersBane","Strike_B+1","Defend_B","Defend_B+1","Defend_B","Zap","Dualcast+1","Coolheaded+1","Genetic Algorithm","Consume+1","Static Discharge","Darkness+1","Electrodynamics","Reinforced Body+1","White Noise","The Bomb+1","Seek+1","Impervious","Apotheosis","Hologram+1","Feel No Pain+1","Shockwave+1","Skim","Aggregate+1","Redo","Skim","Hologram","Recycle","Glacier","Genetic Algorithm","Consume+1","Glacier","Hologram","Calculated Gamble"],"special_seed":0,"relics":["Cracked Core","StoneCalendar","Blue Candle","Mummified Hand","Snecko Eye","Bird Faced Urn","Shuriken","PrismaticShard","MawBank","Smiling Mask","The Courier","Oddly Smooth Stone","Inserter","Calipers","Frozen Egg 2","Symbiotic Virus","Whetstone","Boot","Happy Flower","DollysMirror","Bag of Marbles"],"potions_floor_usage":[50,51,56],"damage_taken":[{"damage":1.0,"enemies":"Small Slimes","floor":1.0,"turns":4.0},{"damage":3.0,"enemies":"Jaw Worm","floor":3.0,"turns":6.0},{"damage":23.0,"enemies":"3 Sentries","floor":7.0,"turns":7.0},{"damage":6.0,"enemies":"2 Louse","floor":10.0,"turns":3.0},{"damage":8.0,"enemies":"Large Slime","floor":11.0,"turns":5.0},{"damage":0.0,"enemies":"Lagavulin","floor":13.0,"turns":7.0},{"damage":0.0,"enemies":"Hexaghost","floor":16.0,"turns":8.0},{"damage":0.0,"enemies":"Chosen","floor":18.0,"turns":5.0},{"damage":7.0,"enemies":"Colosseum Slavers","floor":19.0,"turns":2.0},{"damage":12.0,"enemies":"Colosseum Nobs","floor":19.0,"turns":3.0},{"damage":0.0,"enemies":"3 Byrds","floor":22.0,"turns":1.0},{"damage":15.0,"enemies":"Gremlin Leader","floor":23.0,"turns":7.0},{"damage":0.0,"enemies":"3 Cultists","floor":25.0,"turns":3.0},{"damage":2.0,"enemies":"Book of Stabbing","floor":27.0,"turns":4.0},{"damage":0.0,"enemies":"Centurion and Healer","floor":30.0,"turns":4.0},{"damage":7.0,"enemies":"Slavers","floor":31.0,"turns":3.0},{"damage":22.0,"enemies":"Collector","floor":33.0,"turns":8.0},{"damage":10.0,"enemies":"Orb Walker","floor":35.0,"turns":3.0},{"damage":0.0,"enemies":"3 Darklings","floor":38.0,"turns":3.0},{"damage":24.0,"enemies":"2 Orb Walkers","floor":39.0,"turns":3.0},{"damage":0.0,"enemies":"Reptomancer","floor":40.0,"turns":4.0},{"damage":39.0,"enemies":"Giant Head","floor":42.0,"turns":9.0},{"damage":0.0,"enemies":"Transient","floor":44.0,"turns":6.0},{"damage":12.0,"enemies":"Nemesis","floor":45.0,"turns":8.0},{"damage":0.0,"enemies":"Jaw Worm Horde","floor":46.0,"turns":4.0},{"damage":0,"enemies":"3 Darklings","floor":48,"turns":6},{"damage":4,"enemies":"Donu and Deca","floor":50,"turns":15},{"damage":0,"enemies":"Awakened One","floor":51,"turns":15},{"damage":0,"enemies":"Shield and Spear","floor":55,"turns":7},{"damage":12,"enemies":"The Heart","floor":56,"turns":15}],"seed_played":"654451182317318203","potions_obtained":[{"floor":7.0,"key":"Swift Potion"},{"floor":11.0,"key":"AttackPotion"},{"floor":18.0,"key":"Poison Potion"},{"floor":22.0,"key":"FearPotion"},{"floor":25.0,"key":"Weak Potion"},{"floor":30.0,"key":"PowerPotion"},{"floor":35.0,"key":"SkillPotion"},{"floor":44.0,"key":"LiquidBronze"},{"floor":45.0,"key":"Block Potion"},{"floor":55,"key":"LiquidBronze"}],"is_trial":false,"path_per_floor":["M","?","M","T","$","R","E","R","T","M","M","?","E","?","R","B",null,"M","?","?","$","M","E","R","M","T","E","R","?","M","E","R","B",null,"M","?","?","M","?","E","R","E","T","M","E","M","$","M","R","B","B",null,"R","$","E","B",null],"character_chosen":"DEFECT","items_purchased":["PrismaticShard","Skim","Aggregate","Redo","Skim","Hologram","Recycle","Glacier","Happy Flower","DollysMirror","Glacier","Hologram"],"campfire_rested":1,"item_purchase_floors":[21,47,47,47,47,47,47,47,47,47,54,54],"current_hp_per_floor":[63,63,60,60,60,60,37,37,37,31,23,4,4,4,4,4,49,49,30,30,30,32,23,23,27,27,31,31,31,35,40,40,24,54,50,50,50,56,36,42,42,9,9,15,11,19,19,27,46,50,56,62,62,62,64,60],"gold":47,"neow_bonus":"ONE_RARE_RELIC","is_prod":false,"is_daily":false,"chose_seed":true,"campfire_upgraded":7,"win_rate":0,"timestamp":1554479601,"path_taken":["M","?","M","?","$","R","E","R","T","M","M","?","E","?","R","BOSS","M","?","?","?","M","E","R","?","T","E","R","?","M","E","R","BOSS","M","?","?","M","?","E","R","E","T","M","E","M","$","M","R","BOSS","BOSS","R","$","E","BOSS"],"build_version":"2019-04-04","purchased_purges":1,"victory":true,"max_hp_per_floor":[64,64,64,64,64,64,64,64,64,64,64,64,64,64,64,64,64,64,64,64,64,64,64,64,64,64,64,64,64,64,64,64,64,64,64,64,64,64,64,64,64,64,64,64,64,64,64,64,64,64,64,64,64,64,64,64],"card_choices":[{"not_picked":["Ball Lightning","Sweeping Beam"],"picked":"Coolheaded","floor":1.0},{"not_picked":["Turbo","Auto Shields"],"picked":"Consume","floor":3.0},{"not_picked":["Auto Shields","Double Energy","Leap"],"picked":"SKIP","floor":7.0},{"not_picked":["Rip and Tear","Melter","Coolheaded"],"picked":"SKIP","floor":10.0},{"not_picked":["Melter","Cold Snap"],"picked":"Static Discharge","floor":11.0},{"not_picked":["Barrage","Skim"],"picked":"Darkness","floor":13.0},{"not_picked":["Machine Learning","Creative AI"],"picked":"Electrodynamics","floor":16.0},{"not_picked":["Conserve Battery","Reprogram","Compile Driver"],"picked":"SKIP","floor":18.0},{"not_picked":["Double Energy","Streamline"],"picked":"Reinforced Body+1","floor":19.0},{"not_picked":["Flex","Heavy Blade+1","Compile Driver"],"picked":"SKIP","floor":22.0},{"not_picked":["Swift Strike","Riddle With Holes"],"picked":"The Bomb","floor":23.0},{"not_picked":["Backflip+1","Predator","Beam Cell+1"],"picked":"SKIP","floor":25.0},{"not_picked":["Gash","Iron Wave"],"picked":"Seek","floor":27.0},{"not_picked":["Rage","Pommel Strike","Dramatic Entrance"],"picked":"SKIP","floor":30.0},{"not_picked":["Cleave+1","Cloak And Dagger","Coolheaded"],"picked":"SKIP","floor":31.0},{"not_picked":["Double Tap","Reboot"],"picked":"Impervious","floor":33.0},{"not_picked":["Pommel Strike","Turbo","Pummel"],"picked":"SKIP","floor":35.0},{"not_picked":["Trip","Enlightenment"],"picked":"Apotheosis","floor":37.0},{"not_picked":["Turbo","Shrug It Off","Heavy Blade"],"picked":"SKIP","floor":38.0},{"not_picked":["Barrage+1","Flying Knee"],"picked":"Hologram","floor":39.0},{"not_picked":["Bandage Up","Ball Lightning","Deflect"],"picked":"SKIP","floor":40.0},{"not_picked":["Quick Slash","Compile Driver","Chrysalis"],"picked":"SKIP","floor":42.0},{"not_picked":["Beam Cell","Conserve Battery"],"picked":"Feel No Pain+1","floor":44.0},{"not_picked":["Blade Dance","Well Laid Plans+1"],"picked":"Shockwave+1","floor":45.0},{"not_picked":["Backflip","Infinite Blades+1","Steam Power+1"],"picked":"SKIP","floor":46.0},{"not_picked":["Beam Cell","Panacea"],"picked":"Consume+1","floor":48},{"not_picked":["Calculated Gamble","Go for the Eyes","Skewer+1"],"picked":"SKIP","floor":55},{"not_picked":["Go for the Eyes","Skewer+1"],"picked":"Calculated Gamble","floor":55}],"player_experience":2992050,"relics_obtained":[{"floor":9.0,"key":"Blue Candle"},{"floor":13.0,"key":"Mummified Hand"},{"floor":19.0,"key":"Bird Faced Urn"},{"floor":19.0,"key":"Shuriken"},{"floor":23.0,"key":"MawBank"},{"floor":26.0,"key":"Smiling Mask"},{"floor":27.0,"key":"The Courier"},{"floor":31.0,"key":"Oddly Smooth Stone"},{"floor":39.0,"key":"Calipers"},{"floor":40.0,"key":"Frozen Egg 2"},{"floor":42.0,"key":"Symbiotic Virus"},{"floor":43.0,"key":"Whetstone"},{"floor":45.0,"key":"Boot"},{"floor":55,"key":"Bag of Marbles"}],"event_choices":[{"damage_healed":0.0,"max_hp_gain":0.0,"max_hp_loss":0.0,"gold_gain":0.0,"cards_transformed":["Strike_B"],"event_name":"Living Wall","player_choice":"Change","floor":2.0,"gold_loss":0.0,"damage_taken":0.0,"cards_obtained":["Genetic Algorithm"]},{"damage_healed":0.0,"max_hp_gain":0.0,"max_hp_loss":0.0,"gold_gain":0.0,"event_name":"Shining Light","player_choice":"Entered Light","floor":12.0,"gold_loss":0.0,"damage_taken":19.0,"cards_upgraded":["Dualcast","Defend_B"]},{"cards_removed":["Strike_B"],"damage_healed":0.0,"max_hp_gain":0.0,"max_hp_loss":0.0,"gold_gain":0.0,"event_name":"The Cleric","player_choice":"Card Removal","floor":14.0,"gold_loss":75.0,"damage_taken":0.0},{"damage_healed":0.0,"max_hp_gain":0.0,"max_hp_loss":0.0,"gold_gain":0.0,"event_name":"Colosseum","player_choice":"Fight","floor":19.0,"gold_loss":0.0,"damage_taken":0.0},{"damage_healed":0.0,"max_hp_gain":0.0,"max_hp_loss":0.0,"gold_gain":0.0,"event_name":"Colosseum","player_choice":"Fought Nobs","floor":19.0,"gold_loss":0.0,"damage_taken":0.0},{"damage_healed":0.0,"max_hp_gain":0.0,"max_hp_loss":0.0,"gold_gain":0.0,"event_name":"The Library","player_choice":"Read","floor":20.0,"gold_loss":0.0,"damage_taken":0.0,"cards_obtained":["White Noise"]},{"cards_removed":["Strike_B"],"damage_healed":0.0,"max_hp_gain":0.0,"max_hp_loss":0.0,"gold_gain":0.0,"event_name":"Back to Basics","player_choice":"Elegance","floor":29.0,"gold_loss":0.0,"damage_taken":0.0},{"damage_healed":0.0,"max_hp_gain":0.0,"max_hp_loss":0.0,"gold_gain":0.0,"event_name":"Tomb of Lord Red Mask","player_choice":"Ignored","floor":36.0,"gold_loss":0.0,"damage_taken":0.0},{"damage_healed":0.0,"max_hp_gain":0.0,"max_hp_loss":0.0,"gold_gain":0.0,"event_name":"SensoryStone","player_choice":"Memory 1","floor":37.0,"gold_loss":0.0,"damage_taken":0.0},{"damage_healed":0.0,"max_hp_gain":0.0,"max_hp_loss":0.0,"gold_gain":0.0,"event_name":"Mysterious Sphere","player_choice":"Fight","floor":39.0,"gold_loss":0.0,"damage_taken":0.0}],"is_beta":true,"boss_relics":[{"not_picked":["Sozu","Pandora\u0027s Box"],"picked":"Snecko Eye"},{"not_picked":["Nuclear Battery","Velvet Choker"],"picked":"Inserter"}],"items_purged_floors":[5],"is_endless":false,"potions_floor_spawned":[7,11,13,18,22,25,30,35,44,45,48,55],"ascension_level":20}