{"gold_per_floor":[117,117,180,193,203,231,5,55,79,119,119,137,150,189,189,315,315,335,100,330,116,166,166,216,342,372,445,478,538,588,621,621,749,749,794,514,532,547,588,588,624,624,624,424,468,506,562,577,577,577],"floor_reached":51,"playtime":6169,"items_purged":["Barrage","Strike_B","Strike_B+1","Dualcast"],"score":1052,"play_id":"02dfa386-38ec-4783-9a2d-a12048da2d18","local_time":"20190921041214","is_ascension_mode":true,"campfire_choices":[{"floor":11.0,"key":"REST"},{"data":"Hologram","floor":15.0,"key":"SMITH"},{"data":"Conserve Battery","floor":23.0,"key":"SMITH"},{"data":"Genetic Algorithm","floor":32.0,"key":"SMITH"},{"data":"Seek","floor":40,"key":"SMITH"},{"data":"FTL","floor":42,"key":"SMITH"},{"data":"Go for the Eyes","floor":49,"key":"SMITH"}],"neow_cost":"NONE","seed_source_timestamp":0,"circlet_count":0,"master_deck":["Defend_B","Defend_B","Defend_B","Defend_B","Zap","Go for the Eyes+1","Gash+1","Echo Form","FTL+1","Gash","Steam","Hologram+1","Conserve Battery+1","Self Repair","Seek+1","Beam Cell","HandOfGreed","Gash","Gash+1","Genetic Algorithm+1","All For One","Conserve Battery+1","Hologram+1"],"special_seed":0,"relics":["Cracked Core","SsserpentHead","Centennial Puzzle","DollysMirror","Golden Idol","Vajra","Omamori","Singing Bowl","Empty Cage","Membership Card","Whetstone","Matryoshka","Red Mask","Tiny Chest","FossilizedHelix","Shuriken","Pen Nib","Meat on the Bone","Philosopher\u0027s Stone","Gremlin Horn","Bag of Marbles","Kunai","Potion Belt","Gambling Chip"],"potions_floor_usage":[46,47,50,50,50],"damage_taken":[{"damage":1.0,"enemies":"Cultist","floor":1.0,"turns":3.0},{"damage":0.0,"enemies":"2 Louse","floor":3.0,"turns":3.0},{"damage":0.0,"enemies":"Small Slimes","floor":4.0,"turns":2.0},{"damage":3.0,"enemies":"Exordium Wildlife","floor":5.0,"turns":5.0},{"damage":13.0,"enemies":"Gremlin Nob","floor":6.0,"turns":4.0},{"damage":5.0,"enemies":"3 Sentries","floor":10.0,"turns":6.0},{"damage":4.0,"enemies":"Blue Slaver","floor":12.0,"turns":2.0},{"damage":5.0,"enemies":"Gremlin Gang","floor":13.0,"turns":4.0},{"damage":6.0,"enemies":"Lagavulin","floor":14.0,"turns":7.0},{"damage":6.0,"enemies":"Hexaghost","floor":16.0,"turns":9.0},{"damage":11.0,"enemies":"Spheric Guardian","floor":18.0,"turns":4.0},{"damage":24.0,"enemies":"Masked Bandits","floor":25.0,"turns":5.0},{"damage":0.0,"enemies":"Chosen","floor":27.0,"turns":3.0},{"damage":0.0,"enemies":"Centurion and Healer","floor":28.0,"turns":9.0},{"damage":9.0,"enemies":"Book of Stabbing","floor":29.0,"turns":4.0},{"damage":9.0,"enemies":"Cultist and Chosen","floor":31.0,"turns":6.0},{"damage":30.0,"enemies":"Collector","floor":33.0,"turns":8.0},{"damage":13.0,"enemies":"3 Darklings","floor":35.0,"turns":4.0},{"damage":0.0,"enemies":"3 Shapes","floor":37.0,"turns":4.0},{"damage":19.0,"enemies":"Spire Growth","floor":38.0,"turns":5.0},{"damage":0,"enemies":"3 Darklings","floor":39,"turns":9},{"damage":4,"enemies":"Reptomancer","floor":41,"turns":5},{"damage":0,"enemies":"Nemesis","floor":45,"turns":3},{"damage":0,"enemies":"4 Shapes","floor":46,"turns":6},{"damage":0,"enemies":"Jaw Worm Horde","floor":47,"turns":4},{"damage":0,"enemies":"Spire Growth","floor":48,"turns":3},{"damage":1,"enemies":"Awakened One","floor":50,"turns":5}],"seed_played":"614105625556989031","potions_obtained":[{"floor":4.0,"key":"AttackPotion"},{"floor":5.0,"key":"FocusPotion"},{"floor":12.0,"key":"FearPotion"},{"floor":14.0,"key":"SkillPotion"},{"floor":18.0,"key":"GamblersBrew"},{"floor":28.0,"key":"Swift Potion"},{"floor":29.0,"key":"FearPotion"},{"floor":39,"key":"Explosive Potion"},{"floor":45,"key":"PowerPotion"},{"floor":46,"key":"AttackPotion"},{"floor":47,"key":"Regen Potion"}],"is_trial":false,"path_per_floor":["M","?","M","M","M","E","$","?","T","E","R","M","M","E","R","B",null,"M","$","?","$","T","R","?","?","T","M","M","E","T","M","R","B",null,"M","$","M","M","M","R","E","R","T","$","E","M","M","M","R","B",null],"character_chosen":"DEFECT","items_purchased":["FTL","DollysMirror","Membership Card","HandOfGreed","Whetstone","GamblersBrew","Gremlin Horn","PowerPotion","FearPotion","Potion Belt","PowerPotion","SpeedPotion"],"campfire_rested":1,"item_purchase_floors":[7,7,19,21,21,36,36,36,36,44,44,44],"current_hp_per_floor":[67,67,67,67,64,51,51,33,33,28,50,46,41,35,35,36,65,61,61,40,40,40,40,40,23,23,30,46,44,44,56,56,45,71,60,60,69,64,78,78,85,85,85,85,87,89,91,93,93,93],"gold":577,"neow_bonus":"THREE_CARDS","is_prod":false,"is_daily":false,"chose_seed":false,"campfire_upgraded":6,"win_rate":0,"timestamp":1569053534,"path_taken":["M","?","?","M","M","E","$","?","T","E","R","M","M","E","R","BOSS","M","$","?","$","?","R","?","?","T","?","M","E","?","M","R","BOSS","M","$","M","M","M","R","E","R","T","$","E","M","M","M","R","BOSS"],"build_version":"2019-07-17","purchased_purges":4,"victory":true,"max_hp_per_floor":[75,75,75,75,75,75,75,75,75,75,75,75,75,75,75,75,75,75,75,75,75,75,75,75,75,75,75,77,77,77,79,79,79,79,81,81,83,83,83,83,85,85,85,85,87,89,91,93,93,93],"card_choices":[{"not_picked":["Leap","Steam"],"picked":"Barrage","floor":0.0},{"not_picked":["Doom and Gloom","Compile Driver"],"picked":"Go for the Eyes","floor":1.0},{"not_picked":["Barrage","Go for the Eyes","Darkness"],"picked":"SKIP","floor":3.0},{"not_picked":["Sweeping Beam","Leap"],"picked":"Gash","floor":4.0},{"not_picked":["Redo","Cold Snap","Consume"],"picked":"SKIP","floor":5.0},{"not_picked":["Rebound","Hologram"],"picked":"Echo Form","floor":6.0},{"not_picked":["Hello World","Sunder"],"picked":"Steam","floor":10.0},{"not_picked":["White Noise","Hologram","Go for the Eyes"],"picked":"SKIP","floor":12.0},{"not_picked":["White Noise","Go for the Eyes"],"picked":"Hologram","floor":12.0},{"not_picked":["Chaos","Sweeping Beam"],"picked":"Conserve Battery","floor":13.0},{"not_picked":["Turbo","Rebound"],"picked":"Self Repair","floor":14.0},{"not_picked":["Electrodynamics","Rainbow"],"picked":"Seek","floor":16.0},{"not_picked":["Double Energy","Cold Snap+1"],"picked":"Beam Cell","floor":18.0},{"not_picked":["Darkness","Coolheaded"],"picked":"Gash","floor":25.0},{"not_picked":["Rebound+1","Streamline+1"],"picked":"Gash+1","floor":27.0},{"not_picked":["Streamline","Cold Snap+1","Conserve Battery"],"picked":"Singing Bowl","floor":28.0},{"not_picked":["Beam Cell","Scrape"],"picked":"Genetic Algorithm","floor":29.0},{"not_picked":["Conserve Battery","Melter+1","Cold Snap"],"picked":"Singing Bowl","floor":31.0},{"not_picked":["Creative AI","Meteor Strike"],"picked":"All For One","floor":33.0},{"not_picked":["Consume+1","Sunder+1","Lockon"],"picked":"Singing Bowl","floor":35.0},{"not_picked":["Leap+1","Sunder","Scrape"],"picked":"Singing Bowl","floor":37.0},{"not_picked":["Fusion","Compile Driver+1"],"picked":"Conserve Battery+1","floor":38.0},{"not_picked":["Rebound","Compile Driver+1"],"picked":"Hologram+1","floor":39},{"not_picked":["Ball Lightning","Reprogram+1","Static Discharge+1"],"picked":"Singing Bowl","floor":41},{"not_picked":["Beam Cell+1","FTL+1","Conserve Battery+1"],"picked":"Singing Bowl","floor":45},{"not_picked":["Multi-Cast","Melter+1","Undo"],"picked":"Singing Bowl","floor":46},{"not_picked":["Turbo+1","Coolheaded+1","Glacier+1"],"picked":"Singing Bowl","floor":47},{"not_picked":["Go for the Eyes+1","Lockon+1","Conserve Battery"],"picked":"Singing Bowl","floor":48}],"player_experience":294667,"relics_obtained":[{"floor":6.0,"key":"Centennial Puzzle"},{"floor":9.0,"key":"Vajra"},{"floor":10.0,"key":"Omamori"},{"floor":14.0,"key":"Singing Bowl"},{"floor":22.0,"key":"Matryoshka"},{"floor":25.0,"key":"Red Mask"},{"floor":26.0,"key":"Tiny Chest"},{"floor":26.0,"key":"FossilizedHelix"},{"floor":29.0,"key":"Shuriken"},{"floor":30.0,"key":"Pen Nib"},{"floor":30.0,"key":"Meat on the Bone"},{"floor":41,"key":"Bag of Marbles"},{"floor":43,"key":"Kunai"},{"floor":45,"key":"Gambling Chip"}],"event_choices":[{"damage_healed":0.0,"max_hp_gain":0.0,"max_hp_loss":0.0,"gold_gain":0.0,"event_name":"FaceTrader","player_choice":"Trade","floor":2.0,"gold_loss":0.0,"damage_taken":0.0,"relics_obtained":["SsserpentHead"]},{"damage_healed":0.0,"max_hp_gain":0.0,"max_hp_loss":0.0,"gold_gain":0.0,"event_name":"Golden Idol","player_choice":"Take Damage","floor":8.0,"gold_loss":0.0,"damage_taken":18.0,"relics_obtained":["Golden Idol"]},{"damage_healed":0.0,"max_hp_gain":0.0,"max_hp_loss":0.0,"gold_gain":180.0,"event_name":"Knowing Skull","player_choice":"GOLD GOLD ","floor":20.0,"potions_obtained":[],"gold_loss":0.0,"damage_taken":21.0,"cards_obtained":[]},{"damage_healed":0.0,"max_hp_gain":0.0,"max_hp_loss":0.0,"gold_gain":0.0,"event_name":"The Mausoleum","player_choice":"Ignored","floor":24.0,"gold_loss":0.0,"damage_taken":0.0},{"damage_healed":0.0,"max_hp_gain":0.0,"max_hp_loss":0.0,"gold_gain":0.0,"event_name":"Masked Bandits","player_choice":"Fought Bandits","floor":25.0,"gold_loss":0.0,"damage_taken":0.0}],"is_beta":false,"boss_relics":[{"not_picked":["White Beast Statue","Runic Pyramid"],"picked":"Empty Cage"},{"not_picked":["Velvet Choker","Calling Bell"],"picked":"Philosopher\u0027s Stone"}],"items_purged_floors":[19,21,36,44],"is_endless":false,"potions_floor_spawned":[4,5,12,14,18,28,29,37,39,45,46,47],"ascension_level":7}