{"gold_per_floor":[112,112,112,112,124,150,150,185,212,212,222,237,82,116,116,187,187,198,98,131,131,145,145,157,157,184,196,221,253,282,130,130,204,204,214,614,614,628,641,641,360,385,409,437,450,460,285,285,285,285,285,285,285,12,38,38],"floor_reached":57,"playtime":2209,"items_purged":["Strike_R","Strike_R","Bash","Strike_R+1","Strike_R+1"],"score":2860,"play_id":"b29a4142-fd2f-4b2f-b6d7-22894c577514","local_time":"20190830184010","is_ascension_mode":true,"campfire_choices":[{"data":"Dark Embrace","floor":7.0,"key":"SMITH"},{"data":"Body Slam","floor":15.0,"key":"SMITH"},{"data":"Second Wind","floor":23.0,"key":"SMITH"},{"data":"Feel No Pain","floor":25.0,"key":"SMITH"},{"data":"Rage","floor":32.0,"key":"SMITH"},{"floor":40.0,"key":"RECALL"},{"data":"Apotheosis","floor":49.0,"key":"SMITH"},{"data":"Evolve","floor":53.0,"key":"SMITH"}],"neow_cost":"NONE","seed_source_timestamp":1315020514942600,"circlet_count":0,"master_deck":["AscendersBane","Defend_R","Defend_R","Defend_R","Defend_R","Dark Embrace+1","Body Slam+1","Second Wind+1","Feel No Pain+1","Feel No Pain","Rage+1","Warcry+1","Entrench+1","Impatience","Evolve+1","Disarm+1","Pommel Strike","Purity","Apotheosis+1"],"special_seed":0,"relics":["Burning Blood","NeowsBlessing","Lantern","Happy Flower","Centennial Puzzle","Whetstone","Mercury Hourglass","Potion Belt","Mark of Pain","Red Mask","MawBank","Calling Bell","Oddly Smooth Stone","Meat on the Bone","Gambling Chip","Old Coin","Bronze Scales","Pen Nib","Art of War","ClockworkSouvenir","Unceasing Top"],"potions_floor_usage":[56,56,56],"damage_taken":[{"damage":0.0,"enemies":"2 Louse","floor":1.0,"turns":1.0},{"damage":0.0,"enemies":"Small Slimes","floor":5.0,"turns":1.0},{"damage":0.0,"enemies":"3 Sentries","floor":6.0,"turns":2.0},{"damage":40.0,"enemies":"Lagavulin","floor":8.0,"turns":7.0},{"damage":12.0,"enemies":"Jaw Worm","floor":11.0,"turns":2.0},{"damage":17.0,"enemies":"Gremlin Gang","floor":12.0,"turns":5.0},{"damage":15.0,"enemies":"3 Sentries","floor":14.0,"turns":9.0},{"damage":18.0,"enemies":"Slime Boss","floor":16.0,"turns":6.0},{"damage":0.0,"enemies":"Chosen","floor":18.0,"turns":4.0},{"damage":44.0,"enemies":"Masked Bandits","floor":20.0,"turns":4.0},{"damage":13.0,"enemies":"3 Byrds","floor":22.0,"turns":4.0},{"damage":12.0,"enemies":"Shelled Parasite and Fungi","floor":24.0,"turns":2.0},{"damage":8.0,"enemies":"3 Cultists","floor":27.0,"turns":4.0},{"damage":0.0,"enemies":"Centurion and Healer","floor":29.0,"turns":6.0},{"damage":14.0,"enemies":"Cultist and Chosen","floor":30.0,"turns":6.0},{"damage":45.0,"enemies":"Collector","floor":33.0,"turns":5.0},{"damage":39.0,"enemies":"3 Darklings","floor":35.0,"turns":6.0},{"damage":26.0,"enemies":"Mind Bloom Boss Battle","floor":36.0,"turns":9.0},{"damage":16.0,"enemies":"Orb Walker","floor":38.0,"turns":4.0},{"damage":15.0,"enemies":"Writhing Mass","floor":39.0,"turns":7.0},{"damage":10.0,"enemies":"Nemesis","floor":42.0,"turns":3.0},{"damage":8.0,"enemies":"Giant Head","floor":44.0,"turns":3.0},{"damage":0.0,"enemies":"Maw","floor":45.0,"turns":2.0},{"damage":3.0,"enemies":"3 Darklings","floor":46.0,"turns":2.0},{"damage":0.0,"enemies":"Time Eater","floor":50.0,"turns":6.0},{"damage":11.0,"enemies":"Donu and Deca","floor":51.0,"turns":2.0},{"damage":2.0,"enemies":"Shield and Spear","floor":55.0,"turns":3.0},{"damage":8,"enemies":"The Heart","floor":56,"turns":6}],"seed_played":"-4367846391960985460","potions_obtained":[{"floor":1.0,"key":"Poison Potion"},{"floor":6.0,"key":"Weak Potion"},{"floor":8.0,"key":"Block Potion"},{"floor":11.0,"key":"Ancient Potion"},{"floor":24.0,"key":"SkillPotion"},{"floor":27.0,"key":"SkillPotion"},{"floor":29.0,"key":"Dexterity Potion"},{"floor":30.0,"key":"Fruit Juice"},{"floor":33.0,"key":"Weak Potion"},{"floor":38.0,"key":"Swift Potion"},{"floor":39.0,"key":"SteroidPotion"},{"floor":45.0,"key":"Block Potion"},{"floor":46.0,"key":"BloodPotion"},{"floor":55.0,"key":"Fruit Juice"}],"is_trial":false,"path_per_floor":["M","?","?","T","M","E","R","E","T","T","M","M","$","E","R","B",null,"M","$","?","?","M","R","M","R","T","M","T","M","M","$","R","B",null,"M","?","?","M","M","R","$","E","T","E","M","M","$","?","R","B","B",null,"R","$","E","B",null],"character_chosen":"IRONCLAD","items_purchased":["Second Wind","Rage","Impatience","Evolve","ClockworkSouvenir","PowerPotion"],"campfire_rested":0,"item_purchase_floors":[13,31,41,41,54,54],"current_hp_per_floor":[74,74,79,79,80,80,80,46,46,46,40,29,29,20,20,8,62,68,68,30,80,73,73,67,67,67,65,65,71,68,68,68,29,71,50,42,42,44,47,47,47,55,55,53,59,62,62,52,52,58,53,74,74,74,83,86],"gold":38,"neow_bonus":"THREE_ENEMY_KILL","is_prod":false,"is_daily":false,"chose_seed":false,"campfire_upgraded":7,"win_rate":0,"timestamp":1567161610,"path_taken":["M","?","?","?","?","E","R","E","T","?","M","?","?","E","R","BOSS","M","$","?","?","M","R","?","R","T","M","?","?","M","$","R","BOSS","M","?","?","?","M","R","$","E","T","E","M","M","$","?","R","BOSS","BOSS","R","$","E","BOSS"],"build_version":"2019-08-26","purchased_purges":5,"victory":true,"max_hp_per_floor":[75,75,80,80,80,80,80,80,80,80,80,80,80,80,80,80,80,80,80,80,80,80,80,80,80,80,80,80,80,85,85,85,85,85,85,85,81,81,81,81,81,81,81,81,81,81,81,81,81,81,81,81,81,81,86,86],"card_choices":[{"not_picked":["Blood for Blood","Wild Strike","Flex"],"picked":"SKIP","floor":1.0},{"not_picked":["Sword Boomerang","Disarm"],"picked":"Inflame","floor":5.0},{"not_picked":["Thunderclap","Uppercut"],"picked":"Dark Embrace","floor":6.0},{"not_picked":["Metallicize","Warcry","Blood for Blood"],"picked":"SKIP","floor":8.0},{"not_picked":["Perfected Strike","Corruption","Armaments"],"picked":"SKIP","floor":11.0},{"not_picked":["Pommel Strike","Brutality"],"picked":"Body Slam","floor":12.0},{"not_picked":["Second Wind","Combust","Infernal Blade"],"picked":"SKIP","floor":14.0},{"not_picked":["Rage","Clothesline","Spot Weakness"],"picked":"SKIP","floor":18.0},{"not_picked":["Metallicize","Ghostly Armor"],"picked":"Feel No Pain","floor":20.0},{"not_picked":["Dual Wield+1","Havoc","Heavy Blade"],"picked":"SKIP","floor":22.0},{"not_picked":["Perfected Strike","Cleave","Thunderclap"],"picked":"SKIP","floor":24.0},{"not_picked":["Twin Strike+1","Feed","Warcry"],"picked":"SKIP","floor":27.0},{"not_picked":["Iron Wave","Heavy Blade"],"picked":"Feel No Pain","floor":29.0},{"not_picked":["Thunderclap","Warcry","Spot Weakness"],"picked":"SKIP","floor":30.0},{"not_picked":["Rampage","Corruption+1"],"picked":"Warcry+1","floor":35.0},{"not_picked":["Dual Wield","Havoc","Disarm"],"picked":"SKIP","floor":38.0},{"not_picked":["Headbutt+1","Heavy Blade"],"picked":"Entrench+1","floor":39.0},{"not_picked":["Sentinel+1","Clash","Fire Breathing"],"picked":"SKIP","floor":42.0},{"not_picked":["Thunderclap+1","Clash+1","Havoc"],"picked":"SKIP","floor":44.0},{"not_picked":["Anger","Perfected Strike+1"],"picked":"Disarm+1","floor":45.0},{"not_picked":["Rage","Perfected Strike"],"picked":"Pommel Strike","floor":46.0},{"not_picked":["Impatience","HandOfGreed"],"picked":"Purity","floor":48.0},{"not_picked":["Swift Strike","Jack Of All Trades"],"picked":"Apotheosis","floor":48.0},{"not_picked":["Clash+1","Body Slam","Uppercut+1"],"picked":"SKIP","floor":55.0}],"player_experience":3136231,"relics_obtained":[{"floor":4.0,"key":"Lantern"},{"floor":6.0,"key":"Happy Flower"},{"floor":8.0,"key":"Centennial Puzzle"},{"floor":9.0,"key":"Whetstone"},{"floor":10.0,"key":"Mercury Hourglass"},{"floor":14.0,"key":"Potion Belt"},{"floor":20.0,"key":"Red Mask"},{"floor":28.0,"key":"MawBank"},{"floor":34.0,"key":"Oddly Smooth Stone"},{"floor":34.0,"key":"Meat on the Bone"},{"floor":34.0,"key":"Gambling Chip"},{"floor":36.0,"key":"Old Coin"},{"floor":42.0,"key":"Bronze Scales"},{"floor":43.0,"key":"Pen Nib"},{"floor":44.0,"key":"Art of War"},{"floor":55.0,"key":"Unceasing Top"}],"event_choices":[{"cards_removed":["Strike_R"],"damage_healed":0.0,"max_hp_gain":0.0,"max_hp_loss":0.0,"gold_gain":0.0,"event_name":"Living Wall","player_choice":"Forget","floor":2.0,"gold_loss":0.0,"damage_taken":0.0},{"damage_healed":0.0,"max_hp_gain":5.0,"max_hp_loss":0.0,"gold_gain":0.0,"event_name":"Big Fish","player_choice":"Donut","floor":3.0,"gold_loss":0.0,"damage_taken":0.0},{"damage_healed":0.0,"max_hp_gain":0.0,"max_hp_loss":0.0,"gold_gain":0.0,"event_name":"Masked Bandits","player_choice":"Fought Bandits","floor":20.0,"gold_loss":0.0,"damage_taken":0.0},{"cards_removed":["Inflame"],"damage_healed":50.0,"max_hp_gain":0.0,"max_hp_loss":0.0,"gold_gain":0.0,"event_name":"Bonfire Elementals","player_choice":"Offered Uncommon","floor":21.0,"gold_loss":0.0,"damage_taken":0.0},{"damage_healed":0.0,"max_hp_gain":0.0,"max_hp_loss":0.0,"gold_gain":0.0,"event_name":"MindBloom","player_choice":"Fight","floor":36.0,"gold_loss":0.0,"damage_taken":0.0},{"damage_healed":0.0,"max_hp_gain":0.0,"max_hp_loss":4.0,"gold_gain":0.0,"event_name":"Winding Halls","player_choice":"Max HP","floor":37.0,"gold_loss":0.0,"damage_taken":0.0},{"damage_healed":0.0,"max_hp_gain":0.0,"max_hp_loss":0.0,"gold_gain":0.0,"event_name":"SensoryStone","player_choice":"Memory 3","floor":48.0,"gold_loss":0.0,"damage_taken":10.0}],"is_beta":true,"boss_relics":[{"not_picked":["Lizard Tail","Fusion Hammer"],"picked":"Mark of Pain"},{"not_picked":["Orrery","Philosopher\u0027s Stone"],"picked":"Calling Bell"}],"items_purged_floors":[13,19,31,41,47],"is_endless":false,"potions_floor_spawned":[1,6,8,11,24,27,29,30,33,38,39,45,46,55],"ascension_level":20}