{"gold_per_floor":[118,118,43,43,93,123,137,155,155,170,185,185,185,224,224,320,320,339,339],"floor_reached":19,"playtime":468,"items_purged":["Regret"],"score":554,"play_id":"589cc92c-3660-4198-a1f4-447a488fc8b9","local_time":"20190407121850","is_ascension_mode":true,"campfire_choices":[{"data":"Streamline","floor":12.0,"key":"SMITH"},{"data":"Dualcast","floor":15.0,"key":"SMITH"}],"neow_cost":"NONE","seed_source_timestamp":1479976025279009,"circlet_count":0,"master_deck":["AscendersBane","Strike_B","Strike_B","Strike_B","Strike_B+1","Defend_B+1","Defend_B","Defend_B","Defend_B","Zap","Dualcast+1","Coolheaded","Glacier","Streamline+1","Ball Lightning","Skim","Electrodynamics","Fission","Barrage"],"special_seed":0,"relics":["Cracked Core","NeowsBlessing","Question Card","Omamori","Shuriken","Golden Idol","Du-Vu Doll","Snecko Eye"],"potions_floor_usage":[],"damage_taken":[{"damage":0.0,"enemies":"2 Louse","floor":1.0,"turns":1.0},{"damage":0.0,"enemies":"Gremlin Nob","floor":6.0,"turns":1.0},{"damage":0.0,"enemies":"Small Slimes","floor":7.0,"turns":1.0},{"damage":0.0,"enemies":"Cultist","floor":8.0,"turns":4.0},{"damage":20.0,"enemies":"Lots of Slimes","floor":10.0,"turns":4.0},{"damage":1.0,"enemies":"Large Slime","floor":11.0,"turns":7.0},{"damage":0.0,"enemies":"Lagavulin","floor":14.0,"turns":7.0},{"damage":0.0,"enemies":"Slime Boss","floor":16.0,"turns":7.0},{"damage":8.0,"enemies":"3 Byrds","floor":18.0,"turns":2.0}],"seed_played":"-1140100878323901527","potions_obtained":[{"floor":7.0,"key":"Fruit Juice"},{"floor":8.0,"key":"PowerPotion"},{"floor":10.0,"key":"LiquidBronze"},{"floor":11.0,"key":"GamblersBrew"},{"floor":18.0,"key":"SmokeBomb"}],"is_trial":false,"path_per_floor":["M","?","$","?","?","E","M","M","T","M","M","R","?","E","R","B",null,"M","?"],"character_chosen":"DEFECT","items_purchased":[],"campfire_rested":0,"item_purchase_floors":[],"current_hp_per_floor":[64,64,64,43,43,43,48,48,48,28,27,27,27,27,27,27,59,51,51],"gold":339,"neow_bonus":"THREE_ENEMY_KILL","is_prod":false,"is_daily":false,"chose_seed":false,"campfire_upgraded":2,"win_rate":0,"timestamp":1554610730,"path_taken":["M","?","$","?","?","E","M","?","T","?","?","R","?","E","R","BOSS","M","?"],"build_version":"2019-04-04","purchased_purges":1,"victory":false,"max_hp_per_floor":[71,71,71,71,71,71,76,76,76,76,76,76,69,69,69,69,69,69,69],"card_choices":[{"not_picked":["Redo","Beam Cell"],"picked":"BootSequence","floor":1.0},{"not_picked":["Redo","Self Repair","Force Field"],"picked":"Coolheaded","floor":6.0},{"not_picked":["Loop","Static Discharge","Go for the Eyes"],"picked":"Glacier","floor":7.0},{"not_picked":["Sweeping Beam","Gash","Heatsinks"],"picked":"Go for the Eyes","floor":8.0},{"not_picked":["Glacier","Force Field","Steam"],"picked":"Streamline","floor":10.0},{"not_picked":["Cold Snap","Melter","Machine Learning"],"picked":"Ball Lightning","floor":11.0},{"not_picked":["Steam","Hologram","Conserve Battery"],"picked":"Skim","floor":14.0},{"not_picked":["Multi-Cast","Buffer","Fission"],"picked":"Electrodynamics","floor":16.0},{"not_picked":["Redo","Leap","Ball Lightning","Coolheaded"],"picked":"SKIP","floor":18.0}],"player_experience":3002634,"relics_obtained":[{"floor":6.0,"key":"Omamori"},{"floor":9.0,"key":"Shuriken"},{"floor":14.0,"key":"Du-Vu Doll"}],"event_choices":[{"damage_healed":0.0,"max_hp_gain":0.0,"max_hp_loss":0.0,"gold_gain":0.0,"event_name":"Big Fish","player_choice":"Box","floor":2.0,"gold_loss":0.0,"damage_taken":0.0,"relics_obtained":["Question Card"],"cards_obtained":["Regret"]},{"damage_healed":0.0,"max_hp_gain":0.0,"max_hp_loss":0.0,"gold_gain":0.0,"event_name":"Shining Light","player_choice":"Entered Light","floor":4.0,"gold_loss":0.0,"damage_taken":21.0,"cards_upgraded":["Defend_B","Strike_B"]},{"damage_healed":0.0,"max_hp_gain":0.0,"max_hp_loss":0.0,"gold_gain":50.0,"event_name":"Golden Shrine","player_choice":"Pray","floor":5.0,"gold_loss":0.0,"damage_taken":0.0},{"damage_healed":0.0,"max_hp_gain":0.0,"max_hp_loss":7.0,"gold_gain":0.0,"event_name":"Golden Idol","player_choice":"Lose Max HP","floor":13.0,"gold_loss":0.0,"damage_taken":0.0,"relics_obtained":["Golden Idol"]},{"damage_healed":0,"gold_gain":0,"cards_transformed":["Go for the Eyes","BootSequence"],"player_choice":"Became Test Subject","damage_taken":0,"max_hp_gain":0,"max_hp_loss":0,"event_name":"Drug Dealer","floor":19,"gold_loss":0,"cards_obtained":["Fission","Barrage"]}],"is_beta":true,"boss_relics":[{"not_picked":["Pandora\u0027s Box","Sozu"],"picked":"Snecko Eye"}],"items_purged_floors":[3],"is_endless":false,"potions_floor_spawned":[7,8,10,11,18],"ascension_level":20}