{"gold_per_floor":[115,115,190,115,115,115,146,30,106,142,158,58,71,84,84,84],"floor_reached":16,"playtime":315,"items_purged":["Strike_G","Strike_G"],"score":316,"play_id":"7ad96c1e-b15b-4c08-a75b-0f42a35b8561","local_time":"20190816042541","is_ascension_mode":true,"campfire_choices":[{"data":"Neutralize","floor":6,"key":"SMITH"},{"data":"Noxious Fumes","floor":15,"key":"SMITH"}],"neow_cost":"NONE","seed_source_timestamp":90192704218127,"circlet_count":0,"master_deck":["AscendersBane","Strike_G","Strike_G","Defend_G","Defend_G","Defend_G","Defend_G","Defend_G","Survivor","Neutralize+1","PiercingWail","Adrenaline","Well Laid Plans","Reflex+1","Noxious Fumes+1","Distraction+1","Tactician+1"],"relics":["Ring of the Snake","NeowsBlessing","Golden Idol","Ancient Tea Set","Darkstone Periapt","Toxic Egg 2","Ginger"],"potions_floor_usage":[11,16,16],"damage_taken":[{"damage":0,"enemies":"2 Louse","floor":1,"turns":1},{"damage":0,"enemies":"3 Sentries","floor":7,"turns":1},{"damage":0,"enemies":"Gremlin Nob","floor":10,"turns":1},{"damage":1,"enemies":"Small Slimes","floor":11,"turns":4},{"damage":1,"enemies":"Jaw Worm","floor":13,"turns":5},{"damage":4,"enemies":"Large Slime","floor":14,"turns":10},{"damage":57,"enemies":"Slime Boss","floor":16,"turns":9}],"seed_played":"2555238900585595651","potions_obtained":[{"floor":7,"key":"Fruit Juice"},{"floor":10,"key":"GamblersBrew"},{"floor":14,"key":"Regen Potion"}],"is_trial":false,"path_per_floor":["M","?","?","?","?","R","E","$","T","E","M","$","M","M","R","B"],"character_chosen":"THE_SILENT","items_purchased":["Well Laid Plans"],"campfire_rested":0,"item_purchase_floors":[8],"current_hp_per_floor":[59,59,48,48,43,43,43,43,43,43,47,47,46,42,42,0],"gold":84,"neow_bonus":"THREE_ENEMY_KILL","is_prod":false,"is_daily":false,"chose_seed":false,"campfire_upgraded":2,"win_rate":0,"timestamp":1565897141,"path_taken":["M","?","?","?","?","R","E","$","T","E","M","?","M","?","R","BOSS"],"build_version":"2019-07-17","purchased_purges":2,"victory":false,"max_hp_per_floor":[66,60,60,60,60,60,60,60,60,60,65,65,65,65,65,65],"card_choices":[{"not_picked":["Dodge and Roll","Flying Knee"],"picked":"PiercingWail","floor":1},{"not_picked":["Dagger Spray","Backflip"],"picked":"Adrenaline","floor":7},{"not_picked":["Prepared+1","Outmaneuver+1"],"picked":"Reflex+1","floor":10},{"not_picked":["Underhanded Strike","Outmaneuver+1"],"picked":"Noxious Fumes","floor":11},{"not_picked":["Riddle With Holes","Slice"],"picked":"Distraction+1","floor":13},{"not_picked":["Dagger Throw","Slice"],"picked":"Tactician+1","floor":14}],"player_experience":905094,"relics_obtained":[{"floor":7,"key":"Darkstone Periapt"},{"floor":9,"key":"Toxic Egg 2"},{"floor":10,"key":"Ginger"}],"event_choices":[{"damage_healed":0,"gold_gain":0,"player_choice":"Lose Max HP","damage_taken":0,"relics_obtained":["Golden Idol"],"max_hp_gain":0,"max_hp_loss":6,"event_name":"Golden Idol","floor":2,"gold_loss":0},{"damage_healed":0,"gold_gain":75,"player_choice":"Gather Gold","damage_taken":11,"max_hp_gain":0,"max_hp_loss":0,"event_name":"World of Goop","floor":3,"gold_loss":0},{"cards_removed":["Strike_G"],"damage_healed":0,"gold_gain":0,"player_choice":"Card Removal","damage_taken":0,"max_hp_gain":0,"max_hp_loss":0,"event_name":"The Cleric","floor":4,"gold_loss":75},{"damage_healed":0,"gold_gain":0,"player_choice":"Success","damage_taken":5,"relics_obtained":["Ancient Tea Set"],"max_hp_gain":0,"max_hp_loss":0,"event_name":"Scrap Ooze","floor":5,"gold_loss":0}],"is_beta":false,"boss_relics":[],"items_purged_floors":[8,12],"is_endless":false,"potions_floor_spawned":[7,10,14],"killed_by":"Slime Boss","ascension_level":20}