{"gold_per_floor":[110,127,127,52,52,381,381,397,397,137,137,152,45,78,78,149,149,164,178,128,144,144,144,161,161,161,176,126,139,5,5,5,82,82,96,114,134,134,134,134,166,166,166,166,186,219,219,236,236,236,236,236,236,43,76,76],"floor_reached":57,"playtime":2354,"items_purged":["Pain","Strike_G","Strike_G","Strike_G","Strike_G","All Out Attack+1","Defend_G"],"score":3244,"play_id":"f0287870-0e18-4e95-a731-7159406a7661","local_time":"20190813133803","is_ascension_mode":true,"campfire_choices":[{"data":"All Out Attack","floor":7.0,"key":"SMITH"},{"data":"Flechettes","floor":11.0,"key":"SMITH"},{"data":"Tactician","floor":15.0,"key":"SMITH"},{"data":"Well Laid Plans","floor":23.0,"key":"SMITH"},{"floor":25.0,"key":"REST"},{"floor":32.0,"key":"RECALL"},{"data":"Reflex","floor":40.0,"key":"SMITH"},{"data":"Reflex","floor":44.0,"key":"SMITH"},{"data":"Acrobatics","floor":49.0,"key":"SMITH"},{"data":"Well Laid Plans","floor":53.0,"key":"SMITH"}],"neow_cost":"NONE","seed_source_timestamp":605348128989860,"circlet_count":0,"master_deck":["AscendersBane","Defend_G","Defend_G","Survivor","Neutralize","Endless Agony","Venomology","Flechettes+1","Well Laid Plans+1","Tactician+1","Escape Plan","Well Laid Plans+1","Burst","Calculated Gamble+1","Reflex+1","Backflip","Reflex+1","Grand Finale","Acrobatics+1","Escape Plan+1"],"special_seed":0,"relics":["Ring of the Snake","NeowsBlessing","WarpedTongs","Smiling Mask","Old Coin","Ornamental Fan","Omamori","Cursed Key","Potion Belt","Empty Cage","Gambling Chip","Thread and Needle","Boot"],"potions_floor_usage":[56,56,56,56],"damage_taken":[{"damage":0.0,"enemies":"Cultist","floor":1.0,"turns":1.0},{"damage":0.0,"enemies":"Jaw Worm","floor":2.0,"turns":1.0},{"damage":0.0,"enemies":"3 Sentries","floor":6.0,"turns":1.0},{"damage":1.0,"enemies":"Small Slimes","floor":8.0,"turns":4.0},{"damage":5.0,"enemies":"Red Slaver","floor":12.0,"turns":2.0},{"damage":0.0,"enemies":"Lagavulin","floor":14.0,"turns":7.0},{"damage":48.0,"enemies":"Slime Boss","floor":16.0,"turns":12.0},{"damage":18.0,"enemies":"Spheric Guardian","floor":18.0,"turns":5.0},{"damage":0.0,"enemies":"Chosen","floor":19.0,"turns":4.0},{"damage":2.0,"enemies":"Centurion and Healer","floor":21.0,"turns":7.0},{"damage":33.0,"enemies":"Chosen and Byrds","floor":24.0,"turns":6.0},{"damage":5.0,"enemies":"Cultist and Chosen","floor":27.0,"turns":10.0},{"damage":8.0,"enemies":"Sentry and Sphere","floor":29.0,"turns":3.0},{"damage":0.0,"enemies":"Champ","floor":33.0,"turns":11.0},{"damage":6.0,"enemies":"3 Darklings","floor":35.0,"turns":4.0},{"damage":2.0,"enemies":"Orb Walker","floor":36.0,"turns":3.0},{"damage":0.0,"enemies":"Spire Growth","floor":37.0,"turns":4.0},{"damage":4.0,"enemies":"Reptomancer","floor":41.0,"turns":4.0},{"damage":0.0,"enemies":"Sphere and 2 Shapes","floor":42.0,"turns":1.0},{"damage":0.0,"enemies":"Maw","floor":45.0,"turns":4.0},{"damage":0.0,"enemies":"Giant Head","floor":46.0,"turns":5.0},{"damage":0.0,"enemies":"3 Darklings","floor":48.0,"turns":2.0},{"damage":0.0,"enemies":"Time Eater","floor":50.0,"turns":4.0},{"damage":0.0,"enemies":"Donu and Deca","floor":51.0,"turns":2.0},{"damage":0.0,"enemies":"Shield and Spear","floor":55.0,"turns":2.0},{"damage":5,"enemies":"The Heart","floor":56,"turns":6}],"seed_played":"-4801445571679693919","potions_obtained":[{"floor":6.0,"key":"Explosive Potion"},{"floor":8.0,"key":"Explosive Potion"},{"floor":16.0,"key":"AttackPotion"},{"floor":18.0,"key":"AttackPotion"},{"floor":24.0,"key":"Swift Potion"},{"floor":27.0,"key":"SteroidPotion"},{"floor":29.0,"key":"Dexterity Potion"},{"floor":31.0,"key":"LiquidBronze"},{"floor":31.0,"key":"EssenceOfSteel"},{"floor":35.0,"key":"GamblersBrew"}],"is_trial":false,"path_per_floor":["M","M","?","$","T","E","R","M","T","$","R","M","$","E","R","B",null,"M","M","$","M","?","R","M","R","T","M","$","M","$","?","R","B",null,"M","M","M","?","?","R","E","M","T","R","M","E","?","M","R","B","B",null,"R","$","E","B",null],"character_chosen":"THE_SILENT","items_purchased":["Flechettes","Well Laid Plans","Tactician","SteroidPotion","Reflex","GhostInAJar","SpeedPotion"],"campfire_rested":1,"item_purchase_floors":[10,10,10,13,30,54,54],"current_hp_per_floor":[59,59,59,59,59,59,59,58,58,58,58,53,53,53,53,5,51,38,38,38,36,36,36,3,22,22,17,17,9,9,9,9,9,52,46,44,44,44,44,44,52,52,52,52,52,52,52,52,52,52,52,60,60,60,60,55],"gold":76,"neow_bonus":"THREE_ENEMY_KILL","is_prod":false,"is_daily":false,"chose_seed":false,"campfire_upgraded":8,"win_rate":0,"timestamp":1565671083,"path_taken":["M","?","?","$","?","E","R","M","T","?","R","M","$","E","R","BOSS","M","M","$","M","?","R","?","R","T","M","?","M","$","?","R","BOSS","M","M","?","?","?","R","E","?","T","R","M","E","?","M","R","BOSS","BOSS","R","$","E","BOSS"],"build_version":"2019-07-17","purchased_purges":7,"victory":true,"max_hp_per_floor":[66,66,66,66,66,66,66,66,66,66,66,66,66,66,66,66,66,66,66,66,66,66,66,66,66,66,66,66,66,66,66,66,66,66,66,66,66,66,66,66,66,66,66,66,66,66,63,63,63,63,63,63,63,63,63,63],"card_choices":[{"not_picked":["Bane","Endless Agony","Backflip"],"picked":"SKIP","floor":1.0},{"not_picked":["Bane","Backflip"],"picked":"Endless Agony","floor":1.0},{"not_picked":["Quick Slash","Sucker Punch","Expertise"],"picked":"SKIP","floor":2.0},{"not_picked":["All Out Attack","Concentrate","Dagger Spray"],"picked":"SKIP","floor":6.0},{"not_picked":["Concentrate","Dagger Spray"],"picked":"All Out Attack","floor":6.0},{"not_picked":["Dagger Spray","Blade Dance"],"picked":"Venomology","floor":8.0},{"not_picked":["Choke","Endless Agony"],"picked":"Escape Plan","floor":12.0},{"not_picked":["Doppelganger","Deadly Poison"],"picked":"Well Laid Plans","floor":14.0},{"not_picked":["Venomology","Envenom"],"picked":"Burst","floor":16.0},{"not_picked":["Bane","Dagger Spray","Flying Knee"],"picked":"SKIP","floor":18.0},{"not_picked":["Bane","Infinite Blades"],"picked":"Calculated Gamble+1","floor":19.0},{"not_picked":["Slice","Poisoned Stab","Bane"],"picked":"SKIP","floor":21.0},{"not_picked":["Finisher","Outmaneuver"],"picked":"Reflex","floor":24.0},{"not_picked":["Deflect","Setup"],"picked":"Backflip","floor":27.0},{"not_picked":["Phantasmal Killer","Deadly Poison","Dodge and Roll"],"picked":"SKIP","floor":29.0},{"not_picked":["Die Die Die","Glass Knife"],"picked":"Grand Finale","floor":33.0},{"not_picked":["Deflect","Footwork","Slice"],"picked":"SKIP","floor":35.0},{"not_picked":["Flying Knee","Backflip+1","Poisoned Stab"],"picked":"SKIP","floor":36.0},{"not_picked":["Bouncing Flask","Concentrate","Predator"],"picked":"SKIP","floor":37.0},{"not_picked":["Blade Dance","Unload","PiercingWail+1"],"picked":"SKIP","floor":41.0},{"not_picked":["Outmaneuver+1","Dagger Throw+1","Blade Dance"],"picked":"SKIP","floor":45.0},{"not_picked":["Setup+1","Caltrops","Blur"],"picked":"SKIP","floor":46.0},{"not_picked":["Quick Slash+1","Distraction"],"picked":"Acrobatics","floor":48.0},{"not_picked":["Flying Knee","Unload"],"picked":"Escape Plan+1","floor":55.0}],"player_experience":877703,"relics_obtained":[{"floor":5.0,"key":"Smiling Mask"},{"floor":6.0,"key":"Old Coin"},{"floor":9.0,"key":"Ornamental Fan"},{"floor":14.0,"key":"Omamori"},{"floor":26.0,"key":"Potion Belt"},{"floor":41.0,"key":"Gambling Chip"},{"floor":46.0,"key":"Thread and Needle"},{"floor":55.0,"key":"Boot"}],"event_choices":[{"damage_healed":0.0,"max_hp_gain":0.0,"max_hp_loss":0.0,"gold_gain":0.0,"event_name":"Accursed Blacksmith","player_choice":"Rummage","floor":3.0,"gold_loss":0.0,"damage_taken":0.0,"relics_obtained":["WarpedTongs"],"cards_obtained":["Pain"]},{"cards_removed":["Strike_G"],"damage_healed":0.0,"max_hp_gain":0.0,"max_hp_loss":0.0,"gold_gain":0.0,"event_name":"Bonfire Elementals","player_choice":"Offered Basic","floor":22.0,"gold_loss":0.0,"damage_taken":0.0},{"damage_healed":0.0,"max_hp_gain":0.0,"max_hp_loss":0.0,"gold_gain":0.0,"event_name":"Lab","player_choice":"Got Potions","floor":31.0,"gold_loss":0.0,"damage_taken":0.0},{"damage_healed":0.0,"max_hp_gain":0.0,"max_hp_loss":0.0,"gold_gain":0.0,"event_name":"Tomb of Lord Red Mask","player_choice":"Ignored","floor":38.0,"gold_loss":0.0,"damage_taken":0.0},{"damage_healed":0.0,"max_hp_gain":0.0,"max_hp_loss":0.0,"gold_gain":0.0,"event_name":"SecretPortal","player_choice":"Ignored","floor":39.0,"gold_loss":0.0,"damage_taken":0.0},{"damage_healed":0.0,"max_hp_gain":0.0,"max_hp_loss":3.0,"gold_gain":0.0,"event_name":"Winding Halls","player_choice":"Max HP","floor":47.0,"gold_loss":0.0,"damage_taken":0.0}],"is_beta":false,"boss_relics":[{"not_picked":["Fusion Hammer","Eternal Feather"],"picked":"Cursed Key"},{"not_picked":["Tiny House","Runic Dome"],"picked":"Empty Cage"}],"items_purged_floors":[4,10,13,20,28,30,54],"is_endless":false,"potions_floor_spawned":[6,8,12,16,18,24,27,29,35,42,48],"ascension_level":20}