{"gold_per_floor":[116,266,105,105,5,5,32,46,46,46,46],"floor_reached":11,"playtime":362,"items_purged":["Doubt","Strike_G"],"score":138,"play_id":"84b48989-fa48-4489-864e-042e23dce48c","local_time":"20190908023301","is_ascension_mode":true,"campfire_choices":[{"data":"Catalyst","floor":6.0,"key":"SMITH"},{"data":"Deadly Poison","floor":10.0,"key":"SMITH"}],"neow_cost":"NONE","seed_source_timestamp":0,"circlet_count":0,"master_deck":["AscendersBane","Strike_G","Strike_G","Defend_G","Defend_G","Defend_G","Defend_G","Defend_G","Survivor","Neutralize","Outmaneuver","Deadly Poison+1","Catalyst+1","PiercingWail"],"special_seed":0,"relics":["Ring of the Snake","Darkstone Periapt","Mercury Hourglass"],"potions_floor_usage":[],"damage_taken":[{"damage":3.0,"enemies":"Jaw Worm","floor":1.0,"turns":8.0},{"damage":48.0,"enemies":"3 Sentries","floor":7.0,"turns":23.0},{"damage":2.0,"enemies":"2 Louse","floor":8.0,"turns":3.0},{"damage":4,"enemies":"Lagavulin","floor":11,"turns":4}],"seed_played":"-5793800502216627883","potions_obtained":[{"floor":1.0,"key":"EntropicBrew"},{"floor":8.0,"key":"FearPotion"}],"is_trial":false,"path_per_floor":["M","?","$","?","$","R","E","M","T","R","E"],"character_chosen":"THE_SILENT","items_purchased":["Catalyst"],"campfire_rested":0,"item_purchase_floors":[3],"current_hp_per_floor":[56,56,56,56,56,56,8,6,6,6,2],"gold":46,"neow_bonus":"TRANSFORM_CARD","is_prod":false,"is_daily":false,"chose_seed":false,"campfire_upgraded":2,"win_rate":0,"timestamp":1567877581,"path_taken":["M","?","$","?","$","R","E","M","T","R","E"],"build_version":"2019-07-17","purchased_purges":2,"victory":false,"max_hp_per_floor":[66,66,66,66,66,66,66,66,66,66,66],"card_choices":[{"not_picked":["Poisoned Stab","Blur"],"picked":"Deadly Poison","floor":1.0},{"not_picked":["Blade Dance","Choke","Flying Knee"],"picked":"SKIP","floor":7.0},{"not_picked":["Dodge and Roll","Backstab"],"picked":"PiercingWail","floor":8.0}],"player_experience":1018563,"relics_obtained":[{"floor":7.0,"key":"Darkstone Periapt"},{"floor":9.0,"key":"Mercury Hourglass"}],"event_choices":[{"damage_healed":0.0,"max_hp_gain":0.0,"max_hp_loss":0.0,"gold_gain":150.0,"event_name":"Liars Game","player_choice":"AGREE","floor":2.0,"gold_loss":0.0,"damage_taken":0.0,"cards_obtained":["Doubt"]},{"cards_removed":["Strike_G"],"damage_healed":0.0,"max_hp_gain":0.0,"max_hp_loss":0.0,"gold_gain":0.0,"event_name":"Living Wall","player_choice":"Forget","floor":4.0,"gold_loss":0.0,"damage_taken":0.0}],"is_beta":false,"boss_relics":[],"items_purged_floors":[3,5],"is_endless":false,"potions_floor_spawned":[1,8],"killed_by":"Lagavulin","ascension_level":20}