{"gold_per_floor":[115,133,64,64,64,64,79,79,79,93,93,109,109,109,109,212,212,224,224,234,234,18,18,38,38,38,48,48,58,70,84,84,84],"floor_reached":33,"playtime":2307,"items_purged":[],"score":239,"play_id":"d403ca06-e1bb-4586-8997-4c5e314cec29","local_time":"20190911144028","is_ascension_mode":false,"campfire_choices":[{"data":"Deadly Poison","floor":6,"key":"SMITH"},{"data":"Neutralize","floor":8,"key":"SMITH"},{"data":"Deflect","floor":11,"key":"SMITH"},{"data":"Bane","floor":13,"key":"SMITH"},{"data":"Survivor","floor":15,"key":"SMITH"},{"data":"Burst","floor":23,"key":"SMITH"},{"floor":28,"key":"REST"},{"floor":32,"key":"REST"}],"neow_cost":"NONE","seed_source_timestamp":1069104527248569,"circlet_count":0,"master_deck":["Strike_G","Strike_G","Strike_G","Strike_G","Defend_G","Defend_G","Defend_G","Defend_G","Defend_G","Survivor+1","Neutralize+1","Deadly Poison+1","Poisoned Stab","Infinite Blades","Noxious Fumes","Deflect+1","Bane+1","Burst+1","Blur+1","Backflip","Terror","Deadly Poison","Writhe","Crippling Poison","Adrenaline","Catalyst+1","Backflip+1"],"relics":["Ring of the Snake","Bag of Preparation","Meat on the Bone","Philosopher\u0027s Stone","Ornamental Fan","Happy Flower","Strawberry","StoneCalendar"],"potions_floor_usage":[16,16,16,29,33],"damage_taken":[{"damage":1,"enemies":"Jaw Worm","floor":1,"turns":5},{"damage":0,"enemies":"Small Slimes","floor":2,"turns":3},{"damage":0,"enemies":"Cultist","floor":7,"turns":4},{"damage":0,"enemies":"2 Fungi Beasts","floor":10,"turns":4},{"damage":0,"enemies":"Red Slaver","floor":12,"turns":4},{"damage":9,"enemies":"The Guardian","floor":16,"turns":8},{"damage":6,"enemies":"Chosen","floor":18,"turns":4},{"damage":8,"enemies":"3 Byrds","floor":20,"turns":7},{"damage":28,"enemies":"3 Cultists","floor":24,"turns":8},{"damage":13,"enemies":"Cultist and Chosen","floor":27,"turns":6},{"damage":7,"enemies":"Snake Plant","floor":29,"turns":4},{"damage":9,"enemies":"3 Cultists","floor":30,"turns":7},{"damage":1,"enemies":"Cultist and Chosen","floor":31,"turns":3},{"damage":83,"enemies":"Collector","floor":33,"turns":6}],"seed_played":"-322994793915066227","potions_obtained":[{"floor":7,"key":"LiquidBronze"},{"floor":10,"key":"Energy Potion"},{"floor":12,"key":"Block Potion"},{"floor":14,"key":"EssenceOfSteel"},{"floor":24,"key":"Strength Potion"},{"floor":29,"key":"Strength Potion"}],"is_trial":false,"path_per_floor":["M","M","$","?","?","R","M","R","T","M","R","M","R","?","R","B",null,"M","T","M","?","$","R","M","?","T","M","R","M","M","M","R","B"],"character_chosen":"THE_SILENT","items_purchased":["Infinite Blades","Happy Flower","Terror"],"campfire_rested":2,"item_purchase_floors":[3,22,22],"current_hp_per_floor":[69,69,69,74,74,74,74,74,74,74,74,74,74,74,74,65,75,69,69,61,61,61,61,45,52,52,51,75,68,59,58,82,0],"gold":84,"neow_bonus":"RANDOM_COMMON_RELIC","is_prod":false,"is_daily":false,"chose_seed":false,"campfire_upgraded":6,"win_rate":0.0,"timestamp":1568238028,"path_taken":["M","M","$","?","?","R","?","R","T","M","R","M","R","?","R","BOSS","M","?","?","?","$","R","M","?","T","M","R","M","M","M","R","BOSS"],"build_version":"2019-09-10","purchased_purges":0,"victory":false,"max_hp_per_floor":[70,70,70,75,75,75,75,75,75,75,75,75,75,75,75,75,75,75,75,75,75,75,75,75,82,82,82,82,82,82,82,82,82],"card_choices":[{"not_picked":["Dodge and Roll","Acrobatics"],"picked":"Deadly Poison","floor":1},{"not_picked":["Dodge and Roll","Bane"],"picked":"Poisoned Stab","floor":2},{"not_picked":["Predator","Leg Sweep"],"picked":"Noxious Fumes","floor":7},{"not_picked":["Deadly Poison","Choke"],"picked":"Deflect","floor":10},{"not_picked":["Prepared","Dash"],"picked":"Bane","floor":12},{"not_picked":["Wraith Form v2","Doppelganger"],"picked":"Burst","floor":16},{"not_picked":["Reflex+1","Prepared+1"],"picked":"Blur+1","floor":18},{"not_picked":["All Out Attack","Acrobatics"],"picked":"Backflip","floor":20},{"not_picked":["Outmaneuver","Bane"],"picked":"Deadly Poison","floor":24},{"not_picked":["Prepared+1","Poisoned Stab+1"],"picked":"Crippling Poison","floor":27},{"not_picked":["Sucker Punch","Infinite Blades"],"picked":"Adrenaline","floor":29},{"not_picked":["Flechettes","Footwork"],"picked":"Catalyst+1","floor":30},{"not_picked":["Reflex","Prepared"],"picked":"Backflip+1","floor":31}],"player_experience":8953,"relics_obtained":[{"floor":9,"key":"Meat on the Bone"},{"floor":19,"key":"Ornamental Fan"},{"floor":26,"key":"StoneCalendar"}],"event_choices":[{"damage_healed":0,"gold_gain":0,"player_choice":"Donut","damage_taken":0,"max_hp_gain":5,"max_hp_loss":0,"event_name":"Big Fish","floor":4,"gold_loss":0},{"cards_removed":["Strike_G"],"damage_healed":0,"gold_gain":0,"player_choice":"Purged","damage_taken":0,"max_hp_gain":0,"max_hp_loss":0,"event_name":"Purifier","floor":5,"gold_loss":0},{"damage_healed":0,"gold_gain":0,"player_choice":"Got Potions","damage_taken":0,"max_hp_gain":0,"max_hp_loss":0,"event_name":"Lab","floor":14,"gold_loss":0},{"damage_healed":0,"gold_gain":0,"player_choice":"Ignored","damage_taken":0,"max_hp_gain":0,"max_hp_loss":0,"event_name":"Ghosts","floor":21,"gold_loss":0},{"damage_healed":0,"gold_gain":0,"player_choice":"Opened","damage_taken":0,"relics_obtained":["Strawberry"],"max_hp_gain":0,"max_hp_loss":0,"event_name":"The Mausoleum","floor":25,"gold_loss":0,"cards_obtained":["Writhe"]}],"is_beta":true,"boss_relics":[{"not_picked":["Snecko Eye","Runic Dome"],"picked":"Philosopher\u0027s Stone"}],"items_purged_floors":[],"is_endless":false,"potions_floor_spawned":[7,10,12,24,29],"killed_by":"Collector","ascension_level":0}