{"path_per_floor":["M","?","M","$","M","E","R","M","T","M","E","?","?","$","R","B",null,"M","?","?","M","T","E","$","R","T","M","M","M","?","M","R","B",null,"M","?","M","M","M","E","R","E","T","?","M","$","M","E","R","B"],"character_chosen":"DEFECT","items_purchased":["Coolheaded","Cold Snap","Barrage","Cold Snap","Loop","Anchor","Gremlin Horn"],"gold_per_floor":[116,116,134,14,38,76,76,91,91,111,150,150,100,10,10,141,141,154,154,185,209,234,278,154,154,177,195,209,227,227,241,241,369,369,382,440,463,488,509,550,550,583,583,805,820,211,231,267,267,267],"floor_reached":51,"campfire_rested":2,"playtime":2449,"item_purchase_floors":[4,14,14,24,46,46,46],"current_hp_per_floor":[68,68,61,61,60,41,41,41,41,36,36,36,36,36,36,28,59,59,59,55,43,43,20,20,20,20,22,17,11,11,13,36,14,63,62,46,48,48,50,52,52,34,34,34,34,34,34,26,67,34],"items_purged":["Strike_B","Strike_B","Defend_B"],"gold":267,"score":1254,"play_id":"dca7fd9a-d8fc-4328-9491-cb4d94b606be","local_time":"20180610135450","is_prod":false,"is_daily":false,"chose_seed":false,"is_ascension_mode":true,"campfire_upgraded":4,"win_rate":0,"timestamp":1528631690,"campfire_choices":[{"data":"Defragment","floor":7,"key":"SMITH"},{"data":"Zap","floor":15,"key":"SMITH"},{"data":"Chill","floor":25,"key":"SMITH"},{"floor":32,"key":"REST"},{"data":"Blizzard","floor":41,"key":"SMITH"},{"floor":49,"key":"REST"}],"path_taken":["M","?","?","$","M","E","R","M","T","M","E","?","?","?","R","BOSS","M","?","?","?","?","E","$","R","T","M","M","?","?","M","R","BOSS","M","?","M","M","M","E","R","E","T","?","?","$","M","E","R","BOSS"],"build_version":"2018-06-07v3","seed_source_timestamp":53402705118115,"purchased_purges":3,"victory":true,"master_deck":["Defend_B+1","Defend_B","Defend_B+1","Zap+1","Dualcast","AscendersBane","Defragment+1","Barrage","Coolheaded","Conserve Battery","Chill+1","Cold Snap","Coolheaded","Electrodynamics","Cold Snap","Barrage","Echo Form","Cold Snap","Blizzard+1","Coolheaded+1","Blizzard+1","Compile Driver+1","Loop","Cold Snap+1","Blizzard+1"],"max_hp_per_floor":[75,69,69,69,69,69,69,69,69,69,69,69,69,69,69,69,69,69,69,69,69,69,71,71,71,71,73,73,75,75,77,77,79,79,81,81,83,83,85,87,87,89,89,89,89,89,89,89,89,89],"relics":["Cracked Core","Golden Idol","Mercury Hourglass","Bottled Tornado","Sozu","Red Mask","Singing Bowl","Darkstone Periapt","Potion Belt","Inserter","Gambling Chip","War Paint","Regal Pillow","Ancient Tea Set","Anchor","Gremlin Horn","DataDisk"],"card_choices":[{"not_picked":["Coolheaded","Conserve Battery"],"picked":"Defragment","floor":1},{"not_picked":["Steam Power","Blizzard"],"picked":"Barrage","floor":3},{"not_picked":["Leap","Go for the Eyes"],"picked":"Conserve Battery","floor":5},{"not_picked":["Rebound","Blizzard"],"picked":"Chill","floor":6},{"not_picked":["Go for the Eyes","Steam"],"picked":"Cold Snap","floor":8},{"not_picked":["Darkness","Beam Cell"],"picked":"Coolheaded","floor":10},{"not_picked":["Fusion","Chill"],"picked":"Electrodynamics","floor":11},{"not_picked":["Amplify","All For One"],"picked":"Echo Form","floor":16},{"not_picked":["Redo","Streamline+1","Genetic Algorithm+1"],"picked":"SKIP","floor":18},{"not_picked":["Rebound","Force Field","Gash"],"picked":"SKIP","floor":21},{"not_picked":["Genetic Algorithm","Melter+1","Heatsinks"],"picked":"Singing Bowl","floor":23},{"not_picked":["Echo Form","Reprogram","Redo"],"picked":"Singing Bowl","floor":27},{"not_picked":["Tempest","Genetic Algorithm+1"],"picked":"Blizzard","floor":28},{"not_picked":["Redo","Tempest","Stack"],"picked":"Singing Bowl","floor":29},{"not_picked":["Ball Lightning","Stack+1","Compile Driver"],"picked":"Singing Bowl","floor":31},{"not_picked":["Rainbow","Amplify","Multi-Cast"],"picked":"Singing Bowl","floor":33},{"not_picked":["Stack+1","Turbo+1","Scrape"],"picked":"Singing Bowl","floor":35},{"not_picked":["Gash+1","Skim"],"picked":"Coolheaded+1","floor":36},{"not_picked":["Skim","Beam Cell","Aggregate+1"],"picked":"Singing Bowl","floor":37},{"not_picked":["Hologram","Gash+1"],"picked":"Blizzard+1","floor":38},{"not_picked":["FTL","Hologram","Recycle+1"],"picked":"Singing Bowl","floor":39},{"not_picked":["Echo Form","White Noise+1","Streamline"],"picked":"Singing Bowl","floor":40},{"not_picked":["Static Discharge","Heatsinks","Sweeping Beam+1"],"picked":"Singing Bowl","floor":42},{"not_picked":["Chill+1","Fusion"],"picked":"Compile Driver+1","floor":45},{"not_picked":["Go for the Eyes+1","Turbo"],"picked":"Cold Snap+1","floor":47},{"not_picked":["Hello World","Double Energy+1"],"picked":"Blizzard+1","floor":48}],"player_experience":848956,"potions_floor_usage":[16,20,23],"damage_taken":[{"damage":0,"enemies":"2 Louse","floor":1,"turns":3},{"damage":7,"enemies":"Jaw Worm","floor":3,"turns":3},{"damage":1,"enemies":"Cultist","floor":5,"turns":3},{"damage":19,"enemies":"3 Sentries","floor":6,"turns":9},{"damage":0,"enemies":"3 Louse","floor":8,"turns":2},{"damage":5,"enemies":"Lots of Slimes","floor":10,"turns":4},{"damage":0,"enemies":"Lagavulin","floor":11,"turns":8},{"damage":8,"enemies":"Hexaghost","floor":16,"turns":12},{"damage":0,"enemies":"Shell Parasite","floor":18,"turns":5},{"damage":4,"floor":20,"turns":4},{"damage":12,"enemies":"2 Thieves","floor":21,"turns":2},{"damage":25,"enemies":"Slavers","floor":23,"turns":4},{"damage":0,"enemies":"3 Cultists","floor":27,"turns":3},{"damage":5,"enemies":"Centurion and Healer","floor":28,"turns":4},{"damage":8,"enemies":"Sentry and Sphere","floor":29,"turns":4},{"damage":0,"enemies":"Snecko","floor":31,"turns":4},{"damage":24,"enemies":"Automaton","floor":33,"turns":10},{"damage":3,"enemies":"Orb Walker","floor":35,"turns":3},{"damage":16,"floor":36,"turns":6},{"damage":0,"enemies":"3 Darklings","floor":37,"turns":4},{"damage":0,"enemies":"4 Shapes","floor":38,"turns":2},{"damage":0,"enemies":"Sphere and 2 Shapes","floor":39,"turns":3},{"damage":0,"enemies":"Nemesis","floor":40,"turns":7},{"damage":20,"enemies":"Giant Head","floor":42,"turns":9},{"damage":0,"enemies":"3 Darklings","floor":45,"turns":4},{"damage":0,"enemies":"Maw","floor":47,"turns":7},{"damage":8,"enemies":"Nemesis","floor":48,"turns":8},{"damage":33,"enemies":"Donu and Deca","floor":50,"turns":8}],"relics_obtained":[{"floor":6,"key":"Mercury Hourglass"},{"floor":9,"key":"Bottled Tornado"},{"floor":20,"key":"Red Mask"},{"floor":22,"key":"Singing Bowl"},{"floor":23,"key":"Darkstone Periapt"},{"floor":26,"key":"Potion Belt"},{"floor":36,"key":"Gambling Chip"},{"floor":40,"key":"War Paint"},{"floor":42,"key":"Regal Pillow"},{"floor":43,"key":"Ancient Tea Set"},{"floor":48,"key":"DataDisk"}],"event_choices":[{"event_name":"Golden Idol","player_choice":"Lose Max HP","floor":2,"damage_taken":0},{"event_name":"The Woman in Blue","player_choice":"Bought 0 Potions","floor":12,"damage_taken":0},{"event_name":"The Cleric","player_choice":"Card Removal","floor":13,"damage_taken":0},{"event_name":"Ghosts","player_choice":"Ignored","floor":19,"damage_taken":0},{"event_name":"Masked Bandits","player_choice":"Fought over 154 gold","floor":20,"damage_taken":0},{"event_name":"Back to Basics","player_choice":"Elegance","floor":30,"damage_taken":0},{"event_name":"Mysterious Sphere","player_choice":"Fight","floor":36,"damage_taken":0},{"event_name":"Tomb of Lord Red Mask","player_choice":"Wore Mask","floor":44,"damage_taken":0}],"boss_relics":[{"not_picked":["Black Star","Runic Dome"],"picked":"Sozu"},{"not_picked":["Calling Bell","Busted Crown"],"picked":"Inserter"}],"items_purged_floors":[4,24,46],"potions_floor_spawned":[5,6,8,10,20,21,23,28,38,39,40,45,47],"seed_played":"1810625682243182303","ascension_level":10,"potions_obtained":[{"floor":5,"key":"Dexterity Potion"},{"floor":6,"key":"SteroidPotion"},{"floor":8,"key":"SkillPotion"}],"is_trial":false}