{"gold_per_floor":[109,109,109,2,13,46,56,56,56,56,85,85,99,134,134,227,227,242,263,263,263,188,221,221,256,256,280,321,348,96,135,135,234,234,257,271,146,160,175,209,209,240,285,320,653,667,142,167,167,167,167,167,167,6,41,41],"floor_reached":57,"playtime":3059,"items_purged":["Wild Strike","Inflame","Fire Breathing","Armaments+1"],"score":4082,"play_id":"8a8967c0-1463-4701-ad2e-26e381fdef67","local_time":"20190917170847","daily_mods":["SealedDeck"],"is_ascension_mode":true,"campfire_choices":[{"data":"True Grit","floor":8.0,"key":"SMITH"},{"data":"Impatience","floor":10.0,"key":"SMITH"},{"data":"Evolve","floor":15.0,"key":"SMITH"},{"data":"Burning Pact","floor":24.0,"key":"SMITH"},{"floor":32.0,"key":"RECALL"},{"data":"Rage","floor":41.0,"key":"SMITH"},{"data":"Feel No Pain","floor":49.0,"key":"SMITH"},{"data":"Ghostly Armor","floor":53,"key":"SMITH"}],"neow_cost":"","seed_source_timestamp":0,"circlet_count":0,"master_deck":["AscendersBane","Ghostly Armor+1","Body Slam+1","Power Through+1","True Grit+1","Evolve+1","Rage+1","Feel No Pain+1","Impatience+1","Burning Pact+1","Second Wind+1"],"special_seed":0,"relics":["Burning Blood","Prayer Wheel","Potion Belt","Singing Bowl","Runic Pyramid","Bag of Preparation","Akabeko","White Beast Statue","MawBank","TheAbacus","Frozen Egg 2","Runic Dome","Bottled Lightning","Boot","MealTicket","CaptainsWheel","ClockworkSouvenir","InkBottle","Toxic Egg 2","Frozen Eye","War Paint"],"potions_floor_usage":[56,56,56,56,56,56,56],"damage_taken":[{"damage":0.0,"enemies":"2 Louse","floor":1.0,"turns":3.0},{"damage":0.0,"enemies":"Jaw Worm","floor":5.0,"turns":4.0},{"damage":2.0,"enemies":"Gremlin Nob","floor":6.0,"turns":3.0},{"damage":6.0,"enemies":"Cultist","floor":7.0,"turns":5.0},{"damage":0.0,"enemies":"Lagavulin","floor":11.0,"turns":5.0},{"damage":2.0,"enemies":"3 Louse","floor":13.0,"turns":3.0},{"damage":0.0,"enemies":"Gremlin Nob","floor":14.0,"turns":3.0},{"damage":0.0,"enemies":"Slime Boss","floor":16.0,"turns":4.0},{"damage":0.0,"enemies":"Spheric Guardian","floor":18.0,"turns":4.0},{"damage":0.0,"enemies":"Chosen","floor":19.0,"turns":4.0},{"damage":2.0,"enemies":"Gremlin Leader","floor":23.0,"turns":4.0},{"damage":14.0,"enemies":"Slavers","floor":25.0,"turns":3.0},{"damage":0.0,"enemies":"Centurion and Healer","floor":27.0,"turns":3.0},{"damage":0.0,"enemies":"Gremlin Leader","floor":28.0,"turns":3.0},{"damage":1.0,"enemies":"Snake Plant","floor":29.0,"turns":2.0},{"damage":0.0,"enemies":"Slavers","floor":31.0,"turns":3.0},{"damage":0.0,"enemies":"Collector","floor":33.0,"turns":3.0},{"damage":0.0,"enemies":"Orb Walker","floor":35.0,"turns":2.0},{"damage":0.0,"enemies":"3 Darklings","floor":36.0,"turns":2.0},{"damage":0.0,"enemies":"Maw","floor":38.0,"turns":2.0},{"damage":0.0,"enemies":"Sphere and 2 Shapes","floor":39.0,"turns":2.0},{"damage":0.0,"enemies":"Reptomancer","floor":40.0,"turns":2.0},{"damage":0.0,"enemies":"Giant Head","floor":42.0,"turns":4.0},{"damage":0.0,"enemies":"Nemesis","floor":44.0,"turns":3.0},{"damage":0.0,"enemies":"Transient","floor":46.0,"turns":2.0},{"damage":0.0,"enemies":"Giant Head","floor":48.0,"turns":1.0},{"damage":0.0,"enemies":"Time Eater","floor":50.0,"turns":7.0},{"damage":0,"enemies":"Donu and Deca","floor":51,"turns":2},{"damage":0,"enemies":"Shield and Spear","floor":55,"turns":2},{"damage":0,"enemies":"The Heart","floor":56,"turns":6}],"seed_played":"4508540694657562307","potions_obtained":[{"floor":1.0,"key":"PowerPotion"},{"floor":11.0,"key":"Fire Potion"},{"floor":14.0,"key":"SteroidPotion"},{"floor":16.0,"key":"Fruit Juice"},{"floor":25.0,"key":"FearPotion"},{"floor":27.0,"key":"SmokeBomb"},{"floor":28.0,"key":"Weak Potion"},{"floor":29.0,"key":"Swift Potion"},{"floor":31.0,"key":"Dexterity Potion"},{"floor":33.0,"key":"SteroidPotion"},{"floor":35.0,"key":"SpeedPotion"},{"floor":39.0,"key":"Dexterity Potion"},{"floor":46.0,"key":"DuplicationPotion"},{"floor":55,"key":"EntropicBrew"}],"is_trial":true,"path_per_floor":["M","?","?","$","M","E","M","R","T","R","E","?","M","E","R","B",null,"M","M","?","?","$","E","R","E","T","M","E","M","$","E","R","B",null,"M","M","$","M","M","E","R","E","T","E","?","M","$","E","R","B","B",null,"R","$","E","B",null],"character_chosen":"IRONCLAD","items_purchased":["Impatience","TheAbacus","ClockworkSouvenir","PowerPotion","InkBottle","Frozen Eye"],"campfire_rested":0,"item_purchase_floors":[4,30,47,47,47,54],"current_hp_per_floor":[74,51,51,51,57,61,61,61,61,61,67,41,45,53,53,66,80,88,92,92,92,92,94,94,88,88,98,102,106,106,108,108,110,110,114,116,116,120,124,126,126,128,128,130,130,134,134,136,136,136,136,136,136,136,138,138],"gold":41,"neow_bonus":"","is_prod":false,"is_daily":false,"chose_seed":false,"campfire_upgraded":7,"win_rate":0,"timestamp":1568711327,"path_taken":["M","?","?","$","?","E","M","R","T","R","E","?","M","E","R","BOSS","M","M","?","?","$","E","R","E","T","?","E","M","$","E","R","BOSS","M","?","$","M","M","E","R","E","T","E","?","M","$","E","R","BOSS","BOSS","R","$","E","BOSS"],"build_version":"2019-09-16","purchased_purges":4,"victory":true,"max_hp_per_floor":[75,75,75,75,75,75,75,75,75,75,75,75,75,77,77,84,84,88,92,92,92,92,94,94,96,96,100,102,106,106,108,108,110,110,114,116,116,120,124,126,126,128,128,130,130,134,134,136,136,136,136,136,136,136,138,138],"card_choices":[{"not_picked":["Flex","Headbutt"],"picked":"Feel No Pain","floor":1.0},{"not_picked":["Shrug It Off","Warcry","True Grit"],"picked":"SKIP","floor":5.0},{"not_picked":["Flex","Wild Strike","Feed"],"picked":"SKIP","floor":6.0},{"not_picked":["Pommel Strike","Shockwave"],"picked":"Burning Pact","floor":7.0},{"not_picked":["Warcry","Pommel Strike","Flame Barrier"],"picked":"SKIP","floor":7.0},{"not_picked":["Fiend Fire","Wild Strike","Twin Strike"],"picked":"SKIP","floor":11.0},{"not_picked":["Sword Boomerang","Rupture","Armaments"],"picked":"SKIP","floor":13.0},{"not_picked":["Bloodletting","Sword Boomerang","Offering"],"picked":"SKIP","floor":13.0},{"not_picked":["Wild Strike","Havoc","Body Slam"],"picked":"Singing Bowl","floor":14.0},{"not_picked":["Juggernaut","Limit Break","Dark Embrace"],"picked":"Singing Bowl","floor":16.0},{"not_picked":["Armaments","Shrug It Off","Wild Strike"],"picked":"Singing Bowl","floor":18.0},{"not_picked":["True Grit","Warcry","Heavy Blade"],"picked":"Singing Bowl","floor":18.0},{"not_picked":["Clothesline","Cleave","Ghostly Armor"],"picked":"Singing Bowl","floor":19.0},{"not_picked":["Sentinel","Iron Wave","Perfected Strike+1"],"picked":"Singing Bowl","floor":19.0},{"not_picked":["Spot Weakness","Corruption","Iron Wave"],"picked":"Singing Bowl","floor":23.0},{"not_picked":["Bloodletting","Intimidate","Disarm+1"],"picked":"Singing Bowl","floor":25.0},{"not_picked":["Disarm","Havoc","Clash"],"picked":"Singing Bowl","floor":27.0},{"not_picked":["True Grit","Sword Boomerang","Shrug It Off"],"picked":"Singing Bowl","floor":27.0},{"not_picked":["Berserk","Iron Wave","Perfected Strike"],"picked":"Singing Bowl","floor":28.0},{"not_picked":["Rampage","Carnage","Twin Strike"],"picked":"Singing Bowl","floor":29.0},{"not_picked":["Clothesline","Heavy Blade","Rupture+1"],"picked":"Singing Bowl","floor":29.0},{"not_picked":["Fire Breathing+1","Body Slam","Feel No Pain"],"picked":"Singing Bowl","floor":31.0},{"not_picked":["Juggernaut+1","Double Tap","Immolate"],"picked":"Singing Bowl","floor":33.0},{"not_picked":["Thunderclap","Disarm","Uppercut"],"picked":"Singing Bowl","floor":35.0},{"not_picked":["Dropkick","Infernal Blade+1","Cleave"],"picked":"Singing Bowl","floor":35.0},{"not_picked":["Body Slam","Flex+1","Feel No Pain+1"],"picked":"Singing Bowl","floor":36.0},{"not_picked":["Reckless Charge","Whirlwind"],"picked":"Second Wind+1","floor":36.0},{"not_picked":["Armaments+1","Clash","Fire Breathing+1"],"picked":"Singing Bowl","floor":38.0},{"not_picked":["Burning Pact+1","Havoc+1","Body Slam"],"picked":"Singing Bowl","floor":38.0},{"not_picked":["Shrug It Off","Iron Wave","Perfected Strike"],"picked":"Singing Bowl","floor":39.0},{"not_picked":["Clash","Iron Wave","Exhume"],"picked":"Singing Bowl","floor":39.0},{"not_picked":["Shockwave","Searing Blow+1","Anger+1"],"picked":"Singing Bowl","floor":40.0},{"not_picked":["Body Slam+1","Pommel Strike","Thunderclap"],"picked":"Singing Bowl","floor":42.0},{"not_picked":["Dropkick","Evolve+1","Limit Break"],"picked":"Singing Bowl","floor":44.0},{"not_picked":["Anger","Cleave+1","Feel No Pain+1"],"picked":"Singing Bowl","floor":46.0},{"not_picked":["Iron Wave","Uppercut","Twin Strike+1"],"picked":"Singing Bowl","floor":46.0},{"not_picked":["Metallicize+1","Anger","Ghostly Armor"],"picked":"Singing Bowl","floor":48.0},{"not_picked":["Metallicize+1","True Grit+1","Headbutt"],"picked":"Singing Bowl","floor":55}],"player_experience":3310642,"relics_obtained":[{"floor":6.0,"key":"Prayer Wheel"},{"floor":11.0,"key":"Potion Belt"},{"floor":14.0,"key":"Singing Bowl"},{"floor":23.0,"key":"Bag of Preparation"},{"floor":25.0,"key":"Akabeko"},{"floor":26.0,"key":"White Beast Statue"},{"floor":28.0,"key":"MawBank"},{"floor":31.0,"key":"Frozen Egg 2"},{"floor":40.0,"key":"Bottled Lightning"},{"floor":42.0,"key":"Boot"},{"floor":43.0,"key":"MealTicket"},{"floor":44.0,"key":"CaptainsWheel"},{"floor":48.0,"key":"Toxic Egg 2"},{"floor":55,"key":"War Paint"}],"event_choices":[{"damage_healed":0.0,"max_hp_gain":0.0,"max_hp_loss":0.0,"gold_gain":0.0,"event_name":"Shining Light","player_choice":"Entered Light","floor":2.0,"gold_loss":0.0,"damage_taken":23.0,"cards_upgraded":["Armaments","Power Through"]},{"damage_healed":0.0,"max_hp_gain":0.0,"max_hp_loss":0.0,"gold_gain":0.0,"event_name":"Upgrade Shrine","player_choice":"Upgraded","floor":3.0,"gold_loss":0.0,"damage_taken":0.0,"cards_upgraded":["Body Slam"]},{"damage_healed":0.0,"max_hp_gain":0.0,"max_hp_loss":0.0,"gold_gain":0.0,"event_name":"Golden Idol","player_choice":"Take Damage","floor":12.0,"gold_loss":0.0,"damage_taken":26.0,"relics_obtained":["Golden Idol"]},{"damage_healed":0.0,"max_hp_gain":0.0,"max_hp_loss":0.0,"gold_gain":0.0,"event_name":"Ghosts","player_choice":"Ignored","floor":20.0,"gold_loss":0.0,"damage_taken":0.0},{"damage_healed":0.0,"max_hp_gain":0.0,"max_hp_loss":0.0,"gold_gain":0.0,"event_name":"Match and Keep!","player_choice":"0 cards matched","floor":21.0,"gold_loss":0.0,"damage_taken":0.0,"cards_obtained":[]},{"damage_healed":0.0,"max_hp_gain":0.0,"max_hp_loss":0.0,"gold_gain":333.0,"event_name":"The Moai Head","player_choice":"Gave Idol","floor":45.0,"relics_lost":["Golden Idol"],"gold_loss":0.0,"damage_taken":0.0}],"is_beta":true,"boss_relics":[{"not_picked":["Astrolabe","Tiny House"],"picked":"Runic Pyramid"},{"not_picked":["Fusion Hammer","Cursed Key"],"picked":"Runic Dome"}],"items_purged_floors":[22,30,37,47],"is_endless":false,"potions_floor_spawned":[1,11,14,16,25,27,28,29,31,33,35,36,38,39,40,42,44,46,48,55],"ascension_level":20}