{"gold_per_floor":[114,114,127,127,147,147,476,476,476,491,491],"floor_reached":11,"playtime":141,"items_purged":[],"score":146,"play_id":"49c8577d-82ca-48c3-bf78-914bd64b6432","local_time":"20190918232509","is_ascension_mode":true,"campfire_choices":[{"data":"Armaments","floor":6,"key":"SMITH"},{"floor":8,"key":"REST"}],"neow_cost":"NONE","seed_source_timestamp":712220193965930,"circlet_count":0,"master_deck":["AscendersBane","Strike_R","Strike_R","Strike_R","Strike_R","Defend_R","Defend_R","Defend_R","Defend_R","Bash","Feel No Pain","Armaments+1","Shockwave","Inflame"],"relics":["Burning Blood","NeowsBlessing","Old Coin","CloakClasp"],"potions_floor_usage":[7],"damage_taken":[{"damage":0,"enemies":"2 Louse","floor":1,"turns":2},{"damage":0,"enemies":"Cultist","floor":3,"turns":1},{"damage":0,"enemies":"Jaw Worm","floor":5,"turns":1},{"damage":65,"enemies":"Gremlin Nob","floor":7,"turns":6},{"damage":2,"enemies":"2 Fungi Beasts","floor":10,"turns":5},{"damage":0,"enemies":"Exordium Thugs","floor":11,"turns":1}],"seed_played":"-1639248142917982418","potions_obtained":[{"floor":1,"key":"EssenceOfSteel"},{"floor":3,"key":"DuplicationPotion"}],"is_trial":false,"path_per_floor":["M","?","M","?","M","R","E","R","T","M","M"],"character_chosen":"IRONCLAD","items_purchased":[],"campfire_rested":1,"item_purchase_floors":[],"current_hp_per_floor":[74,63,69,62,68,68,9,31,31,35,35],"gold":491,"neow_bonus":"THREE_ENEMY_KILL","is_prod":false,"is_daily":false,"chose_seed":false,"campfire_upgraded":1,"win_rate":0,"timestamp":1568820309,"path_taken":["M","?","?","?","M","R","E","R","T","M","M"],"build_version":"2019-09-17","purchased_purges":0,"victory":false,"max_hp_per_floor":[75,75,75,75,75,75,75,75,75,75,75],"card_choices":[{"not_picked":["Spot Weakness","True Grit"],"picked":"Feel No Pain","floor":1},{"not_picked":["Twin Strike","Shockwave"],"picked":"Armaments","floor":3},{"not_picked":["Pummel","Thunderclap","Cleave"],"picked":"SKIP","floor":5},{"not_picked":["Infernal Blade","Havoc"],"picked":"Shockwave","floor":7},{"not_picked":["Metallicize","Twin Strike"],"picked":"Inflame","floor":10}],"player_experience":851284,"relics_obtained":[{"floor":7,"key":"Old Coin"},{"floor":9,"key":"CloakClasp"}],"event_choices":[{"damage_healed":0,"gold_gain":0,"player_choice":"Damaged","damage_taken":11,"max_hp_gain":0,"max_hp_loss":0,"event_name":"Wheel of Change","floor":2,"gold_loss":0},{"cards_removed":["Strike_R"],"damage_healed":0,"gold_gain":0,"player_choice":"Card Removal","damage_taken":7,"max_hp_gain":0,"max_hp_loss":0,"event_name":"Golden Wing","floor":4,"gold_loss":0}],"is_beta":true,"boss_relics":[],"items_purged_floors":[],"is_endless":false,"potions_floor_spawned":[1,3,5],"killed_by":"Exordium Thugs","ascension_level":20}