{"gold_per_floor":[109,127,40,52,68,68,103,103,128,128,140,140,150,170,170,243,243,255,170,170,188,24,24,24],"floor_reached":24,"playtime":655,"items_purged":["Strike_B"],"score":496,"play_id":"f515f49a-315f-49c0-9a0b-516bd5bc5d64","local_time":"20190830111915","is_ascension_mode":true,"campfire_choices":[{"data":"Defragment","floor":6.0,"key":"SMITH"},{"data":"Dualcast","floor":8.0,"key":"SMITH"},{"data":"Loop","floor":10.0,"key":"SMITH"},{"data":"Consume","floor":12.0,"key":"SMITH"},{"data":"Coolheaded","floor":15.0,"key":"SMITH"},{"data":"Recycle","floor":23,"key":"SMITH"}],"neow_cost":"TEN_PERCENT_HP_LOSS","seed_source_timestamp":1290933395760100,"circlet_count":0,"master_deck":["AscendersBane","Strike_B","Strike_B","Defend_B","Defend_B","Defend_B","Zap","Dualcast+1","Loop+1","Recycle+1","Defragment+1","Ball Lightning","Consume+1","Coolheaded+1","Reboot","Impatience"],"special_seed":0,"relics":["Cracked Core","Pen Nib","Orichalcum","Philosopher\u0027s Stone","Ancient Tea Set"],"potions_floor_usage":[18,24],"damage_taken":[{"damage":2.0,"enemies":"Cultist","floor":1.0,"turns":4.0},{"damage":1.0,"enemies":"2 Louse","floor":2.0,"turns":2.0},{"damage":4.0,"enemies":"Jaw Worm","floor":4.0,"turns":3.0},{"damage":19.0,"enemies":"3 Louse","floor":5.0,"turns":5.0},{"damage":20.0,"enemies":"Lagavulin","floor":7.0,"turns":6.0},{"damage":12.0,"enemies":"Large Slime","floor":11.0,"turns":4.0},{"damage":2.0,"enemies":"Blue Slaver","floor":13.0,"turns":2.0},{"damage":0.0,"enemies":"Gremlin Gang","floor":14.0,"turns":3.0},{"damage":0,"enemies":"The Guardian","floor":16,"turns":9},{"damage":24,"enemies":"3 Byrds","floor":18,"turns":3},{"damage":13,"enemies":"Spheric Guardian","floor":21,"turns":4},{"damage":22,"enemies":"Slavers","floor":24,"turns":1}],"seed_played":"-9141705275407548598","potions_obtained":[{"floor":1.0,"key":"LiquidBronze"},{"floor":5.0,"key":"Ancient Potion"},{"floor":11.0,"key":"Weak Potion"},{"floor":14.0,"key":"Fire Potion"},{"floor":21,"key":"Weak Potion"}],"is_trial":false,"path_per_floor":["M","M","$","M","M","R","E","R","T","R","M","R","M","M","R","B",null,"M","?","?","M","$","R","E"],"character_chosen":"DEFECT","items_purchased":["Defragment","Impatience"],"campfire_rested":0,"item_purchase_floors":[3,22],"current_hp_per_floor":[62,61,61,57,38,38,18,18,18,18,6,6,4,4,4,4,49,25,25,25,12,12,12,0],"gold":24,"neow_bonus":"REMOVE_TWO","is_prod":false,"is_daily":false,"chose_seed":false,"campfire_upgraded":6,"win_rate":0,"timestamp":1567135155,"path_taken":["M","M","?","M","M","R","E","R","T","R","M","R","M","M","R","BOSS","M","?","?","M","$","R","E"],"build_version":"2019-08-26","purchased_purges":1,"victory":false,"max_hp_per_floor":[64,64,64,64,64,64,64,64,64,64,64,64,64,64,64,64,64,64,64,64,64,64,64,64],"card_choices":[{"not_picked":["Chill","Conserve Battery"],"picked":"Loop","floor":1.0},{"not_picked":["Steam","Ball Lightning"],"picked":"Recycle","floor":2.0},{"not_picked":["FTL","Rebound"],"picked":"Ball Lightning","floor":4.0},{"not_picked":["Melter","Barrage","Leap"],"picked":"SKIP","floor":5.0},{"not_picked":["Lockon","Loop"],"picked":"Consume","floor":7.0},{"not_picked":["Loop","Thunder Strike","Tempest"],"picked":"SKIP","floor":11.0},{"not_picked":["Tempest","Steam"],"picked":"Coolheaded","floor":13.0},{"not_picked":["Coolheaded","Auto Shields","Steam"],"picked":"SKIP","floor":14.0},{"not_picked":["Rainbow","Buffer"],"picked":"Reboot","floor":16},{"not_picked":["Auto Shields","Barrage","Fusion"],"picked":"SKIP","floor":18},{"not_picked":["Defragment","Gash+1","Go for the Eyes"],"picked":"SKIP","floor":21}],"player_experience":3129881,"relics_obtained":[{"floor":7.0,"key":"Pen Nib"},{"floor":9.0,"key":"Orichalcum"}],"event_choices":[{"damage_healed":0,"gold_gain":0,"player_choice":"Obtained Relic","damage_taken":0,"relics_obtained":["Ancient Tea Set"],"max_hp_gain":0,"max_hp_loss":0,"event_name":"Addict","floor":19,"gold_loss":85},{"damage_healed":0,"gold_gain":0,"player_choice":"Ignored","damage_taken":0,"max_hp_gain":0,"max_hp_loss":0,"event_name":"Vampires","floor":20,"gold_loss":0}],"is_beta":true,"boss_relics":[{"not_picked":["Cursed Key","Eternal Feather"],"picked":"Philosopher\u0027s Stone"}],"items_purged_floors":[22],"is_endless":false,"potions_floor_spawned":[1,5,7,11,14,21],"killed_by":"Slavers","ascension_level":20}