{"path_per_floor":["M","?","M","M","M","E","R","M","T","E","R","M","R","$","R","B",null,"M","M","$","M","M"],"character_chosen":"DEFECT","items_purchased":["Ice Cream"],"gold_per_floor":[113,113,133,146,157,189,189,200,200,232,232,252,252,202,202,306,306,324,338,26,45,63,63],"floor_reached":23,"campfire_rested":0,"playtime":1655,"item_purchase_floors":[20],"current_hp_per_floor":[66,66,65,65,56,49,49,49,49,36,36,35,35,35,35,26,63,41,23,23,7,21,0],"items_purged":["Strike_B"],"gold":63,"score":267,"play_id":"554268e8-11d2-41c7-9a60-6c49f4fa936a","local_time":"20180608223132","is_prod":false,"is_daily":false,"chose_seed":false,"is_ascension_mode":true,"campfire_upgraded":4,"win_rate":0,"timestamp":1528489892,"campfire_choices":[{"data":"Consume","floor":7.0,"key":"SMITH"},{"data":"Zap","floor":11.0,"key":"SMITH"},{"data":"Dualcast","floor":13.0,"key":"SMITH"},{"data":"Ball Lightning","floor":15.0,"key":"SMITH"}],"path_taken":["M","?","M","M","M","E","R","M","T","E","R","M","R","$","R","BOSS","M","M","$","M","M","E"],"build_version":"2018-06-07","seed_source_timestamp":19388223247319,"purchased_purges":1,"victory":false,"master_deck":["Strike_B","Strike_B","Defend_B","Defend_B","Defend_B","Defend_B","Zap+1","Dualcast+1","Consume+1","Ball Lightning+1","Echo Form","Leap","Turbo","Genetic Algorithm","Electrodynamics","Self Repair"],"max_hp_per_floor":[75,75,75,75,75,75,75,75,75,75,75,75,75,75,75,75,75,75,75,75,75,75,75],"relics":["Cracked Core","Anchor","Smiling Mask","Bottled Lightning","Bag of Marbles","Inserter","Ice Cream"],"card_choices":[{"not_picked":["Cold Snap","Force Field"],"picked":"Consume","floor":1.0},{"not_picked":["Rebound","Barrage"],"picked":"Ball Lightning","floor":3.0},{"not_picked":["Sweeping Beam","Steam"],"picked":"Echo Form","floor":4.0},{"not_picked":["Heatsinks","Cold Snap"],"picked":"Leap","floor":5.0},{"not_picked":["Consume","Doom and Gloom","Streamline"],"picked":"SKIP","floor":6.0},{"not_picked":["Redo","Hologram"],"picked":"Turbo","floor":8.0},{"not_picked":["Beam Cell","Go for the Eyes","Fusion"],"picked":"SKIP","floor":10.0},{"not_picked":["Rebound","Double Energy"],"picked":"Genetic Algorithm","floor":12.0},{"not_picked":["Machine Learning","Thunder Strike"],"picked":"Electrodynamics","floor":16.0},{"not_picked":["Rebound","Coolheaded","Sweeping Beam+1"],"picked":"SKIP","floor":18},{"not_picked":["Rebound","Reprogram","Hologram"],"picked":"SKIP","floor":19},{"not_picked":["Creative AI","Fusion"],"picked":"Self Repair","floor":21},{"not_picked":["Scrape","Melter","Compile Driver+1"],"picked":"SKIP","floor":22}],"player_experience":823475,"potions_floor_usage":[21,21,23],"damage_taken":[{"damage":2.0,"enemies":"Jaw Worm","floor":1.0,"turns":2.0},{"damage":1.0,"enemies":"Cultist","floor":3.0,"turns":3.0},{"damage":0.0,"enemies":"2 Louse","floor":4.0,"turns":2.0},{"damage":9.0,"enemies":"Exordium Thugs","floor":5.0,"turns":4.0},{"damage":7.0,"enemies":"Lagavulin","floor":6.0,"turns":7.0},{"damage":0.0,"enemies":"2 Fungi Beasts","floor":8.0,"turns":4.0},{"damage":13.0,"enemies":"3 Sentries","floor":10.0,"turns":6.0},{"damage":1.0,"enemies":"Looter","floor":12.0,"turns":2.0},{"damage":9.0,"enemies":"Hexaghost","floor":16.0,"turns":9.0},{"damage":22,"enemies":"Spheric Guardian","floor":18,"turns":4},{"damage":18,"enemies":"Shell Parasite","floor":19,"turns":4},{"damage":16,"enemies":"Snecko","floor":21,"turns":5},{"damage":22,"enemies":"Centurion and Healer","floor":22,"turns":5},{"damage":21,"enemies":"Book of Stabbing","floor":23,"turns":5}],"relics_obtained":[{"floor":6.0,"key":"Smiling Mask"},{"floor":9.0,"key":"Bottled Lightning"},{"floor":10.0,"key":"Bag of Marbles"}],"event_choices":[{"event_name":"Bonfire Elementals","player_choice":"BASIC","floor":2.0,"damage_taken":0.0}],"boss_relics":[{"not_picked":["Cursed Key","Astrolabe"],"picked":"Inserter"}],"items_purged_floors":[],"potions_floor_spawned":[3,4,8,10,22],"seed_played":"7546195998133567105","killed_by":"Book of Stabbing","ascension_level":6,"potions_obtained":[{"floor":3.0,"key":"Strength Potion"},{"floor":4.0,"key":"Ancient Potion"},{"floor":8.0,"key":"FairyPotion"},{"floor":10.0,"key":"Weak Potion"},{"floor":22,"key":"SkillPotion"}],"is_trial":false}