{"gold_per_floor":[209,222,222,232,248,248,276,32,86,86,105,105,5,20,20,94,94,109,109,132,132,3,3,33,48,48,48,74,74,139,166,166,243,243,258,276,61,72,72,106,106,135,135,85,85,116,116,129,129,129,129,129,129,79,111,111],"floor_reached":57,"playtime":2511,"items_purged":["Strike_G","Strike_G","All Out Attack+1","Defend_G","Malaise"],"score":3406,"play_id":"3065a6aa-2f10-4a47-b392-b24c1a46ad93","local_time":"20190920002350","is_ascension_mode":true,"campfire_choices":[{"data":"All Out Attack","floor":6.0,"key":"SMITH"},{"data":"Apotheosis","floor":10.0,"key":"SMITH"},{"data":"Acrobatics","floor":15.0,"key":"SMITH"},{"data":"Prepared","floor":23.0,"key":"SMITH"},{"data":"Well Laid Plans","floor":27.0,"key":"SMITH"},{"data":"Strike_G","floor":32.0,"key":"PURGE"},{"data":"Defend_G","floor":41.0,"key":"PURGE"},{"data":"Infinite Blades","floor":45.0,"key":"PURGE"},{"floor":47.0,"key":"RECALL"},{"data":"Neutralize","floor":49.0,"key":"PURGE"},{"data":"Acrobatics","floor":53.0,"key":"PURGE"}],"neow_cost":"NONE","seed_source_timestamp":0,"circlet_count":0,"master_deck":["AscendersBane","Defend_G","Defend_G","Defend_G","Survivor","Backflip","Apotheosis+1","Acrobatics+1","Tactician","Prepared+1","Flechettes","Well Laid Plans+1","Escape Plan","Reflex+1"],"special_seed":0,"relics":["Ring of the Snake","Meat on the Bone","MealTicket","Black Star","Smiling Mask","CeramicFish","Art of War","White Beast Statue","Peace Pipe","Tiny Chest","Empty Cage","TheAbacus","Centennial Puzzle","Lantern","Bag of Preparation","Happy Flower","Darkstone Periapt","PreservedInsect","Bottled Tornado","Vajra"],"potions_floor_usage":[56,56],"damage_taken":[{"damage":7.0,"enemies":"Small Slimes","floor":1.0,"turns":5.0},{"damage":4.0,"enemies":"Cultist","floor":2.0,"turns":5.0},{"damage":4.0,"enemies":"2 Louse","floor":4.0,"turns":3.0},{"damage":10.0,"enemies":"Exordium Thugs","floor":5.0,"turns":4.0},{"damage":32.0,"enemies":"Gremlin Nob","floor":7.0,"turns":4.0},{"damage":0.0,"enemies":"Large Slime","floor":11.0,"turns":3.0},{"damage":0.0,"enemies":"Exordium Wildlife","floor":14.0,"turns":3.0},{"damage":7.0,"enemies":"Hexaghost","floor":16.0,"turns":11.0},{"damage":4.0,"enemies":"Chosen","floor":18.0,"turns":6.0},{"damage":2.0,"enemies":"Gremlin Leader","floor":24.0,"turns":5.0},{"damage":0.0,"enemies":"Spheric Guardian","floor":25.0,"turns":5.0},{"damage":10.0,"enemies":"Snake Plant","floor":28.0,"turns":5.0},{"damage":57.0,"enemies":"Slavers","floor":30.0,"turns":10.0},{"damage":0.0,"enemies":"Snecko","floor":31.0,"turns":7.0},{"damage":0.0,"enemies":"Champ","floor":33.0,"turns":8.0},{"damage":0.0,"enemies":"Orb Walker","floor":35.0,"turns":3.0},{"damage":7.0,"enemies":"3 Darklings","floor":36.0,"turns":4.0},{"damage":7.0,"enemies":"Transient","floor":38.0,"turns":6.0},{"damage":0.0,"enemies":"Giant Head","floor":40.0,"turns":3.0},{"damage":8.0,"enemies":"Nemesis","floor":42.0,"turns":8.0},{"damage":0.0,"enemies":"Giant Head","floor":46.0,"turns":2.0},{"damage":0.0,"enemies":"Maw","floor":48.0,"turns":2.0},{"damage":0.0,"enemies":"Donu and Deca","floor":50.0,"turns":1.0},{"damage":0.0,"enemies":"Time Eater","floor":51.0,"turns":4.0},{"damage":0,"enemies":"Shield and Spear","floor":55,"turns":1},{"damage":39,"enemies":"The Heart","floor":56,"turns":5}],"seed_played":"-3553524218941328208","potions_obtained":[{"floor":2.0,"key":"Swift Potion"},{"floor":3.0,"key":"Ancient Potion"},{"floor":4.0,"key":"Regen Potion"},{"floor":7.0,"key":"GamblersBrew"},{"floor":24.0,"key":"FairyPotion"},{"floor":28.0,"key":"Weak Potion"},{"floor":31.0,"key":"AttackPotion"},{"floor":33.0,"key":"FearPotion"},{"floor":35.0,"key":"Block Potion"},{"floor":36.0,"key":"Weak Potion"},{"floor":42.0,"key":"GamblersBrew"}],"is_trial":false,"path_per_floor":["M","M","?","M","M","R","E","$","T","R","M","?","$","M","R","B",null,"M","?","T","?","$","R","E","M","T","R","M","?","E","M","R","B",null,"M","M","$","M","?","E","R","E","T","$","R","E","R","M","R","B","B",null,"R","$","E","B",null],"character_chosen":"THE_SILENT","items_purchased":["Apotheosis","Acrobatics","Prepared","Well Laid Plans","TheAbacus"],"campfire_rested":0,"item_purchase_floors":[8,8,13,22,37],"current_hp_per_floor":[52,48,48,44,34,34,11,11,11,11,23,23,38,38,38,43,60,56,56,56,56,66,66,64,64,64,64,54,36,17,29,29,41,64,64,57,71,64,64,64,64,56,56,71,71,71,71,71,71,71,71,71,71,71,71,44],"gold":111,"neow_bonus":"HUNDRED_GOLD","is_prod":false,"is_daily":false,"chose_seed":false,"campfire_upgraded":5,"win_rate":0,"timestamp":1568906630,"path_taken":["M","M","?","M","?","R","E","$","T","R","M","?","?","M","R","BOSS","M","?","?","?","$","R","E","M","T","R","M","?","E","M","R","BOSS","M","M","$","M","?","E","R","E","T","$","R","E","R","M","R","BOSS","BOSS","R","$","E","BOSS"],"build_version":"2019-09-18","purchased_purges":5,"victory":true,"max_hp_per_floor":[66,66,66,66,66,66,66,66,66,66,66,66,66,66,66,66,66,66,66,66,66,66,66,66,66,66,66,66,71,71,71,71,71,71,71,71,71,71,71,71,71,71,71,71,71,71,71,71,71,71,71,71,71,71,71,71],"card_choices":[{"not_picked":["Dagger Throw","Poisoned Stab","Flying Knee"],"picked":"SKIP","floor":1.0},{"not_picked":["Terror","Blur"],"picked":"Masterful Stab","floor":2.0},{"not_picked":["Riddle With Holes","Cloak And Dagger"],"picked":"All Out Attack","floor":4.0},{"not_picked":["Sucker Punch","Outmaneuver","Choke"],"picked":"SKIP","floor":5.0},{"not_picked":["Sucker Punch","Dagger Spray"],"picked":"Backflip","floor":7.0},{"not_picked":["PiercingWail","Deflect"],"picked":"Tactician","floor":11.0},{"not_picked":["Infinite Blades","Wraith Form v2","Dagger Spray"],"picked":"SKIP","floor":14.0},{"not_picked":["Infinite Blades","Wraith Form v2","Dagger Spray"],"picked":"SKIP","floor":14.0},{"not_picked":["Wraith Form v2","Dagger Spray"],"picked":"Infinite Blades","floor":14.0},{"not_picked":["Envenom","Doppelganger"],"picked":"Malaise","floor":16.0},{"not_picked":["Concentrate","Dagger Throw","Backflip"],"picked":"SKIP","floor":18.0},{"not_picked":["Unload","Cloak And Dagger+1","Accuracy"],"picked":"SKIP","floor":24.0},{"not_picked":["Unload","Cloak And Dagger+1","Accuracy"],"picked":"SKIP","floor":24.0},{"not_picked":["Terror","Backflip+1","Blade Dance"],"picked":"SKIP","floor":25.0},{"not_picked":["Outmaneuver","Bane+1"],"picked":"Escape Plan","floor":28.0},{"not_picked":["Infinite Blades","Deflect","Footwork"],"picked":"SKIP","floor":30.0},{"not_picked":["Masterful Stab","Leg Sweep"],"picked":"Acrobatics","floor":31.0},{"not_picked":["Outmaneuver","Underhanded Strike","Deadly Poison"],"picked":"SKIP","floor":35.0},{"not_picked":["Flying Knee","Riddle With Holes+1"],"picked":"Reflex+1","floor":36.0},{"not_picked":["Concentrate","Bane","Distraction+1"],"picked":"SKIP","floor":38.0},{"not_picked":["After Image","Backflip","Dagger Spray"],"picked":"SKIP","floor":40.0},{"not_picked":["Endless Agony","Backstab+1","Dagger Spray"],"picked":"SKIP","floor":42.0},{"not_picked":["Prepared","Infinite Blades","Distraction"],"picked":"SKIP","floor":46.0},{"not_picked":["Quick Slash","Deadly Poison","Underhanded Strike+1"],"picked":"SKIP","floor":48.0},{"not_picked":["Well Laid Plans","Underhanded Strike","Poisoned Stab"],"picked":"SKIP","floor":55}],"player_experience":1107570,"relics_obtained":[{"floor":7.0,"key":"Meat on the Bone"},{"floor":9.0,"key":"MealTicket"},{"floor":20.0,"key":"Smiling Mask"},{"floor":24.0,"key":"CeramicFish"},{"floor":24.0,"key":"Art of War"},{"floor":26.0,"key":"White Beast Statue"},{"floor":30.0,"key":"Peace Pipe"},{"floor":30.0,"key":"Tiny Chest"},{"floor":40.0,"key":"Centennial Puzzle"},{"floor":40.0,"key":"Lantern"},{"floor":42.0,"key":"Bag of Preparation"},{"floor":42.0,"key":"Happy Flower"},{"floor":46.0,"key":"Darkstone Periapt"},{"floor":46.0,"key":"PreservedInsect"},{"floor":55,"key":"Bottled Tornado"},{"floor":55,"key":"Vajra"}],"event_choices":[{"damage_healed":0.0,"max_hp_gain":0.0,"max_hp_loss":0.0,"gold_gain":0.0,"event_name":"Lab","player_choice":"Got Potions","floor":3.0,"gold_loss":0.0,"damage_taken":0.0},{"cards_removed":["Strike_G"],"damage_healed":0.0,"max_hp_gain":0.0,"max_hp_loss":0.0,"gold_gain":0.0,"event_name":"Purifier","player_choice":"Purged","floor":12.0,"gold_loss":0.0,"damage_taken":0.0},{"damage_healed":0.0,"max_hp_gain":0.0,"max_hp_loss":0.0,"gold_gain":0.0,"event_name":"The Mausoleum","player_choice":"Ignored","floor":19.0,"gold_loss":0.0,"damage_taken":0.0},{"damage_healed":0.0,"max_hp_gain":0.0,"max_hp_loss":0.0,"gold_gain":0.0,"event_name":"The Library","player_choice":"Read","floor":21.0,"gold_loss":0.0,"damage_taken":0.0,"cards_obtained":["Flechettes"]},{"damage_healed":0.0,"max_hp_gain":5.0,"max_hp_loss":0.0,"gold_gain":0.0,"event_name":"Forgotten Altar","player_choice":"Shed Blood","floor":29.0,"gold_loss":0.0,"damage_taken":23.0},{"damage_healed":0.0,"max_hp_gain":0.0,"max_hp_loss":0.0,"gold_gain":0.0,"event_name":"SecretPortal","player_choice":"Ignored","floor":39.0,"gold_loss":0.0,"damage_taken":0.0}],"is_beta":true,"boss_relics":[{"not_picked":["Runic Dome","Ring of the Serpent"],"picked":"Black Star"},{"not_picked":["HoveringKite","WristBlade"],"picked":"Empty Cage"}],"items_purged_floors":[13,22,37,44,54],"is_endless":false,"potions_floor_spawned":[2,4,7,24,28,31,33,35,36,38,40,42,46,48,55],"ascension_level":20}