{"gold_per_floor":[110,110,35,35,54,87,87,97,97,115,148,160,85,85],"floor_reached":14,"playtime":267,"items_purged":["Strike_G"],"score":250,"play_id":"28b0855a-6463-4629-87a7-58f2622a047c","local_time":"20190918205622","is_ascension_mode":true,"campfire_choices":[{"data":"Deadly Poison","floor":7,"key":"SMITH"}],"neow_cost":"NONE","seed_source_timestamp":703151550585945,"circlet_count":0,"master_deck":["AscendersBane","Strike_G","Strike_G","Strike_G","Defend_G","Defend_G+1","Defend_G","Defend_G","Defend_G+1","Survivor","Neutralize","Endless Agony","Deadly Poison+1","Bane","Backstab","Backflip","Footwork"],"special_seed":0,"relics":["Ring of the Snake","NeowsBlessing","Girya","War Paint"],"potions_floor_usage":[],"damage_taken":[{"damage":0.0,"enemies":"Jaw Worm","floor":1.0,"turns":1.0},{"damage":0,"enemies":"Small Slimes","floor":5,"turns":1},{"damage":0,"enemies":"Gremlin Nob","floor":6,"turns":1},{"damage":0,"enemies":"Cultist","floor":8,"turns":4},{"damage":8,"enemies":"3 Louse","floor":10,"turns":5},{"damage":26,"enemies":"Lagavulin","floor":11,"turns":7},{"damage":0,"enemies":"Looter","floor":12,"turns":3},{"damage":34,"enemies":"Gremlin Nob","floor":14,"turns":3}],"seed_played":"2654533632915196656","potions_obtained":[{"floor":6,"key":"DuplicationPotion"},{"floor":8,"key":"LiquidBronze"}],"is_trial":false,"path_per_floor":["M","?","$","?","M","E","R","M","T","M","E","M","$","E"],"character_chosen":"THE_SILENT","items_purchased":["Footwork"],"campfire_rested":0,"item_purchase_floors":[13],"current_hp_per_floor":[59,59,59,59,59,59,59,59,59,51,25,25,25,0],"gold":85,"neow_bonus":"THREE_ENEMY_KILL","is_prod":false,"is_daily":false,"chose_seed":false,"campfire_upgraded":1,"win_rate":0,"timestamp":1568811382,"path_taken":["M","?","$","?","M","E","R","M","T","M","E","?","$","E"],"build_version":"2019-09-17","purchased_purges":1,"victory":false,"max_hp_per_floor":[66,66,66,66,66,66,66,66,66,66,66,66,66,66],"card_choices":[{"not_picked":["Slice","Flying Knee"],"picked":"Endless Agony","floor":1.0},{"not_picked":["Backflip","Deflect"],"picked":"Deadly Poison","floor":5},{"not_picked":["Blade Dance","Tools of the Trade","Blur"],"picked":"SKIP","floor":6},{"not_picked":["Flying Knee","Underhanded Strike"],"picked":"Bane","floor":8},{"not_picked":["Dodge and Roll","Distraction","Choke"],"picked":"SKIP","floor":10},{"not_picked":["Choke","Cloak And Dagger"],"picked":"Backstab","floor":11},{"not_picked":["Backflip","Deadly Poison","Deflect"],"picked":"SKIP","floor":12},{"not_picked":["Deadly Poison","Deflect"],"picked":"Backflip","floor":12}],"player_experience":843810,"relics_obtained":[{"floor":6,"key":"Girya"},{"floor":11,"key":"War Paint"}],"event_choices":[{"cards_removed":["Strike_G"],"damage_healed":0,"gold_gain":0,"player_choice":"Forget","damage_taken":0,"max_hp_gain":0,"max_hp_loss":0,"event_name":"Living Wall","floor":2,"gold_loss":0},{"damage_healed":0,"gold_gain":0,"player_choice":"0 cards matched","damage_taken":0,"max_hp_gain":0,"max_hp_loss":0,"event_name":"Match and Keep!","floor":4,"gold_loss":0,"cards_obtained":[]}],"is_beta":true,"boss_relics":[],"items_purged_floors":[3],"is_endless":false,"potions_floor_spawned":[6,8,11],"killed_by":"Gremlin Nob","ascension_level":20}