{"gold_per_floor":[113,113,113,113,138,138,138,167,192,192,203,213,245,265,265,367,367,385,398,398,412,38,38,138,155,227,21,37,37,37,55,55,55],"floor_reached":33,"playtime":4144,"items_purged":[],"score":305,"play_id":"51942fd9-90ae-45d2-8fc4-5f7aa88a7244","local_time":"20190116180029","is_ascension_mode":false,"campfire_choices":[{"data":"Zap","floor":6,"key":"SMITH"},{"data":"Compile Driver","floor":10,"key":"SMITH"},{"data":"Sunder","floor":15,"key":"SMITH"},{"floor":23,"key":"REST"},{"data":"Sunder","floor":29,"key":"SMITH"},{"floor":32,"key":"REST"}],"neow_cost":"NONE","seed_source_timestamp":178401309540936,"circlet_count":0,"master_deck":["Strike_B","Strike_B","Strike_B","Strike_B","Defend_B","Defend_B","Defend_B","Defend_B","Zap+1","Dualcast","Go for the Eyes","Compile Driver+1","Coolheaded","Sunder+1","Genetic Algorithm","Electrodynamics","Barrage","Conserve Battery+1","Undo","Sunder+1","Enlightenment","Stack","Redo+1","Ball Lightning"],"relics":["FrozenCore","NeowsBlessing","Strawberry","DataDisk","Vajra","Centennial Puzzle","Ginger","Orichalcum","Bottled Tornado","Toolbox","MutagenicStrength"],"potions_floor_usage":[13,23,31,33,33,33,33],"damage_taken":[{"damage":0,"enemies":"Jaw Worm","floor":1,"turns":1},{"damage":0,"enemies":"Gremlin Nob","floor":8,"turns":1},{"damage":0,"enemies":"Small Slimes","floor":11,"turns":1},{"damage":4,"enemies":"2 Louse","floor":12,"turns":2},{"damage":8,"enemies":"Lagavulin","floor":13,"turns":6},{"damage":1,"enemies":"Looter","floor":14,"turns":3},{"damage":31,"enemies":"Slime Boss","floor":16,"turns":8},{"damage":3,"enemies":"Shell Parasite","floor":18,"turns":8},{"damage":10,"enemies":"Chosen","floor":19,"turns":4},{"damage":16,"enemies":"Sentry and Sphere","floor":21,"turns":8},{"damage":15,"enemies":"Centurion and Healer","floor":25,"turns":5},{"damage":0,"enemies":"Shelled Parasite and Fungi","floor":28,"turns":5},{"damage":9,"enemies":"Chosen and Byrds","floor":31,"turns":7},{"damage":111,"enemies":"Champ","floor":33,"turns":12}],"seed_played":"-7077816920003486958","potions_obtained":[{"floor":8,"key":"Strength Potion"},{"floor":12,"key":"Poison Potion"},{"floor":19,"key":"EntropicBrew"},{"floor":25,"key":"FocusPotion"}],"is_trial":false,"path_per_floor":["M","?","?","?","T","R","?","E","T","R","M","M","E","M","R","B",null,"M","M","?","M","$","R","?","M","T","$","M","R","?","M","R","B"],"character_chosen":"DEFECT","items_purchased":["Orichalcum","Sunder","Fruit Juice","Enlightenment","Toolbox"],"campfire_rested":2,"item_purchase_floors":[22,22,22,22,27],"current_hp_per_floor":[75,75,80,80,87,87,84,84,84,84,84,80,72,71,71,40,87,84,74,74,58,58,90,90,75,75,75,75,75,75,66,92,0],"gold":55,"neow_bonus":"THREE_ENEMY_KILL","is_prod":false,"is_daily":false,"chose_seed":false,"campfire_upgraded":4,"win_rate":0.0,"timestamp":1547690429,"path_taken":["M","?","?","?","?","R","?","E","T","R","M","?","E","M","R","BOSS","M","M","?","M","$","R","?","?","T","?","M","R","?","M","R","BOSS"],"build_version":"2019-01-10","purchased_purges":0,"victory":false,"max_hp_per_floor":[75,75,80,80,87,87,87,87,87,87,87,87,87,87,87,87,87,87,87,87,87,87,92,92,92,92,92,92,92,92,92,92,92],"card_choices":[{"not_picked":["Static Discharge","Barrage"],"picked":"Go for the Eyes","floor":1},{"not_picked":["Lockon","Tempest"],"picked":"Compile Driver","floor":8},{"not_picked":["Hologram","Loop"],"picked":"Coolheaded","floor":11},{"not_picked":["Aggregate","Redo"],"picked":"Sunder","floor":12},{"not_picked":["Streamline","Loop"],"picked":"Genetic Algorithm","floor":13},{"not_picked":["Recycle","Reboot","Beam Cell"],"picked":"SKIP","floor":14},{"not_picked":["Echo Form","Meteor Strike"],"picked":"Electrodynamics","floor":16},{"not_picked":["Streamline","Sweeping Beam"],"picked":"Barrage","floor":18},{"not_picked":["Rebound","Steam+1"],"picked":"Conserve Battery+1","floor":19},{"not_picked":["Tempest+1","Compile Driver"],"picked":"Undo","floor":21},{"not_picked":["Streamline","Recycle+1"],"picked":"Stack","floor":25},{"not_picked":["Stack","Melter"],"picked":"Redo+1","floor":28},{"not_picked":["Conserve Battery","Rebound"],"picked":"Ball Lightning","floor":31}],"player_experience":205383,"relics_obtained":[{"floor":5,"key":"Strawberry"},{"floor":8,"key":"Vajra"},{"floor":9,"key":"Centennial Puzzle"},{"floor":13,"key":"Ginger"},{"floor":26,"key":"Bottled Tornado"}],"event_choices":[{"damage_healed":0,"gold_gain":0,"player_choice":"Ignored","damage_taken":0,"max_hp_gain":0,"max_hp_loss":0,"event_name":"Liars Game","floor":2,"gold_loss":0},{"damage_healed":0,"gold_gain":0,"player_choice":"Donut","damage_taken":0,"max_hp_gain":5,"max_hp_loss":0,"event_name":"Big Fish","floor":3,"gold_loss":0},{"damage_healed":0,"gold_gain":0,"player_choice":"Ignored","damage_taken":0,"max_hp_gain":0,"max_hp_loss":0,"event_name":"Golden Wing","floor":4,"gold_loss":0},{"damage_healed":0,"gold_gain":0,"player_choice":"Success","damage_taken":3,"relics_obtained":["DataDisk"],"max_hp_gain":0,"max_hp_loss":0,"event_name":"Scrap Ooze","floor":7,"gold_loss":0},{"damage_healed":0,"gold_gain":100,"player_choice":"Pray","damage_taken":0,"max_hp_gain":0,"max_hp_loss":0,"event_name":"Golden Shrine","floor":24,"gold_loss":0},{"damage_healed":0,"gold_gain":0,"player_choice":"Inject Mutagens","damage_taken":0,"relics_obtained":["MutagenicStrength"],"max_hp_gain":0,"max_hp_loss":0,"event_name":"Drug Dealer","floor":30,"gold_loss":0}],"is_beta":false,"boss_relics":[{"not_picked":["White Beast Statue","Sozu"],"picked":"FrozenCore"}],"items_purged_floors":[],"is_endless":false,"potions_floor_spawned":[8,12,19,25],"killed_by":"Champ","ascension_level":0}