{"gold_per_floor":[109,10,25,25,75,75,89,115,142,142],"floor_reached":10,"playtime":167,"items_purged":["Strike_R"],"score":132,"play_id":"ba7033c3-ae35-49c5-aa93-c5cd5cc64efd","local_time":"20190917212902","is_ascension_mode":true,"campfire_choices":[{"data":"Armaments","floor":6.0,"key":"SMITH"}],"neow_cost":"PERCENT_DAMAGE","seed_source_timestamp":618783072158664,"circlet_count":0,"master_deck":["AscendersBane","Strike_R+1","Strike_R","Strike_R","Strike_R","Defend_R","Defend_R","Defend_R","Defend_R","Bash+1","Bludgeon","Shrug It Off","Armaments+1","Power Through"],"special_seed":0,"relics":["Burning Blood","Blood Vial"],"potions_floor_usage":[8],"damage_taken":[{"damage":7.0,"enemies":"Jaw Worm","floor":1.0,"turns":2.0},{"damage":6.0,"enemies":"2 Louse","floor":3.0,"turns":3.0},{"damage":0.0,"enemies":"Cultist","floor":7.0,"turns":2.0},{"damage":37,"enemies":"Lagavulin","floor":8,"turns":8},{"damage":7,"enemies":"Gremlin Gang","floor":10,"turns":3}],"seed_played":"4187227452420123896","potions_obtained":[{"floor":7.0,"key":"BloodPotion"}],"is_trial":false,"path_per_floor":["M","$","M","?","?","R","M","E","T","M"],"character_chosen":"IRONCLAD","items_purchased":["Armaments"],"campfire_rested":0,"item_purchase_floors":[2],"current_hp_per_floor":[49,49,49,26,26,26,32,19,19,14],"gold":142,"neow_bonus":"THREE_RARE_CARDS","is_prod":false,"is_daily":false,"chose_seed":false,"campfire_upgraded":1,"win_rate":0,"timestamp":1568726942,"path_taken":["M","$","M","?","?","R","?","E","T","M"],"build_version":"2019-09-16v2","purchased_purges":1,"victory":false,"max_hp_per_floor":[75,75,75,75,75,75,75,75,75,75],"card_choices":[{"not_picked":["Fiend Fire","Impervious"],"picked":"Bludgeon","floor":0.0},{"not_picked":["Flex","Havoc"],"picked":"Shrug It Off","floor":1.0},{"not_picked":["Cleave","Clothesline","Thunderclap"],"picked":"SKIP","floor":3.0},{"not_picked":["Sword Boomerang","Clash","Headbutt"],"picked":"SKIP","floor":7.0},{"not_picked":["Heavy Blade","Warcry"],"picked":"Power Through","floor":8}],"player_experience":820413,"relics_obtained":[{"floor":8,"key":"Blood Vial"}],"event_choices":[{"damage_healed":0.0,"max_hp_gain":0.0,"max_hp_loss":0.0,"gold_gain":0.0,"event_name":"Shining Light","player_choice":"Entered Light","floor":4.0,"gold_loss":0.0,"damage_taken":23.0,"cards_upgraded":["Bash","Strike_R"]},{"damage_healed":0.0,"max_hp_gain":0.0,"max_hp_loss":0.0,"gold_gain":50.0,"event_name":"Golden Shrine","player_choice":"Pray","floor":5.0,"gold_loss":0.0,"damage_taken":0.0}],"is_beta":true,"boss_relics":[],"items_purged_floors":[2],"is_endless":false,"potions_floor_spawned":[7],"killed_by":"Gremlin Gang","ascension_level":20}