{"gold_per_floor":[117,131,131,143,157,157,188,188,213,240,240,251,268,283,283,283],"floor_reached":16,"playtime":1706,"items_purged":[],"score":114,"play_id":"418fd879-f4c4-4d2b-b048-3d30129a9a52","local_time":"20190109204723","is_ascension_mode":false,"campfire_choices":[{"data":"Steam","floor":6,"key":"SMITH"},{"floor":8,"key":"REST"},{"floor":15,"key":"REST"}],"neow_cost":"NONE","seed_source_timestamp":309287362445725,"circlet_count":0,"master_deck":["Strike_B","Strike_B+1","Strike_B","Strike_B","Defend_B","Defend_B","Defend_B","Defend_B","Zap+1","Dualcast","Reboot","Sweeping Beam+1","Steam+1","Coolheaded","Coolheaded","Auto Shields","Redo","Doom and Gloom","Hologram","BootSequence"],"relics":["Cracked Core","Ancient Tea Set","Whetstone","Strawberry"],"potions_floor_usage":[16,16],"damage_taken":[{"damage":6,"enemies":"Jaw Worm","floor":1,"turns":4},{"damage":4,"enemies":"Cultist","floor":2,"turns":4},{"damage":0,"enemies":"Small Slimes","floor":4,"turns":3},{"damage":11,"enemies":"2 Fungi Beasts","floor":5,"turns":3},{"damage":19,"enemies":"3 Sentries","floor":7,"turns":8},{"damage":6,"enemies":"Lagavulin","floor":10,"turns":9},{"damage":5,"enemies":"Blue Slaver","floor":12,"turns":3},{"damage":5,"enemies":"Looter","floor":13,"turns":3},{"damage":5,"enemies":"2 Fungi Beasts","floor":14,"turns":3},{"damage":71,"enemies":"Hexaghost","floor":16,"turns":16}],"seed_played":"5145355552703011840","potions_obtained":[{"floor":2,"key":"Ancient Potion"},{"floor":4,"key":"SteroidPotion"},{"floor":7,"key":"SmokeBomb"}],"is_trial":false,"path_per_floor":["M","M","?","M","M","R","E","R","T","E","?","M","M","M","R","B"],"character_chosen":"DEFECT","items_purchased":[],"campfire_rested":2,"item_purchase_floors":[],"current_hp_per_floor":[69,65,65,65,54,54,35,57,57,58,58,53,48,43,67,0],"gold":283,"neow_bonus":"ONE_RANDOM_RARE_CARD","is_prod":false,"is_daily":false,"chose_seed":false,"campfire_upgraded":1,"win_rate":0.0,"timestamp":1547095643,"path_taken":["M","M","?","?","M","R","E","R","T","E","?","M","M","M","R","BOSS"],"build_version":"2019-01-03v4","purchased_purges":0,"victory":false,"max_hp_per_floor":[75,75,75,75,75,75,75,75,75,82,82,82,82,82,82,82],"card_choices":[{"not_picked":["Beam Cell","Defragment"],"picked":"Sweeping Beam","floor":1},{"not_picked":["Streamline","Skim"],"picked":"Steam","floor":2},{"not_picked":["Aggregate","Darkness"],"picked":"Coolheaded","floor":4},{"not_picked":["Force Field","Reboot"],"picked":"Coolheaded","floor":5},{"not_picked":["Glacier","Undo"],"picked":"Auto Shields","floor":7},{"not_picked":["Barrage","Gash"],"picked":"Redo","floor":10},{"not_picked":["Heatsinks","Beam Cell"],"picked":"Doom and Gloom","floor":12},{"not_picked":["Turbo","Beam Cell"],"picked":"Hologram","floor":13},{"not_picked":["Beam Cell","Steam"],"picked":"BootSequence","floor":14}],"player_experience":129065,"relics_obtained":[{"floor":7,"key":"Ancient Tea Set"},{"floor":9,"key":"Whetstone"},{"floor":10,"key":"Strawberry"}],"event_choices":[{"damage_healed":0,"gold_gain":0,"player_choice":"Upgraded","damage_taken":0,"max_hp_gain":0,"max_hp_loss":0,"event_name":"Upgrade Shrine","floor":3,"gold_loss":0,"cards_upgraded":["Zap"]},{"damage_healed":0,"gold_gain":0,"player_choice":"Ignored","damage_taken":0,"max_hp_gain":0,"max_hp_loss":0,"event_name":"Liars Game","floor":11,"gold_loss":0}],"is_beta":false,"boss_relics":[],"items_purged_floors":[],"is_endless":false,"potions_floor_spawned":[2,4,7],"killed_by":"Hexaghost","ascension_level":0}