{"gold_per_floor":[112,37,51,21,33,59,59,78,78,94,94,104,104,120,120,225,225,238,163,189,189,249,249,276,276,345,355,382,344,344,123,123,224,224,238,12,28,10,25,25,35,67,67,85,85,102,170,202,202,202],"floor_reached":51,"playtime":4545,"items_purged":["Strike_P","Strike_P","Strike_P","Eruption"],"score":1034,"play_id":"a558f9d7-1eae-4418-afb0-ffc2dcf3fe3b","local_time":"20190910133712","is_ascension_mode":true,"campfire_choices":[{"data":"Evaluate","floor":7.0,"key":"SMITH"},{"data":"PathToVictory","floor":11.0,"key":"SMITH"},{"data":"Meditate","floor":15.0,"key":"SMITH"},{"data":"DeusExMachina","floor":23.0,"key":"SMITH"},{"data":"Devotion","floor":25.0,"key":"SMITH"},{"data":"EmptyMind","floor":30.0,"key":"SMITH"},{"data":"Purity","floor":32.0,"key":"SMITH"},{"data":"MentalFortress","floor":40.0,"key":"SMITH"},{"data":"Brilliance","floor":45.0,"key":"SMITH"},{"floor":49.0,"key":"REST"}],"neow_cost":"NONE","seed_source_timestamp":2244303270647900,"circlet_count":0,"master_deck":["Defend_P","Defend_P","Defend_P","Defend_P","Vigilance","Evaluate+1","Adaptation","Establishment","PathToVictory+1","Metaphysics","Meditate+1","EmptyFist","DeusExMachina+1","Devotion+1","FearNoEvil","EmptyMind+1","Purity+1","Brilliance+1","Protect","MentalFortress+1","Fasting+1","DeceiveReality+1","ClearTheMind+1","EmptyBody+1","WindmillStrike+1"],"special_seed":0,"relics":["PureWater","NeowsBlessing","Dead Branch","Letter Opener","VioletLotus","Red Mask","SsserpentHead","Sundial","Eternal Feather","MawBank","Runic Pyramid","Bottled Tornado","Singing Bowl"],"potions_floor_usage":[50],"damage_taken":[{"damage":0.0,"enemies":"Small Slimes","floor":1.0,"turns":1.0},{"damage":0.0,"enemies":"Cultist","floor":3.0,"turns":1.0},{"damage":0.0,"enemies":"2 Louse","floor":5.0,"turns":1.0},{"damage":5.0,"enemies":"Gremlin Nob","floor":6.0,"turns":5.0},{"damage":25.0,"enemies":"Exordium Thugs","floor":8.0,"turns":4.0},{"damage":13.0,"enemies":"Lots of Slimes","floor":10.0,"turns":2.0},{"damage":4.0,"enemies":"Red Slaver","floor":12.0,"turns":5.0},{"damage":5.0,"enemies":"Blue Slaver","floor":14.0,"turns":5.0},{"damage":0.0,"enemies":"The Guardian","floor":16.0,"turns":9.0},{"damage":3.0,"enemies":"3 Byrds","floor":18.0,"turns":5.0},{"damage":2.0,"enemies":"Masked Bandits","floor":20.0,"turns":2.0},{"damage":0.0,"enemies":"Shell Parasite","floor":22.0,"turns":4.0},{"damage":0.0,"enemies":"Gremlin Leader","floor":24.0,"turns":5.0},{"damage":2.0,"enemies":"Centurion and Healer","floor":27.0,"turns":6.0},{"damage":26.0,"enemies":"Slavers","floor":28.0,"turns":4.0},{"damage":0.0,"enemies":"Champ","floor":33.0,"turns":8.0},{"damage":16.0,"enemies":"3 Darklings","floor":35.0,"turns":3.0},{"damage":2.0,"enemies":"3 Shapes","floor":37.0,"turns":4.0},{"damage":17.0,"enemies":"Jaw Worm Horde","floor":39.0,"turns":4.0},{"damage":8.0,"enemies":"Spire Growth","floor":41.0,"turns":7.0},{"damage":14.0,"enemies":"Reptomancer","floor":42.0,"turns":5.0},{"damage":3.0,"enemies":"4 Shapes","floor":44.0,"turns":6.0},{"damage":0.0,"enemies":"Sphere and 2 Shapes","floor":46.0,"turns":5.0},{"damage":0.0,"enemies":"3 Darklings","floor":47.0,"turns":5.0},{"damage":1.0,"enemies":"Giant Head","floor":48.0,"turns":7.0},{"damage":16,"enemies":"Donu and Deca","floor":50,"turns":11}],"seed_played":"-2031645542671736530","potions_obtained":[{"floor":1.0,"key":"Weak Potion"},{"floor":3.0,"key":"Energy Potion"},{"floor":4.0,"key":"PowerPotion"},{"floor":6.0,"key":"PowerPotion"},{"floor":12.0,"key":"AttackPotion"},{"floor":13.0,"key":"Dexterity Potion"},{"floor":13.0,"key":"Swift Potion"},{"floor":14.0,"key":"Energy Potion"},{"floor":18.0,"key":"GamblersBrew"},{"floor":22.0,"key":"Explosive Potion"},{"floor":33.0,"key":"GamblersBrew"},{"floor":37.0,"key":"FearPotion"},{"floor":41.0,"key":"Energy Potion"},{"floor":46.0,"key":"Ancient Potion"}],"is_trial":false,"path_per_floor":["M","$","M","?","M","E","R","M","T","M","R","M","?","M","R","B",null,"M","?","?","?","M","R","E","R","T","M","E","$","R","$","R","B",null,"M","$","M","$","M","R","M","E","T","M","R","M","M","E","R","B",null],"character_chosen":"WATCHER","items_purchased":["Purity","MentalFortress","Fasting"],"campfire_rested":1,"item_purchase_floors":[31,36,38],"current_hp_per_floor":[65,65,65,65,65,60,60,35,35,22,22,18,18,13,13,13,65,62,62,60,60,60,60,60,60,60,58,32,32,41,41,50,50,65,49,49,47,47,30,42,34,20,20,17,29,29,29,28,62,46],"gold":202,"neow_bonus":"THREE_ENEMY_KILL","is_prod":false,"is_daily":false,"chose_seed":false,"campfire_upgraded":9,"win_rate":1,"timestamp":1568093832,"path_taken":["M","$","M","?","?","E","R","M","T","M","R","M","?","?","R","BOSS","M","?","?","?","?","R","E","R","T","M","E","?","R","$","R","BOSS","M","$","M","?","M","R","M","E","T","M","R","M","?","E","R","BOSS"],"build_version":"2019-09-09v2","purchased_purges":4,"victory":true,"max_hp_per_floor":[65,65,65,65,65,65,65,65,65,65,65,65,65,65,65,65,65,65,65,65,65,65,65,65,65,65,65,65,65,65,65,65,65,65,65,65,65,65,65,65,65,65,65,65,65,65,65,65,65,65],"card_choices":[{"not_picked":["WreathOfFlame","Crescendo","CleanseEvil"],"picked":"SKIP","floor":1.0},{"not_picked":["WaveOfTheHand","Halt"],"picked":"Evaluate","floor":3.0},{"not_picked":["WreathOfFlame","FlurryOfBlows"],"picked":"Adaptation","floor":5.0},{"not_picked":["FollowUp","Crescendo"],"picked":"Establishment","floor":6.0},{"not_picked":["CutThroughFate","Swivel"],"picked":"PathToVictory","floor":8.0},{"not_picked":["EmptyFist","Establishment"],"picked":"Metaphysics","floor":10.0},{"not_picked":["Adaptation","Weave"],"picked":"Meditate","floor":12.0},{"not_picked":["ClearTheMind","EmptyBody"],"picked":"EmptyFist","floor":14.0},{"not_picked":["DevaForm","Unraveling"],"picked":"DeusExMachina","floor":16.0},{"not_picked":["TalkToTheHand+1","SpiritShield","Consecrate"],"picked":"SKIP","floor":18.0},{"not_picked":["CarveReality","SpiritShield"],"picked":"Devotion","floor":20.0},{"not_picked":["Halt","EmptyBody"],"picked":"FearNoEvil","floor":22.0},{"not_picked":["Metaphysics","Adaptation","Devotion"],"picked":"SKIP","floor":24.0},{"not_picked":["Consecrate","Weave"],"picked":"EmptyMind","floor":27.0},{"not_picked":["JustLucky","EmptyFist","Weave+1"],"picked":"SKIP","floor":28.0},{"not_picked":["DeusExMachina","DevaForm"],"picked":"Brilliance","floor":33.0},{"not_picked":["Establishment","EmptyMind"],"picked":"Protect","floor":35.0},{"not_picked":["ThirdEye","FlyingSleeves+1","CrushJoints"],"picked":"SKIP","floor":37.0},{"not_picked":["EmptyMind+1","Crescendo+1"],"picked":"DeceiveReality+1","floor":39.0},{"not_picked":["Conclude+1","Devotion"],"picked":"ClearTheMind+1","floor":41.0},{"not_picked":["CarveReality+1","FearNoEvil+1","Sanctity+1"],"picked":"SKIP","floor":42.0},{"not_picked":["Crescendo","Adaptation","Brilliance"],"picked":"SKIP","floor":44.0},{"not_picked":["JustLucky+1","CrushJoints"],"picked":"EmptyBody+1","floor":46.0},{"not_picked":["Halt","CrushJoints+1","EmptyMind+1"],"picked":"SKIP","floor":47.0},{"not_picked":["EmptyBody+1","ClearTheMind+1"],"picked":"WindmillStrike+1","floor":48.0}],"player_experience":3234754,"relics_obtained":[{"floor":6.0,"key":"Dead Branch"},{"floor":9.0,"key":"Letter Opener"},{"floor":20.0,"key":"Red Mask"},{"floor":24.0,"key":"Sundial"},{"floor":26.0,"key":"Eternal Feather"},{"floor":28.0,"key":"MawBank"},{"floor":42.0,"key":"Bottled Tornado"},{"floor":48.0,"key":"Singing Bowl"}],"event_choices":[{"damage_healed":0.0,"max_hp_gain":0.0,"max_hp_loss":0.0,"gold_gain":0.0,"event_name":"The Woman in Blue","player_choice":"Bought 2 Potions","floor":4.0,"gold_loss":0.0,"damage_taken":0.0},{"damage_healed":0.0,"max_hp_gain":0.0,"max_hp_loss":0.0,"gold_gain":0.0,"event_name":"Lab","player_choice":"Got Potions","floor":13.0,"gold_loss":0.0,"damage_taken":0.0},{"cards_removed":["Strike_P"],"damage_healed":0.0,"max_hp_gain":0.0,"max_hp_loss":0.0,"gold_gain":0.0,"event_name":"Beggar","player_choice":"Gave Gold","floor":19.0,"gold_loss":75.0,"damage_taken":0.0},{"damage_healed":0.0,"max_hp_gain":0.0,"max_hp_loss":0.0,"gold_gain":0.0,"event_name":"Masked Bandits","player_choice":"Fought Bandits","floor":20.0,"gold_loss":0.0,"damage_taken":0.0},{"damage_healed":0.0,"max_hp_gain":0.0,"max_hp_loss":0.0,"gold_gain":0.0,"event_name":"FaceTrader","player_choice":"Trade","floor":21.0,"gold_loss":0.0,"damage_taken":0.0,"relics_obtained":["SsserpentHead"]}],"is_beta":true,"boss_relics":[{"not_picked":["Snecko Eye","Philosopher\u0027s Stone"],"picked":"VioletLotus"},{"not_picked":["Velvet Choker","Tiny House"],"picked":"Runic Pyramid"}],"items_purged_floors":[2,29,31,36],"is_endless":false,"potions_floor_spawned":[1,3,6,12,14,18,22,33,37,41,46],"ascension_level":2}