{"gold_per_floor":[116,216,228,242,257,257,237,254,280,280,6,6,22,34,34,134,134,149,166,18,30,30,30],"floor_reached":23,"playtime":1029,"items_purged":["Strike_B"],"score":235,"play_id":"43766b48-0c3d-4a1d-b872-5cc1b9425f1a","local_time":"20190914230152","is_ascension_mode":false,"campfire_choices":[{"data":"Zap","floor":6,"key":"SMITH"},{"floor":10,"key":"REST"},{"data":"Enlightenment","floor":12,"key":"SMITH"},{"floor":15,"key":"REST"}],"neow_cost":"NONE","seed_source_timestamp":1940982492900,"circlet_count":0,"master_deck":["Strike_B","Strike_B","Strike_B","Defend_B","Defend_B","Defend_B","Defend_B","Zap+1","Dualcast","Conserve Battery","Glacier","Beam Cell","All For One","Cold Snap","Capacitor","Gash","Enlightenment+1","Consume","Defragment","Creative AI","Go for the Eyes","Conserve Battery","Beam Cell"],"relics":["Cracked Core","Happy Flower","Boot","Cursed Key","Regal Pillow"],"potions_floor_usage":[16,16,16,21],"damage_taken":[{"damage":7,"enemies":"2 Louse","floor":1,"turns":2},{"damage":1,"enemies":"Cultist","floor":3,"turns":3},{"damage":1,"enemies":"Small Slimes","floor":4,"turns":4},{"damage":6,"enemies":"3 Louse","floor":5,"turns":3},{"damage":13,"enemies":"Exordium Thugs","floor":8,"turns":4},{"damage":14,"enemies":"Large Slime","floor":13,"turns":5},{"damage":11,"enemies":"Red Slaver","floor":14,"turns":3},{"damage":0,"enemies":"Slime Boss","floor":16,"turns":5},{"damage":9,"enemies":"3 Byrds","floor":18,"turns":6},{"damage":8,"enemies":"Spheric Guardian","floor":19,"turns":4},{"damage":20,"enemies":"Centurion and Healer","floor":21,"turns":8},{"damage":49,"enemies":"Gremlin Leader","floor":23,"turns":5}],"seed_played":"-4827586863087330998","potions_obtained":[{"floor":1,"key":"SteroidPotion"},{"floor":5,"key":"SteroidPotion"},{"floor":7,"key":"AttackPotion"},{"floor":8,"key":"LiquidBronze"},{"floor":18,"key":"AttackPotion"}],"is_trial":false,"path_per_floor":["M","?","M","M","M","R","?","M","T","R","$","R","M","M","R","B",null,"M","M","$","M","$","E"],"character_chosen":"DEFECT","items_purchased":["Capacitor","Gash","Enlightenment","Regal Pillow"],"campfire_rested":2,"item_purchase_floors":[11,11,11,20],"current_hp_per_floor":[68,68,67,66,60,60,60,47,47,69,69,69,55,44,66,66,75,66,58,58,38,38,0],"gold":30,"neow_bonus":"RANDOM_COMMON_RELIC","is_prod":false,"is_daily":false,"chose_seed":false,"campfire_upgraded":2,"win_rate":0,"timestamp":1568473312,"path_taken":["M","?","?","M","M","R","?","M","T","R","$","R","?","M","R","BOSS","M","M","$","M","$","E"],"build_version":"2019-07-17","purchased_purges":1,"victory":false,"max_hp_per_floor":[75,75,75,75,75,75,75,75,75,75,75,75,75,75,75,75,75,75,75,75,75,75,75],"card_choices":[{"not_picked":["Reprogram","Stack"],"picked":"Conserve Battery","floor":1},{"not_picked":["Recycle","Barrage"],"picked":"Glacier","floor":3},{"not_picked":["Steam Power","Hologram"],"picked":"Beam Cell","floor":4},{"not_picked":["Stack","White Noise"],"picked":"All For One","floor":5},{"not_picked":["Compile Driver","Conserve Battery"],"picked":"Cold Snap","floor":8},{"not_picked":["Cold Snap","Compile Driver"],"picked":"Consume","floor":13},{"not_picked":["Sweeping Beam","Barrage"],"picked":"Defragment","floor":14},{"not_picked":["Electrodynamics","Reboot"],"picked":"Creative AI","floor":16},{"not_picked":["Streamline","Double Energy"],"picked":"Go for the Eyes","floor":18},{"not_picked":["Stack","Force Field"],"picked":"Conserve Battery","floor":19},{"not_picked":["Barrage","Cold Snap"],"picked":"Beam Cell","floor":21}],"player_experience":372802,"relics_obtained":[{"floor":9,"key":"Boot"}],"event_choices":[{"damage_healed":0,"gold_gain":100,"player_choice":"Pray","damage_taken":0,"max_hp_gain":0,"max_hp_loss":0,"event_name":"Golden Shrine","floor":2,"gold_loss":0},{"damage_healed":0,"gold_gain":0,"player_choice":"Bought 1 Potion","damage_taken":0,"max_hp_gain":0,"max_hp_loss":0,"event_name":"The Woman in Blue","floor":7,"gold_loss":0}],"is_beta":false,"boss_relics":[{"not_picked":["Runic Dome","Tiny House"],"picked":"Cursed Key"}],"items_purged_floors":[11],"is_endless":false,"potions_floor_spawned":[1,5,8,18],"killed_by":"Gremlin Leader","ascension_level":0}