{"gold_per_floor":[118,74,89,0,15,15,40,40,90,90,40,60,70,84,84,160,160,172,182,132,57,57,57,72,72,72,72,22,42,42,77,77,148,148,168,168,181,193,36,64,14,45,45,75,95,95,95,108,108,108,108,108,108,58,92,92],"floor_reached":57,"playtime":1751,"items_purged":["Strike_G","Strike_G","Defend_G","Defend_G","Acrobatics","Terror"],"score":3520,"play_id":"53f549e2-1d1e-488d-b382-cdbce3c20623","local_time":"20190820151835","is_ascension_mode":true,"campfire_choices":[{"data":"Neutralize","floor":6.0,"key":"SMITH"},{"data":"Deadly Poison","floor":10.0,"key":"SMITH"},{"data":"Tactician","floor":15.0,"key":"SMITH"},{"data":"Phantasmal Killer","floor":23.0,"key":"SMITH"},{"data":"Acrobatics","floor":25.0,"key":"SMITH"},{"data":"Prepared","floor":27.0,"key":"SMITH"},{"floor":32.0,"key":"RECALL"},{"data":"Impatience","floor":47.0,"key":"SMITH"},{"data":"Well Laid Plans","floor":49.0,"key":"SMITH"},{"data":"Backflip","floor":53.0,"key":"SMITH"}],"neow_cost":"TEN_PERCENT_HP_LOSS","seed_source_timestamp":472717022396781,"circlet_count":0,"master_deck":["AscendersBane","Defend_G","Defend_G","Survivor","Neutralize+1","Well Laid Plans+1","Tactician+1","Terror","Backflip+1","Grand Finale","Adrenaline","Prepared+1","Phantasmal Killer+1","Acrobatics+1","PiercingWail","Impatience+1","Calculated Gamble+1","Escape Plan"],"special_seed":0,"relics":["Ring of the Snake","FossilizedHelix","Smiling Mask","Boot","Empty Cage","Bag of Preparation","Philosopher\u0027s Stone","Paper Crane","Gremlin Horn","PreservedInsect","Unceasing Top","CultistMask","Bag of Marbles"],"potions_floor_usage":[56,56],"damage_taken":[{"damage":3.0,"enemies":"Cultist","floor":1.0,"turns":4.0},{"damage":1.0,"enemies":"Small Slimes","floor":3.0,"turns":4.0},{"damage":0.0,"enemies":"2 Louse","floor":5.0,"turns":4.0},{"damage":27.0,"enemies":"Gremlin Nob","floor":7.0,"turns":6.0},{"damage":1.0,"enemies":"Large Slime","floor":12.0,"turns":6.0},{"damage":4.0,"enemies":"Exordium Thugs","floor":13.0,"turns":5.0},{"damage":0.0,"enemies":"3 Louse","floor":14.0,"turns":5.0},{"damage":6.0,"enemies":"The Guardian","floor":16.0,"turns":8.0},{"damage":18.0,"enemies":"3 Byrds","floor":18.0,"turns":8.0},{"damage":6.0,"enemies":"Shell Parasite","floor":19.0,"turns":4.0},{"damage":0.0,"enemies":"3 Cultists","floor":24.0,"turns":3.0},{"damage":0.0,"enemies":"Chosen and Byrds","floor":29.0,"turns":2.0},{"damage":0.0,"enemies":"Gremlin Leader","floor":31.0,"turns":2.0},{"damage":0.0,"enemies":"Collector","floor":33.0,"turns":2.0},{"damage":0.0,"enemies":"Orb Walker","floor":35.0,"turns":3.0},{"damage":0.0,"enemies":"3 Shapes","floor":37.0,"turns":1.0},{"damage":0.0,"enemies":"Spire Growth","floor":38.0,"turns":1.0},{"damage":0.0,"enemies":"Giant Head","floor":40.0,"turns":1.0},{"damage":0.0,"enemies":"Reptomancer","floor":42.0,"turns":1.0},{"damage":0.0,"enemies":"Giant Head","floor":44.0,"turns":1.0},{"damage":0.0,"enemies":"Sphere and 2 Shapes","floor":45.0,"turns":1.0},{"damage":0.0,"enemies":"Maw","floor":48.0,"turns":1.0},{"damage":0.0,"enemies":"Time Eater","floor":50.0,"turns":2.0},{"damage":0.0,"enemies":"Awakened One","floor":51.0,"turns":2.0},{"damage":0.0,"enemies":"Shield and Spear","floor":55.0,"turns":1.0},{"damage":54,"enemies":"The Heart","floor":56,"turns":8}],"seed_played":"-1926416522668550278","potions_obtained":[{"floor":1.0,"key":"EssenceOfSteel"},{"floor":5.0,"key":"Dexterity Potion"},{"floor":7.0,"key":"PowerPotion"},{"floor":14.0,"key":"AttackPotion"},{"floor":19.0,"key":"Fire Potion"},{"floor":24.0,"key":"Energy Potion"}],"is_trial":false,"path_per_floor":["M","$","M","$","M","R","E","$","T","R","$","M","M","M","R","B",null,"M","M","$","?","?","R","M","R","T","R","$","M","?","E","R","B",null,"M","?","M","M","$","E","$","E","T","E","M","?","R","M","R","B","B",null,"R","$","E","B",null],"character_chosen":"THE_SILENT","items_purchased":["Well Laid Plans","Terror","Impatience"],"campfire_rested":0,"item_purchase_floors":[2,4,39],"current_hp_per_floor":[56,56,55,55,55,55,28,28,28,28,28,27,23,23,23,17,49,31,25,25,25,25,25,25,25,25,25,25,25,25,25,25,25,51,51,51,51,51,51,51,51,51,51,51,51,51,51,51,51,51,51,58,58,58,58,4],"gold":92,"neow_bonus":"ONE_RARE_RELIC","is_prod":false,"is_daily":false,"chose_seed":false,"campfire_upgraded":9,"win_rate":0,"timestamp":1566281915,"path_taken":["M","$","M","?","M","R","E","?","T","R","$","?","M","M","R","BOSS","M","M","$","?","?","R","M","R","T","R","$","M","?","E","R","BOSS","M","?","M","M","$","E","$","E","T","E","M","?","R","?","R","BOSS","BOSS","R","$","E","BOSS"],"build_version":"2019-07-17","purchased_purges":6,"victory":true,"max_hp_per_floor":[60,60,60,60,60,60,60,60,60,60,60,60,60,60,60,60,60,60,60,60,60,60,60,60,60,60,60,60,60,60,60,60,60,60,60,60,60,60,60,60,60,60,60,60,60,60,60,60,60,60,60,60,60,60,60,60],"card_choices":[{"not_picked":["Quick Slash","Poisoned Stab","Flying Knee"],"picked":"SKIP","floor":1.0},{"not_picked":["Sucker Punch","Bane"],"picked":"Tactician","floor":3.0},{"not_picked":["Underhanded Strike","Outmaneuver"],"picked":"Backflip","floor":5.0},{"not_picked":["Eviscerate","Slice"],"picked":"Deadly Poison","floor":7.0},{"not_picked":["Dodge and Roll","Flying Knee"],"picked":"Grand Finale","floor":12.0},{"not_picked":["Poisoned Stab","Sucker Punch","Flying Knee"],"picked":"SKIP","floor":13.0},{"not_picked":["Skewer","Crippling Poison","Dagger Throw"],"picked":"SKIP","floor":14.0},{"not_picked":["Unload","Wraith Form v2"],"picked":"Adrenaline","floor":16.0},{"not_picked":["Flying Knee","Dagger Spray","Backstab"],"picked":"SKIP","floor":18.0},{"not_picked":["Dagger Throw","Outmaneuver"],"picked":"Prepared","floor":19.0},{"not_picked":["Concentrate","Slice"],"picked":"Acrobatics","floor":24.0},{"not_picked":["Dagger Throw","Tactician","Riddle With Holes"],"picked":"SKIP","floor":29.0},{"not_picked":["Catalyst+1","Blade Dance","Dodge and Roll"],"picked":"SKIP","floor":31.0},{"not_picked":["Skewer+1","Dagger Throw+1"],"picked":"Acrobatics","floor":35.0},{"not_picked":["Cloak And Dagger","Acrobatics+1","Dodge and Roll+1"],"picked":"SKIP","floor":37.0},{"not_picked":["Underhanded Strike","Poisoned Stab","PiercingWail"],"picked":"SKIP","floor":38.0},{"not_picked":["Underhanded Strike","Poisoned Stab"],"picked":"PiercingWail","floor":38.0},{"not_picked":["Glass Knife","Skewer"],"picked":"Calculated Gamble+1","floor":40.0},{"not_picked":["Deadly Poison+1","Leg Sweep","Dagger Spray"],"picked":"SKIP","floor":42.0},{"not_picked":["Flechettes","Malaise","Poisoned Stab"],"picked":"SKIP","floor":44.0},{"not_picked":["Sucker Punch","Blade Dance","Prepared"],"picked":"SKIP","floor":45.0},{"not_picked":["Flying Knee+1","Escape Plan","Expertise"],"picked":"SKIP","floor":48.0},{"not_picked":["Flying Knee+1","Escape Plan","Expertise"],"picked":"SKIP","floor":48.0},{"not_picked":["Flying Knee+1","Expertise"],"picked":"Escape Plan","floor":48.0},{"not_picked":["Acrobatics","Deadly Poison","Predator"],"picked":"SKIP","floor":55.0}],"player_experience":956905,"relics_obtained":[{"floor":7.0,"key":"Smiling Mask"},{"floor":9.0,"key":"Boot"},{"floor":31.0,"key":"Bag of Preparation"},{"floor":40.0,"key":"Paper Crane"},{"floor":42.0,"key":"Gremlin Horn"},{"floor":43.0,"key":"PreservedInsect"},{"floor":44.0,"key":"Unceasing Top"},{"floor":55.0,"key":"Bag of Marbles"}],"event_choices":[{"cards_removed":["Strike_G"],"damage_healed":0.0,"max_hp_gain":0.0,"max_hp_loss":0.0,"gold_gain":0.0,"event_name":"Beggar","player_choice":"Gave Gold","floor":21.0,"gold_loss":75.0,"damage_taken":0.0},{"damage_healed":0.0,"max_hp_gain":0.0,"max_hp_loss":0.0,"gold_gain":0.0,"cards_transformed":["Defend_G","Deadly Poison"],"event_name":"Drug Dealer","player_choice":"Became Test Subject","floor":22.0,"gold_loss":0.0,"damage_taken":0.0,"cards_obtained":["Phantasmal Killer","Terror"]},{"damage_healed":0.0,"max_hp_gain":0.0,"max_hp_loss":0.0,"gold_gain":0.0,"event_name":"Vampires","player_choice":"Ignored","floor":30.0,"gold_loss":0.0,"damage_taken":0.0},{"damage_healed":0.0,"max_hp_gain":0.0,"max_hp_loss":0.0,"gold_gain":0.0,"event_name":"Tomb of Lord Red Mask","player_choice":"Ignored","floor":36.0,"gold_loss":0.0,"damage_taken":0.0},{"damage_healed":0.0,"max_hp_gain":0.0,"max_hp_loss":0.0,"gold_gain":0.0,"event_name":"FaceTrader","player_choice":"Trade","floor":46.0,"gold_loss":0.0,"damage_taken":0.0,"relics_obtained":["CultistMask"]}],"is_beta":false,"boss_relics":[{"not_picked":["HoveringKite","Fusion Hammer"],"picked":"Empty Cage"},{"not_picked":["Runic Dome","Orrery"],"picked":"Philosopher\u0027s Stone"}],"items_purged_floors":[11,20,28,39,41,54],"is_endless":false,"potions_floor_spawned":[1,5,7,14,19,24,31,35,40,44],"ascension_level":20}