{"gold_per_floor":[111,111,111,76,41,72,72,92,92,92,102,119,130,140,140,241,241,256,272,289,33,44,44,44,5,31,31,58,83,96,12,12,12],"floor_reached":33,"playtime":3342,"items_purged":[],"score":317,"play_id":"160d8721-5d08-4d26-8837-07e24192672d","local_time":"20181229214908","is_ascension_mode":false,"campfire_choices":[{"floor":7,"key":"REST"},{"floor":10,"key":"REST"},{"floor":15,"key":"REST"},{"floor":23,"key":"REST"},{"floor":27,"key":"REST"},{"floor":32,"key":"REST"}],"neow_cost":"NONE","seed_source_timestamp":0,"circlet_count":0,"master_deck":["Strike_B","Strike_B","Strike_B","Defend_B","Defend_B","Defend_B","Defend_B","Zap+1","Dualcast","Steam+1","Storm","Barrage","Steam","Streamline","Steam+1","Rainbow","Barrage+1","Melter+1","All For One+1","Sweeping Beam","Steam+1","Auto Shields+1","Capacitor","Sadistic Nature","BootSequence+1","Doom and Gloom","BootSequence","Genetic Algorithm+1","Deep Breath"],"special_seed":0,"relics":["Cracked Core","Vajra","Pear","Astrolabe","War Paint","Girya","Strawberry"],"potions_floor_usage":[16,16,16,20,33,33],"damage_taken":[{"damage":3.0,"enemies":"Jaw Worm","floor":1.0,"turns":4.0},{"damage":51.0,"enemies":"Lagavulin","floor":6.0,"turns":11.0},{"damage":7,"enemies":"Small Slimes","floor":8,"turns":3},{"damage":0,"enemies":"Cultist","floor":11,"turns":4},{"damage":2,"enemies":"2 Fungi Beasts","floor":12,"turns":3},{"damage":10,"enemies":"Looter","floor":13,"turns":3},{"damage":2,"enemies":"Blue Slaver","floor":14,"turns":3},{"damage":36,"enemies":"The Guardian","floor":16,"turns":14},{"damage":0,"enemies":"Spheric Guardian","floor":18,"turns":1},{"damage":32,"enemies":"3 Byrds","floor":19,"turns":6},{"damage":13,"enemies":"Snecko","floor":20,"turns":4},{"damage":14,"enemies":"Sentry and Sphere","floor":22,"turns":5},{"damage":46,"enemies":"Book of Stabbing","floor":28,"turns":7},{"damage":14,"enemies":"Shelled Parasite and Fungi","floor":30,"turns":6},{"damage":53,"enemies":"Collector","floor":33,"turns":6}],"seed_played":"157901961642810080","potions_obtained":[{"floor":6,"key":"Block Potion"},{"floor":11,"key":"Energy Potion"},{"floor":12,"key":"Block Potion"},{"floor":16,"key":"LiquidBronze"},{"floor":18,"key":"LiquidBronze"},{"floor":19,"key":"Explosive Potion"}],"is_trial":false,"path_per_floor":["M","?","?","$","?","E","E","R","M","T","R","M","M","M","M","R","B",null,"M","M","M","$","M","R","?","$","T","R","E","T","M","$","R","B"],"character_chosen":"DEFECT","items_purchased":["Storm","Capacitor","Sadistic Nature","Doom and Gloom","Deep Breath"],"campfire_rested":6,"item_purchase_floors":[4,21,21,25,31],"current_hp_per_floor":[72,72,72,72,72,21,43,36,46,71,71,69,59,57,82,46,85,85,53,40,40,26,51,51,51,51,76,30,37,23,23,50,0],"gold":12,"neow_bonus":"UPGRADE_CARD","is_prod":false,"is_daily":false,"chose_seed":false,"campfire_upgraded":0,"win_rate":0.0,"timestamp":1546148948,"path_taken":["M","?","?","$","?","E","R","M","T","R","M","M","M","M","R","BOSS","M","M","M","$","M","R","?","$","T","R","E","?","M","$","R","BOSS"],"build_version":"2018-12-20","purchased_purges":0,"victory":false,"max_hp_per_floor":[75,75,75,75,75,75,75,75,85,85,85,85,85,85,85,85,85,85,85,85,85,85,85,85,85,85,85,85,92,92,92,92,92],"card_choices":[{"not_picked":["Cold Snap","Hologram"],"picked":"Steam","floor":1.0},{"not_picked":["Streamline","Chill"],"picked":"Barrage","floor":6},{"not_picked":["Reprogram","Force Field"],"picked":"Compile Driver","floor":8},{"not_picked":["Chaos","Gash"],"picked":"Steam","floor":11},{"not_picked":["Fusion","Coolheaded"],"picked":"Streamline","floor":12},{"not_picked":["Multi-Cast","Rebound"],"picked":"Steam","floor":13},{"not_picked":["Streamline","Coolheaded"],"picked":"Hologram","floor":14},{"not_picked":["Thunder Strike","Buffer"],"picked":"Rainbow","floor":16},{"not_picked":["Rebound","Glacier+1"],"picked":"Sweeping Beam","floor":18},{"not_picked":["Hello World+1","Rebound"],"picked":"Steam+1","floor":19},{"not_picked":["Melter+1","Streamline"],"picked":"Auto Shields+1","floor":20},{"not_picked":["Coolheaded+1","Go for the Eyes"],"picked":"BootSequence","floor":22},{"not_picked":["Capacitor","Force Field"],"picked":"BootSequence","floor":28},{"not_picked":["Aggregate","Coolheaded+1"],"picked":"Genetic Algorithm+1","floor":30}],"player_experience":66936,"relics_obtained":[{"floor":6,"key":"Vajra"},{"floor":9,"key":"Pear"},{"floor":26,"key":"War Paint"},{"floor":28,"key":"Girya"},{"floor":29,"key":"Strawberry"}],"event_choices":[{"damage_healed":0.0,"max_hp_gain":0.0,"max_hp_loss":0.0,"gold_gain":0.0,"event_name":"The Cleric","player_choice":"Leave","floor":2.0,"gold_loss":0.0,"damage_taken":0.0},{"damage_healed":0.0,"max_hp_gain":0.0,"max_hp_loss":0.0,"gold_gain":0.0,"event_name":"Living Wall","player_choice":"Grow","floor":3.0,"gold_loss":0.0,"damage_taken":0.0,"cards_upgraded":["Steam"]},{"damage_healed":0.0,"max_hp_gain":0.0,"max_hp_loss":0.0,"gold_gain":0.0,"event_name":"World of Goop","player_choice":"Left Gold","floor":5.0,"gold_loss":35.0,"damage_taken":0.0},{"damage_healed":0,"gold_gain":0,"player_choice":"Ignored","damage_taken":0,"max_hp_gain":0,"max_hp_loss":0,"event_name":"Vampires","floor":24,"gold_loss":0}],"is_beta":false,"boss_relics":[{"not_picked":["Runic Pyramid","Ectoplasm"],"picked":"Astrolabe"}],"items_purged_floors":[],"is_endless":false,"potions_floor_spawned":[6,11,12,14,16,18,19],"killed_by":"Collector","ascension_level":0}