{"gold_per_floor":[115,65,65,82,94,129,129,185,185,185,56,17,17,35,35,139,139,110,124,124,139,139,139,173,192,215,215],"floor_reached":27,"playtime":1461,"items_purged":["Strike_R"],"score":231,"play_id":"f6e47c56-84b6-4d26-8c87-b8f30529cecc","local_time":"20190919181926","is_ascension_mode":false,"campfire_choices":[{"data":"Bash","floor":7,"key":"SMITH"},{"data":"Armaments","floor":10,"key":"SMITH"},{"floor":15,"key":"REST"},{"data":"Rampage","floor":23,"key":"SMITH"}],"neow_cost":"CURSE","seed_source_timestamp":1990905108860200,"circlet_count":0,"master_deck":["Strike_R","Strike_R","Defend_R","Defend_R","Defend_R","Defend_R","Bash+1","Pummel","Clothesline","Iron Wave","Rampage+1","Armaments+1","Cleave+1","Reaper+1","Searing Blow+1"],"relics":["Burning Blood","Centennial Puzzle","Gambling Chip","Molten Egg 2","Busted Crown","Mango","Dream Catcher"],"potions_floor_usage":[8,16,16,25],"damage_taken":[{"damage":9,"enemies":"Small Slimes","floor":1,"turns":5},{"damage":1,"enemies":"Cultist","floor":4,"turns":3},{"damage":8,"enemies":"Jaw Worm","floor":5,"turns":4},{"damage":25,"enemies":"3 Sentries","floor":6,"turns":11},{"damage":42,"enemies":"Lagavulin Event","floor":8,"turns":6},{"damage":7,"enemies":"3 Louse","floor":14,"turns":2},{"damage":66,"enemies":"The Guardian","floor":16,"turns":13},{"damage":16,"enemies":"2 Thieves","floor":18,"turns":5},{"damage":25,"enemies":"Shell Parasite","floor":19,"turns":7},{"damage":7,"enemies":"Snecko","floor":21,"turns":4},{"damage":62,"enemies":"Book of Stabbing","floor":24,"turns":7},{"damage":15,"enemies":"Snake Plant","floor":25,"turns":5},{"damage":37,"enemies":"Sentry and Sphere","floor":27,"turns":7}],"seed_played":"-5681845420598122147","potions_obtained":[{"floor":3,"key":"BloodPotion"},{"floor":3,"key":"Regen Potion"},{"floor":3,"key":"SneckoOil"},{"floor":8,"key":"Poison Potion"},{"floor":24,"key":"Ancient Potion"}],"is_trial":false,"path_per_floor":["M","?","?","M","M","E","R","?","T","R","$","?","$","M","R","B",null,"M","M","?","M","$","R","E","M","T","M"],"character_chosen":"IRONCLAD","items_purchased":["Cleave+1"],"campfire_rested":1,"item_purchase_floors":[11],"current_hp_per_floor":[77,77,77,80,78,59,59,38,38,38,38,38,38,37,61,21,80,80,61,80,80,80,80,38,33,33,0],"gold":215,"neow_bonus":"TRANSFORM_TWO_CARDS","is_prod":false,"is_daily":false,"chose_seed":false,"campfire_upgraded":3,"win_rate":0,"timestamp":1568931566,"path_taken":["M","?","?","?","M","E","R","?","T","R","$","?","?","M","R","BOSS","M","M","?","M","$","R","E","M","T","M"],"build_version":"2019-07-17","purchased_purges":1,"victory":false,"max_hp_per_floor":[80,80,80,80,80,80,80,80,80,80,80,80,80,80,80,80,80,80,80,80,80,80,80,94,94,94,94],"card_choices":[{"not_picked":["Pommel Strike","Perfected Strike"],"picked":"Iron Wave","floor":1},{"not_picked":["Pommel Strike","Battle Trance"],"picked":"Evolve","floor":4},{"not_picked":["Pommel Strike","Body Slam","Clothesline"],"picked":"SKIP","floor":5},{"not_picked":["Flame Barrier","Offering"],"picked":"Rampage","floor":6},{"not_picked":["Flex","Warcry"],"picked":"Armaments","floor":8},{"not_picked":["Flex","Second Wind","Feel No Pain"],"picked":"SKIP","floor":14},{"not_picked":["Impervious","Dark Embrace"],"picked":"Reaper+1","floor":16},{"not_picked":[],"picked":"Searing Blow+1","floor":18},{"not_picked":["True Grit"],"picked":"SKIP","floor":19},{"not_picked":["Shrug It Off"],"picked":"SKIP","floor":21},{"not_picked":["Warcry"],"picked":"SKIP","floor":24},{"not_picked":["Havoc"],"picked":"SKIP","floor":25}],"player_experience":101993,"relics_obtained":[{"floor":6,"key":"Centennial Puzzle"},{"floor":9,"key":"Molten Egg 2"},{"floor":24,"key":"Mango"},{"floor":26,"key":"Dream Catcher"}],"event_choices":[{"cards_removed":["Decay"],"damage_healed":0,"gold_gain":0,"player_choice":"Card Removal","damage_taken":0,"max_hp_gain":0,"max_hp_loss":0,"event_name":"The Cleric","floor":2,"gold_loss":50},{"damage_healed":0,"gold_gain":0,"player_choice":"Got Potions","damage_taken":0,"max_hp_gain":0,"max_hp_loss":0,"event_name":"Lab","floor":3,"gold_loss":0},{"damage_healed":0,"gold_gain":0,"player_choice":"Searched \u00272\u0027 times","damage_taken":0,"relics_obtained":["Gambling Chip"],"max_hp_gain":0,"max_hp_loss":0,"event_name":"Dead Adventurer","floor":8,"gold_loss":0},{"damage_healed":0,"gold_gain":0,"player_choice":"Left Gold","damage_taken":0,"max_hp_gain":0,"max_hp_loss":0,"event_name":"World of Goop","floor":12,"gold_loss":39},{"cards_removed":["Evolve"],"damage_healed":19,"gold_gain":0,"player_choice":"Offered Uncommon","damage_taken":0,"max_hp_gain":0,"max_hp_loss":0,"event_name":"Bonfire Elementals","floor":20,"gold_loss":0}],"is_beta":false,"boss_relics":[{"not_picked":["Snecko Eye","Runic Dome"],"picked":"Busted Crown"}],"items_purged_floors":[11],"is_endless":false,"potions_floor_spawned":[5,8,14,24],"killed_by":"Sentry and Sphere","ascension_level":0}