{"gold_per_floor":[109,119,130,205,216,216,251,251,251,267,281,316,316,329,329,432,432,447,15,29,46,146,146,162,162,162,162,9,22,42,52,52,52],"floor_reached":33,"playtime":3044,"items_purged":[],"score":263,"play_id":"eef83763-3111-4482-8d74-c4c0a8734edf","local_time":"20190821152843","is_ascension_mode":false,"campfire_choices":[{"floor":6,"key":"REST"},{"floor":13,"key":"REST"},{"floor":15,"key":"REST"},{"floor":23,"key":"REST"},{"floor":25,"key":"REST"},{"floor":32,"key":"REST"}],"neow_cost":"NONE","seed_source_timestamp":60151233361776,"circlet_count":0,"master_deck":["Strike_R","Strike_R","Strike_R","Strike_R","Strike_R","Defend_R","Defend_R","Defend_R","Defend_R","Bash","Heavy Blade","Anger","Shrug It Off","Flame Barrier","Perfected Strike","Shrug It Off","Anger","Impervious","Ghostly Armor","Armaments","Clothesline","Spot Weakness","Infernal Blade","Cleave+1","Wild Strike+1","Flex","Pommel Strike","Rage"],"relics":["Burning Blood","NeowsBlessing","Juzu Bracelet","Mummified Hand","Mango","Black Star","Nunchaku","Unceasing Top","Pantograph","Anchor"],"potions_floor_usage":[10,12,12,20,21,21,21,21,30,31],"damage_taken":[{"damage":0,"enemies":"2 Louse","floor":1,"turns":1},{"damage":0,"enemies":"Cultist","floor":2,"turns":1},{"damage":0,"enemies":"Small Slimes","floor":3,"turns":1},{"damage":12,"enemies":"Red Slaver","floor":5,"turns":5},{"damage":42,"enemies":"Lagavulin","floor":7,"turns":11},{"damage":11,"enemies":"Gremlin Gang","floor":10,"turns":4},{"damage":3,"enemies":"2 Fungi Beasts","floor":11,"turns":4},{"damage":11,"enemies":"Gremlin Nob","floor":12,"turns":5},{"damage":7,"enemies":"Blue Slaver","floor":14,"turns":4},{"damage":85,"enemies":"The Guardian","floor":16,"turns":16},{"damage":32,"enemies":"Shell Parasite","floor":18,"turns":11},{"damage":13,"enemies":"3 Byrds","floor":20,"turns":6},{"damage":62,"enemies":"Shelled Parasite and Fungi","floor":21,"turns":11},{"damage":39,"enemies":"Snake Plant","floor":24,"turns":9},{"damage":32,"enemies":"Centurion and Healer","floor":29,"turns":11},{"damage":36,"enemies":"3 Cultists","floor":30,"turns":5},{"damage":15,"enemies":"Sentry and Sphere","floor":31,"turns":6},{"damage":78,"enemies":"Automaton","floor":33,"turns":6}],"seed_played":"-7649863500743462338","potions_obtained":[{"floor":2,"key":"Energy Potion"},{"floor":3,"key":"Fire Potion"},{"floor":11,"key":"Weak Potion"},{"floor":18,"key":"EntropicBrew"},{"floor":20,"key":"SkillPotion"},{"floor":29,"key":"AttackPotion"},{"floor":30,"key":"Regen Potion"}],"is_trial":false,"path_per_floor":["M","M","M","?","M","R","E","?","T","M","M","E","R","M","R","B",null,"M","$","M","M","?","R","M","R","T","T","$","M","M","M","R","B"],"character_chosen":"IRONCLAD","items_purchased":["Nunchaku","Clothesline","Spot Weakness","Weak Potion","Anchor"],"campfire_rested":6,"item_purchase_floors":[19,19,19,19,28],"current_hp_per_floor":[80,80,80,69,63,80,44,44,44,39,42,51,79,78,94,15,94,68,68,61,28,28,56,23,51,51,51,51,25,8,14,42,0],"gold":52,"neow_bonus":"THREE_ENEMY_KILL","is_prod":false,"is_daily":false,"chose_seed":false,"campfire_upgraded":0,"win_rate":0.0,"timestamp":1566426523,"path_taken":["M","M","M","?","M","R","E","?","T","M","M","E","R","M","R","BOSS","M","$","M","M","?","R","M","R","T","?","$","M","M","M","R","BOSS"],"build_version":"2019-07-17","purchased_purges":0,"victory":false,"max_hp_per_floor":[80,80,80,80,80,80,80,80,80,80,80,94,94,94,94,94,94,94,94,94,94,94,94,94,94,94,94,94,94,94,94,94,94],"card_choices":[{"not_picked":["Clash","Combust"],"picked":"Heavy Blade","floor":1},{"not_picked":["Thunderclap","Infernal Blade"],"picked":"Anger","floor":2},{"not_picked":["Body Slam","Burning Pact"],"picked":"Shrug It Off","floor":3},{"not_picked":["Bludgeon","Warcry"],"picked":"Flame Barrier","floor":5},{"not_picked":["Berserk","Havoc"],"picked":"Perfected Strike","floor":7},{"not_picked":["Heavy Blade","Bloodletting"],"picked":"Shrug It Off","floor":10},{"not_picked":["Headbutt","Spot Weakness"],"picked":"Anger","floor":11},{"not_picked":["Seeing Red","Pummel"],"picked":"Impervious","floor":12},{"not_picked":["Combust","Headbutt"],"picked":"Ghostly Armor","floor":14},{"not_picked":["Cleave","Twin Strike"],"picked":"Armaments","floor":18},{"not_picked":["Clash","Havoc"],"picked":"Infernal Blade","floor":20},{"not_picked":["Armaments","Feel No Pain"],"picked":"Cleave+1","floor":21},{"not_picked":["Seeing Red","Perfected Strike"],"picked":"Wild Strike+1","floor":24},{"not_picked":["Iron Wave","Anger"],"picked":"Flex","floor":29},{"not_picked":["Bloodletting","Bludgeon"],"picked":"Pommel Strike","floor":30},{"not_picked":["Inflame","Shockwave+1"],"picked":"Rage","floor":31}],"player_experience":405757,"relics_obtained":[{"floor":7,"key":"Juzu Bracelet"},{"floor":9,"key":"Mummified Hand"},{"floor":12,"key":"Mango"},{"floor":26,"key":"Unceasing Top"},{"floor":27,"key":"Pantograph"}],"event_choices":[{"damage_healed":0,"gold_gain":75,"player_choice":"Gather Gold","damage_taken":11,"max_hp_gain":0,"max_hp_loss":0,"event_name":"World of Goop","floor":4,"gold_loss":0},{"damage_healed":0,"gold_gain":0,"player_choice":"Ignored","damage_taken":0,"max_hp_gain":0,"max_hp_loss":0,"event_name":"Purifier","floor":8,"gold_loss":0},{"damage_healed":0,"gold_gain":100,"player_choice":"Pray","damage_taken":0,"max_hp_gain":0,"max_hp_loss":0,"event_name":"Golden Shrine","floor":22,"gold_loss":0}],"is_beta":false,"boss_relics":[{"not_picked":["Eternal Feather","Snecko Eye"],"picked":"Black Star"}],"items_purged_floors":[],"is_endless":false,"potions_floor_spawned":[2,3,11,18,20,29,30],"killed_by":"Automaton","ascension_level":0}