{"gold_per_floor":[115,132,57,70,70,70,100,111,111,135,100,0,15,25,25,125,125,105,122,122,140,158,158,158,170,170,170,0,0,0,28,28,28],"floor_reached":33,"playtime":1898,"items_purged":["Clumsy","Strike_G"],"score":257,"play_id":"4d552a75-6e74-4707-95f0-68cb77dfc381","local_time":"20190918063518","is_ascension_mode":false,"campfire_choices":[{"data":"Flying Knee","floor":6,"key":"SMITH"},{"data":"Noxious Fumes","floor":15,"key":"SMITH"},{"floor":23,"key":"REST"},{"floor":27,"key":"REST"},{"floor":29,"key":"REST"},{"floor":32,"key":"REST"}],"neow_cost":"CURSE","seed_source_timestamp":1861818821972800,"circlet_count":0,"master_deck":["Strike_G","Strike_G","Defend_G","Defend_G","Defend_G","Defend_G","Defend_G","Survivor","Neutralize+1","Flying Knee+1","Deflect","Noxious Fumes+1","Cloak And Dagger","Dagger Throw","Adrenaline","Envenom","Masterful Stab+1","Blade Dance+1","Bane"],"relics":["Ring of the Snake","WingedGreaves","Question Card","Odd Mushroom","Empty Cage","Paper Crane","Mummified Hand"],"potions_floor_usage":[10,16,16,22],"damage_taken":[{"damage":7,"enemies":"Jaw Worm","floor":1,"turns":4},{"damage":0,"enemies":"Small Slimes","floor":2,"turns":4},{"damage":0,"enemies":"Cultist","floor":4,"turns":4},{"damage":0,"enemies":"2 Fungi Beasts","floor":8,"turns":5},{"damage":13,"enemies":"The Mushroom Lair","floor":10,"turns":4},{"damage":5,"enemies":"Red Slaver","floor":13,"turns":6},{"damage":1,"enemies":"Looter","floor":14,"turns":3},{"damage":56,"enemies":"Hexaghost","floor":16,"turns":11},{"damage":9,"enemies":"2 Thieves","floor":18,"turns":4},{"damage":0,"enemies":"Chosen","floor":19,"turns":4},{"damage":19,"enemies":"Centurion and Healer","floor":21,"turns":7},{"damage":19,"enemies":"Shelled Parasite and Fungi","floor":22,"turns":8},{"damage":22,"enemies":"Snake Plant","floor":25,"turns":5},{"damage":72,"enemies":"Gremlin Leader","floor":31,"turns":8},{"damage":33,"enemies":"Collector","floor":33,"turns":4}],"seed_played":"6438460208255148379","potions_obtained":[{"floor":8,"key":"Explosive Potion"},{"floor":13,"key":"AttackPotion"},{"floor":14,"key":"Strength Potion"},{"floor":20,"key":"FearPotion"},{"floor":20,"key":"FairyPotion"},{"floor":20,"key":"SkillPotion"}],"is_trial":false,"path_per_floor":["M","M","$","M","?","R","?","M","T","?","?","$","M","M","R","B",null,"M","M","?","M","M","R","?","M","T","R","?","R","$","E","R","B"],"character_chosen":"THE_SILENT","items_purchased":[],"campfire_rested":4,"item_purchase_floors":[],"current_hp_per_floor":[63,63,63,63,63,63,63,63,63,50,67,67,62,61,61,5,70,61,61,61,42,23,44,44,22,22,43,43,64,64,7,28,0],"gold":28,"neow_bonus":"ONE_RARE_RELIC","is_prod":false,"is_daily":false,"chose_seed":false,"campfire_upgraded":2,"win_rate":0,"timestamp":1568802918,"path_taken":["M","M","$","M","?","R","?","M","T","?","?","$","M","M","R","BOSS","M","M","?","?","M","R","?","?","T","R","?","R","$","E","R","BOSS"],"build_version":"2019-07-17","purchased_purges":2,"victory":false,"max_hp_per_floor":[70,70,70,70,70,70,70,70,70,70,70,70,70,70,70,70,70,70,70,70,70,70,70,70,70,70,70,70,70,70,70,70,70],"card_choices":[{"not_picked":["Bane","Acrobatics"],"picked":"Flying Knee","floor":1},{"not_picked":["Prepared","Dagger Throw","PiercingWail"],"picked":"SKIP","floor":2},{"not_picked":["Blade Dance","Bane"],"picked":"Deflect","floor":4},{"not_picked":["Riddle With Holes","Night Terror"],"picked":"Noxious Fumes","floor":8},{"not_picked":["Deflect","Heel Hook","Quick Slash"],"picked":"Cloak And Dagger","floor":10},{"not_picked":["Choke","Reflex","Cloak And Dagger"],"picked":"Dagger Throw","floor":13},{"not_picked":["Heel Hook","PiercingWail","Flying Knee"],"picked":"Adrenaline","floor":14},{"not_picked":["A Thousand Cuts","Burst","Venomology"],"picked":"Envenom","floor":16},{"not_picked":["Dagger Spray","Outmaneuver","Blur+1"],"picked":"Masterful Stab+1","floor":18},{"not_picked":["Flying Knee","Bouncing Flask","Deflect+1"],"picked":"Blade Dance+1","floor":19},{"not_picked":["Sucker Punch","Underhanded Strike","Quick Slash"],"picked":"Bane","floor":21},{"not_picked":["Prepared","Outmaneuver","Underhanded Strike","Night Terror"],"picked":"SKIP","floor":22},{"not_picked":["Prepared+1","Flying Knee","Dodge and Roll","Sucker Punch"],"picked":"SKIP","floor":25},{"not_picked":["Well Laid Plans","Expertise","Poisoned Stab","Wraith Form v2"],"picked":"SKIP","floor":31}],"player_experience":69421,"relics_obtained":[{"floor":9,"key":"Question Card"},{"floor":10,"key":"Odd Mushroom"},{"floor":26,"key":"Paper Crane"},{"floor":31,"key":"Mummified Hand"}],"event_choices":[{"damage_healed":0,"gold_gain":0,"player_choice":"Grow","damage_taken":0,"max_hp_gain":0,"max_hp_loss":0,"event_name":"Living Wall","floor":5,"gold_loss":0,"cards_upgraded":["Neutralize"]},{"damage_healed":0,"gold_gain":30,"player_choice":"Searched \u00271\u0027 times","damage_taken":0,"max_hp_gain":0,"max_hp_loss":0,"event_name":"Dead Adventurer","floor":7,"gold_loss":0},{"damage_healed":0,"gold_gain":0,"player_choice":"Fought Mushrooms","damage_taken":0,"max_hp_gain":0,"max_hp_loss":0,"event_name":"Mushrooms","floor":10,"gold_loss":0},{"damage_healed":17,"gold_gain":0,"player_choice":"Healed","damage_taken":0,"max_hp_gain":0,"max_hp_loss":0,"event_name":"The Cleric","floor":11,"gold_loss":35},{"damage_healed":0,"gold_gain":0,"player_choice":"Got Potions","damage_taken":0,"max_hp_gain":0,"max_hp_loss":0,"event_name":"Lab","floor":20,"gold_loss":0},{"damage_healed":0,"gold_gain":0,"player_choice":"Bought 0 Potions","damage_taken":0,"max_hp_gain":0,"max_hp_loss":0,"event_name":"The Woman in Blue","floor":24,"gold_loss":0},{"damage_healed":0,"gold_gain":0,"player_choice":"Paid Fearfully","damage_taken":0,"max_hp_gain":0,"max_hp_loss":0,"event_name":"Masked Bandits","floor":28,"gold_loss":170}],"is_beta":false,"boss_relics":[{"not_picked":["Runic Pyramid","Black Star"],"picked":"Empty Cage"}],"items_purged_floors":[3,12],"is_endless":false,"potions_floor_spawned":[8,13,14,22],"killed_by":"Collector","ascension_level":0}