{"gold_per_floor":[119,44,0,13,24,50,50,50,50,50,82,7,7,21,21,98,98,110,110,71,91,103,103,122,122,171,171,200,12,12,22,22,22],"floor_reached":33,"playtime":902,"items_purged":["Strike_B","Strike_B"],"score":646,"play_id":"b0ce9430-055b-400f-b195-894b1f198ad7","local_time":"20190907161042","is_ascension_mode":true,"campfire_choices":[{"data":"Sunder","floor":7.0,"key":"SMITH"},{"data":"Dualcast","floor":10.0,"key":"SMITH"},{"data":"Zap","floor":13.0,"key":"SMITH"},{"data":"Double Energy","floor":15.0,"key":"SMITH"},{"data":"Turbo","floor":23.0,"key":"SMITH"},{"data":"Heatsinks","floor":25.0,"key":"SMITH"},{"data":"Creative AI","floor":27.0,"key":"SMITH"},{"data":"Amplify","floor":32,"key":"SMITH"}],"neow_cost":"NONE","seed_source_timestamp":1999255604457800,"circlet_count":0,"master_deck":["AscendersBane","Defend_B","Defend_B","Defend_B","Defend_B","Zap+1","Dualcast+1","Ball Lightning","Sunder+1","Echo Form","Double Energy+1","Cold Snap","Creative AI+1","Turbo+1","Creative AI","Heatsinks+1","Self Repair","Skim","Amplify+1","Storm"],"special_seed":0,"relics":["Runic Pyramid","Mummified Hand","Matryoshka","Centennial Puzzle","Sozu","Orichalcum","Omamori"],"potions_floor_usage":[],"damage_taken":[{"damage":8.0,"enemies":"Small Slimes","floor":1.0,"turns":5.0},{"damage":0.0,"enemies":"2 Louse","floor":4.0,"turns":2.0},{"damage":0.0,"enemies":"Cultist","floor":5.0,"turns":3.0},{"damage":20.0,"enemies":"3 Sentries","floor":6.0,"turns":7.0},{"damage":11.0,"enemies":"Gremlin Nob","floor":11.0,"turns":3.0},{"damage":12.0,"enemies":"Lots of Slimes","floor":14.0,"turns":3.0},{"damage":0.0,"enemies":"The Guardian","floor":16.0,"turns":7.0},{"damage":1.0,"enemies":"Spheric Guardian","floor":18.0,"turns":3.0},{"damage":12.0,"enemies":"2 Thieves","floor":21.0,"turns":3.0},{"damage":7.0,"enemies":"Snecko","floor":22.0,"turns":5.0},{"damage":16.0,"enemies":"Centurion and Healer","floor":24.0,"turns":4.0},{"damage":18.0,"enemies":"Book of Stabbing","floor":28.0,"turns":4.0},{"damage":0,"enemies":"3 Cultists","floor":31,"turns":3},{"damage":25,"enemies":"Collector","floor":33,"turns":2}],"seed_played":"5298414977689862496","potions_obtained":[{"floor":4.0,"key":"SteroidPotion"},{"floor":6.0,"key":"Poison Potion"},{"floor":11.0,"key":"PowerPotion"},{"floor":16.0,"key":"Swift Potion"}],"is_trial":false,"path_per_floor":["M","?","$","M","M","E","R","?","T","R","E","$","R","M","R","B",null,"M","?","$","M","M","R","M","R","T","R","E","$","?","M","R","B"],"character_chosen":"DEFECT","items_purchased":["Sunder","Heatsinks","Skim"],"campfire_rested":0,"item_purchase_floors":[3,20,29],"current_hp_per_floor":[56,56,56,56,56,36,36,29,29,29,18,18,18,6,6,6,55,54,54,54,42,35,35,19,19,19,19,8,8,8,22,22,0],"gold":22,"neow_bonus":"BOSS_RELIC","is_prod":false,"is_daily":false,"chose_seed":false,"campfire_upgraded":8,"win_rate":0,"timestamp":1567843842,"path_taken":["M","?","$","M","M","E","R","?","T","R","E","$","R","M","R","BOSS","M","?","$","?","M","R","?","R","T","R","E","$","?","?","R","BOSS"],"build_version":"2019-08-26","purchased_purges":2,"victory":false,"max_hp_per_floor":[71,71,71,71,71,71,71,71,71,71,71,71,71,71,71,71,71,71,71,71,71,71,71,71,71,71,71,71,71,71,71,71,71],"card_choices":[{"not_picked":["Compile Driver","Conserve Battery"],"picked":"Ball Lightning","floor":1.0},{"not_picked":["Compile Driver","Stack","Sweeping Beam"],"picked":"SKIP","floor":4.0},{"not_picked":["Hologram","Sweeping Beam"],"picked":"Echo Form","floor":5.0},{"not_picked":["Compile Driver","Beam Cell"],"picked":"Double Energy","floor":6.0},{"not_picked":["Hologram","Conserve Battery","Steam Power"],"picked":"SKIP","floor":11.0},{"not_picked":["Darkness","Leap"],"picked":"Cold Snap","floor":14.0},{"not_picked":["Seek","Echo Form"],"picked":"Creative AI","floor":16.0},{"not_picked":["FTL","Stack"],"picked":"Turbo","floor":18.0},{"not_picked":["Ball Lightning","Rebound+1","Redo"],"picked":"SKIP","floor":21.0},{"not_picked":["Rebound","Leap","Fusion+1"],"picked":"SKIP","floor":22.0},{"not_picked":["Barrage","Gash"],"picked":"Self Repair","floor":24.0},{"not_picked":["Auto Shields","Chaos","Thunder Strike"],"picked":"SKIP","floor":28.0},{"not_picked":["Turbo","Compile Driver"],"picked":"Storm","floor":31}],"player_experience":3195667,"relics_obtained":[{"floor":6.0,"key":"Mummified Hand"},{"floor":9.0,"key":"Matryoshka"},{"floor":11.0,"key":"Centennial Puzzle"},{"floor":26.0,"key":"Orichalcum"},{"floor":28.0,"key":"Omamori"}],"event_choices":[{"cards_removed":["Strike_B"],"damage_healed":0.0,"max_hp_gain":0.0,"max_hp_loss":0.0,"gold_gain":0.0,"event_name":"The Cleric","player_choice":"Card Removal","floor":2.0,"gold_loss":75.0,"damage_taken":0.0},{"cards_removed":["Strike_B"],"damage_healed":0.0,"max_hp_gain":0.0,"max_hp_loss":0.0,"gold_gain":0.0,"event_name":"Golden Wing","player_choice":"Card Removal","floor":8.0,"gold_loss":0.0,"damage_taken":7.0},{"damage_healed":0.0,"max_hp_gain":0.0,"max_hp_loss":0.0,"gold_gain":0.0,"event_name":"Duplicator","player_choice":"Copied","floor":19.0,"gold_loss":0.0,"damage_taken":0.0,"cards_obtained":["Creative AI"]},{"damage_healed":0,"gold_gain":0,"player_choice":"1 cards matched","damage_taken":0,"max_hp_gain":0,"max_hp_loss":0,"event_name":"Match and Keep!","floor":30,"gold_loss":0,"cards_obtained":["Amplify"]}],"is_beta":true,"boss_relics":[{"not_picked":["Velvet Choker","Eternal Feather"],"picked":"Sozu"}],"items_purged_floors":[12,29],"is_endless":false,"potions_floor_spawned":[4,6,11,16,18,21,22],"killed_by":"Collector","ascension_level":20}