{"gold_per_floor":[111,23,35,35,35,35,46,46,46,121,133,14,14,25,25,97,97,112,112,12,25,45,45],"floor_reached":23,"playtime":1085,"items_purged":["Strike_R","Bash"],"score":462,"play_id":"cef1b344-e71a-4c21-8f54-76791aa2629f","local_time":"20190901145550","is_ascension_mode":true,"campfire_choices":[{"data":"Barricade","floor":6.0,"key":"SMITH"},{"data":"Feel No Pain","floor":15.0,"key":"SMITH"}],"neow_cost":"NONE","seed_source_timestamp":1476253408647400,"circlet_count":0,"master_deck":["AscendersBane","Strike_R","Strike_R","Strike_R+1","Defend_R","Defend_R","Defend_R","Defend_R","Barricade+1","Burning Pact+1","Feel No Pain+1","Shrug It Off"],"special_seed":0,"relics":["Coffee Dripper","Sundial","Runic Cube"],"potions_floor_usage":[23],"damage_taken":[{"damage":0.0,"enemies":"Cultist","floor":1.0,"turns":3.0},{"damage":3.0,"enemies":"2 Louse","floor":3.0,"turns":3.0},{"damage":12.0,"enemies":"Small Slimes","floor":7.0,"turns":5.0},{"damage":4.0,"enemies":"3 Louse","floor":11.0,"turns":5.0},{"damage":2.0,"enemies":"Large Slime","floor":14.0,"turns":10.0},{"damage":0.0,"enemies":"Slime Boss","floor":16.0,"turns":17.0},{"damage":12,"enemies":"Chosen","floor":18,"turns":10},{"damage":4,"enemies":"3 Byrds","floor":21,"turns":6},{"damage":0,"enemies":"Centurion and Healer","floor":22,"turns":10},{"damage":20,"enemies":"Book of Stabbing","floor":23,"turns":3}],"seed_played":"3078591907428255010","potions_obtained":[{"floor":7.0,"key":"Regen Potion"},{"floor":22,"key":"Strength Potion"}],"is_trial":false,"path_per_floor":["M","$","M","?","?","R","M","?","T","?","M","$","T","M","R","B",null,"M","?","$","M","M","E"],"character_chosen":"IRONCLAD","items_purchased":["Barricade","Feel No Pain"],"campfire_rested":0,"item_purchase_floors":[2,12],"current_hp_per_floor":[68,68,65,42,42,42,30,30,30,19,29,29,29,27,27,27,63,51,51,51,47,47,27],"gold":45,"neow_bonus":"BOSS_RELIC","is_prod":false,"is_daily":false,"chose_seed":false,"campfire_upgraded":2,"win_rate":0,"timestamp":1567320950,"path_taken":["M","$","?","?","?","R","M","?","T","?","M","$","?","?","R","BOSS","M","?","$","M","M","E"],"build_version":"2019-08-26","purchased_purges":2,"victory":false,"max_hp_per_floor":[75,75,75,75,75,75,75,75,75,75,75,75,75,75,75,75,75,75,75,75,75,75,75],"card_choices":[{"not_picked":["Warcry","Sword Boomerang","Clash"],"picked":"SKIP","floor":1.0},{"not_picked":["Clash","Shrug It Off"],"picked":"Burning Pact","floor":3.0},{"not_picked":["Cleave","Sword Boomerang","Spot Weakness"],"picked":"SKIP","floor":7.0},{"not_picked":["Heavy Blade","Wild Strike","Thunderclap"],"picked":"SKIP","floor":11.0},{"not_picked":["Dual Wield","Disarm","Whirlwind"],"picked":"SKIP","floor":14.0},{"not_picked":["Thunderclap","Clothesline"],"picked":"Shrug It Off","floor":18},{"not_picked":["Searing Blow","Flex","Feel No Pain"],"picked":"SKIP","floor":21},{"not_picked":["Thunderclap","Demon Form","Flex"],"picked":"SKIP","floor":22}],"player_experience":3144779,"relics_obtained":[{"floor":13.0,"key":"Sundial"}],"event_choices":[{"damage_healed":0.0,"max_hp_gain":0.0,"max_hp_loss":0.0,"gold_gain":0.0,"event_name":"Shining Light","player_choice":"Entered Light","floor":4.0,"gold_loss":0.0,"damage_taken":23.0,"cards_upgraded":["Strike_R","Burning Pact"]},{"cards_removed":["Strike_R"],"damage_healed":0.0,"max_hp_gain":0.0,"max_hp_loss":0.0,"gold_gain":0.0,"event_name":"Living Wall","player_choice":"Forget","floor":5.0,"gold_loss":0.0,"damage_taken":0.0},{"damage_healed":0.0,"max_hp_gain":0.0,"max_hp_loss":0.0,"gold_gain":0.0,"event_name":"The Cleric","player_choice":"Leave","floor":8.0,"gold_loss":0.0,"damage_taken":0.0},{"damage_healed":0.0,"max_hp_gain":0.0,"max_hp_loss":0.0,"gold_gain":75.0,"event_name":"World of Goop","player_choice":"Gather Gold","floor":10.0,"gold_loss":0.0,"damage_taken":11.0},{"damage_healed":0,"gold_gain":0,"player_choice":"Ignored","damage_taken":0,"max_hp_gain":0,"max_hp_loss":0,"event_name":"Vampires","floor":19,"gold_loss":0}],"is_beta":true,"boss_relics":[{"not_picked":["Fusion Hammer","Lizard Tail"],"picked":"Runic Cube"}],"items_purged_floors":[12,20],"is_endless":false,"potions_floor_spawned":[7,22],"killed_by":"Book of Stabbing","ascension_level":20}