{"gold_per_floor":[99,117,117,132,148,148,158,181,181,181,197,211,211,136,136,239,239,250,150,150,150,25,25,25,51,51,63,63],"floor_reached":28,"playtime":1967,"items_purged":["Strike_R","Strike_R","Strike_R+1"],"score":230,"play_id":"5c3bcb0c-2cc7-46f6-9417-f04338bc0f77","local_time":"20190917032207","is_ascension_mode":false,"campfire_choices":[{"data":"Cleave","floor":6,"key":"SMITH"},{"data":"Cleave","floor":13,"key":"SMITH"},{"data":"Double Tap","floor":15,"key":"SMITH"},{"data":"Demon Form","floor":23,"key":"SMITH"}],"neow_cost":"NONE","seed_source_timestamp":1763759952698400,"circlet_count":0,"master_deck":["Defend_R","Defend_R+1","Defend_R","Defend_R+1","Bash","Battle Trance+1","Cleave+1","Cleave","Cleave+1","Iron Wave","Dual Wield","Flex","Double Tap+1","Demon Form+1","Iron Wave","Writhe","Armaments","Combust"],"relics":["Burning Blood","Odd Mushroom","War Paint","Busted Crown","Centennial Puzzle","Kunai","Omamori"],"potions_floor_usage":[16,16,20,27],"damage_taken":[{"damage":5,"enemies":"Small Slimes","floor":1,"turns":3},{"damage":0,"enemies":"2 Louse","floor":2,"turns":3},{"damage":0,"enemies":"Cultist","floor":4,"turns":3},{"damage":0,"enemies":"Gremlin Gang","floor":5,"turns":1},{"damage":8,"enemies":"Red Slaver","floor":7,"turns":4},{"damage":17,"enemies":"The Mushroom Lair","floor":8,"turns":3},{"damage":7,"enemies":"Blue Slaver","floor":11,"turns":4},{"damage":2,"enemies":"Looter","floor":12,"turns":3},{"damage":54,"enemies":"Hexaghost","floor":16,"turns":11},{"damage":30,"enemies":"2 Thieves","floor":18,"turns":3},{"damage":0,"enemies":"Chosen","floor":20,"turns":4},{"damage":49,"enemies":"Slavers","floor":25,"turns":7},{"damage":14,"enemies":"Shelled Parasite and Fungi","floor":27,"turns":7},{"damage":18,"enemies":"Snecko","floor":28,"turns":6}],"seed_played":"8879431065455610104","potions_obtained":[{"floor":2,"key":"Dexterity Potion"},{"floor":4,"key":"Poison Potion"},{"floor":7,"key":"GamblersBrew"},{"floor":12,"key":"PowerPotion"},{"floor":18,"key":"SmokeBomb"}],"is_trial":false,"path_per_floor":["M","M","?","M","M","R","M","?","T","?","M","M","R","$","R","B",null,"M","$","M","?","$","R","?","E","T","M","M"],"character_chosen":"IRONCLAD","items_purchased":[],"campfire_rested":0,"item_purchase_floors":[],"current_hp_per_floor":[80,80,64,70,76,76,74,63,63,63,62,66,66,66,66,18,80,56,56,62,62,62,62,62,19,19,11,0],"gold":63,"neow_bonus":"TRANSFORM_CARD","is_prod":false,"is_daily":false,"chose_seed":false,"campfire_upgraded":4,"win_rate":0.0,"timestamp":1568704927,"path_taken":["M","M","?","M","M","R","M","?","T","?","?","?","R","$","R","BOSS","M","$","M","?","$","R","?","E","T","M","M"],"build_version":"2019-07-17","purchased_purges":3,"victory":false,"max_hp_per_floor":[80,80,80,80,80,80,80,80,80,80,80,80,80,80,80,80,80,80,80,80,80,80,80,80,80,80,80,80],"card_choices":[{"not_picked":["Iron Wave","Flex"],"picked":"Cleave","floor":1},{"not_picked":["Bloodletting","Sword Boomerang"],"picked":"Cleave","floor":2},{"not_picked":["Perfected Strike","Armaments"],"picked":"Cleave","floor":4},{"not_picked":["Seeing Red","Dropkick"],"picked":"Iron Wave","floor":5},{"not_picked":["Flex","Sword Boomerang"],"picked":"Dual Wield","floor":7},{"not_picked":["True Grit","Seeing Red","Iron Wave"],"picked":"SKIP","floor":11},{"not_picked":["Heavy Blade","Fire Breathing"],"picked":"Double Tap","floor":12},{"not_picked":["Bludgeon","Impervious"],"picked":"Demon Form","floor":16},{"not_picked":[],"picked":"Iron Wave","floor":18},{"not_picked":[],"picked":"Combust","floor":25},{"not_picked":["Anger"],"picked":"SKIP","floor":27}],"player_experience":17557,"relics_obtained":[{"floor":8,"key":"Odd Mushroom"},{"floor":9,"key":"War Paint"},{"floor":25,"key":"Kunai"},{"floor":26,"key":"Omamori"}],"event_choices":[{"damage_healed":0,"gold_gain":0,"player_choice":"Entered Light","damage_taken":16,"max_hp_gain":0,"max_hp_loss":0,"event_name":"Shining Light","floor":3,"gold_loss":0,"cards_upgraded":["Defend_R","Strike_R"]},{"damage_healed":0,"gold_gain":0,"player_choice":"Fought Mushrooms","damage_taken":0,"max_hp_gain":0,"max_hp_loss":0,"event_name":"Mushrooms","floor":8,"gold_loss":0},{"damage_healed":0,"gold_gain":0,"cards_transformed":["Strike_R"],"player_choice":"Transformed","damage_taken":0,"max_hp_gain":0,"max_hp_loss":0,"event_name":"Transmorgrifier","floor":10,"gold_loss":0,"cards_obtained":["Flex"]},{"damage_healed":0,"gold_gain":0,"player_choice":"Opened","damage_taken":0,"relics_obtained":["Centennial Puzzle"],"max_hp_gain":0,"max_hp_loss":0,"event_name":"The Mausoleum","floor":21,"gold_loss":0,"cards_obtained":["Writhe"]},{"damage_healed":0,"gold_gain":0,"player_choice":"Read","damage_taken":0,"max_hp_gain":0,"max_hp_loss":0,"event_name":"The Library","floor":24,"gold_loss":0,"cards_obtained":["Armaments"]}],"is_beta":false,"boss_relics":[{"not_picked":["Runic Pyramid","Astrolabe"],"picked":"Busted Crown"}],"items_purged_floors":[14,19,22],"is_endless":false,"potions_floor_spawned":[2,4,7,12,18],"killed_by":"Snecko","ascension_level":0}