{"gold_per_floor":[113,136,154,54,54,54,85,85,85,85,101,121,78,78,78,152,152,163,163,113,93,113,113,125,66,89,102,152,152],"floor_reached":29,"playtime":1871,"items_purged":["Defend_B"],"score":459,"play_id":"2e0e1a43-5a84-43de-bb34-d9405eee2b81","local_time":"20190201031149","is_ascension_mode":true,"campfire_choices":[{"data":"Zap","floor":6.0,"key":"SMITH"},{"data":"Dualcast","floor":8.0,"key":"SMITH"},{"data":"Cold Snap","floor":10.0,"key":"SMITH"},{"data":"Loop","floor":15.0,"key":"SMITH"},{"data":"Biased Cognition","floor":23.0,"key":"SMITH"}],"neow_cost":"NONE","seed_source_timestamp":0,"circlet_count":0,"master_deck":["AscendersBane","Strike_B","Strike_B","Strike_B","Strike_B","Defend_B","Defend_B","Defend_B","Zap+1","Dualcast+1","Coolheaded","Leap","Cold Snap+1","Loop+1","Capacitor+1","Biased Cognition+1","Loop","Reinforced Body","Loop","Doom and Gloom+1","Barrage"],"special_seed":0,"relics":["Cracked Core","NeowsBlessing","Centennial Puzzle","Mummified Hand","Bottled Flame","Philosopher\u0027s Stone","Oddly Smooth Stone"],"potions_floor_usage":[],"damage_taken":[{"damage":0.0,"enemies":"Cultist","floor":1.0,"turns":1.0},{"damage":0.0,"enemies":"Jaw Worm","floor":3.0,"turns":1.0},{"damage":0.0,"enemies":"Lagavulin","floor":7.0,"turns":1.0},{"damage":5.0,"enemies":"Small Slimes","floor":11.0,"turns":3.0},{"damage":1.0,"enemies":"Blue Slaver","floor":12.0,"turns":3.0},{"damage":31.0,"enemies":"Hexaghost","floor":16.0,"turns":13.0},{"damage":8.0,"enemies":"3 Byrds","floor":18.0,"turns":5.0},{"damage":12.0,"enemies":"2 Thieves","floor":21.0,"turns":4.0},{"damage":10.0,"enemies":"Centurion and Healer","floor":22.0,"turns":7.0},{"damage":11.0,"enemies":"Snake Plant","floor":24.0,"turns":7.0},{"damage":11,"enemies":"Cultist and Chosen","floor":27,"turns":5},{"damage":31,"enemies":"Shelled Parasite and Fungi","floor":29,"turns":1}],"seed_played":"-6367717814589491301","potions_obtained":[{"floor":3.0,"key":"SpeedPotion"},{"floor":5.0,"key":"Fruit Juice"},{"floor":5.0,"key":"Ancient Potion"},{"floor":7.0,"key":"SteroidPotion"},{"floor":27,"key":"Explosive Potion"}],"is_trial":false,"path_per_floor":["M","T","M","$","?","R","E","R","T","R","M","M","$","?","R","B",null,"M","?","?","M","M","R","M","$","T","M","?","M"],"character_chosen":"DEFECT","items_purchased":["Leap","Capacitor","Barrage"],"campfire_rested":0,"item_purchase_floors":[4,13,25],"current_hp_per_floor":[64,64,64,64,69,69,69,69,69,69,64,63,63,63,63,32,65,57,57,57,45,35,35,24,24,24,13,13,0],"gold":152,"neow_bonus":"THREE_ENEMY_KILL","is_prod":false,"is_daily":false,"chose_seed":false,"campfire_upgraded":5,"win_rate":0,"timestamp":1548987109,"path_taken":["M","?","?","$","?","R","E","R","T","R","M","?","?","?","R","BOSS","M","?","?","M","?","R","?","$","T","M","?","M"],"build_version":"2019-01-17v2","purchased_purges":1,"victory":false,"max_hp_per_floor":[71,71,71,71,76,76,76,76,76,76,76,76,76,76,76,76,76,76,76,76,76,76,76,76,76,76,76,76,76],"card_choices":[{"not_picked":["Blizzard","Leap"],"picked":"Coolheaded","floor":1.0},{"not_picked":["Coolheaded","Blizzard","Steam"],"picked":"SKIP","floor":3.0},{"not_picked":["Coolheaded","Streamline"],"picked":"Cold Snap","floor":7.0},{"not_picked":["Beam Cell","Tempest","Hologram"],"picked":"SKIP","floor":11.0},{"not_picked":["Hologram","Ball Lightning"],"picked":"Loop","floor":12.0},{"not_picked":["Fission","Electrodynamics"],"picked":"Biased Cognition","floor":16.0},{"not_picked":["Rebound+1","Hologram","Auto Shields"],"picked":"SKIP","floor":18.0},{"not_picked":["Blizzard","Redo"],"picked":"Reinforced Body","floor":21.0},{"not_picked":["Gash","Stack"],"picked":"Loop","floor":22.0},{"not_picked":["Redo","Turbo"],"picked":"Doom and Gloom+1","floor":24.0},{"not_picked":["Hologram","Darkness+1","Double Energy"],"picked":"SKIP","floor":27}],"player_experience":1244363,"relics_obtained":[{"floor":2.0,"key":"Centennial Puzzle"},{"floor":7.0,"key":"Mummified Hand"},{"floor":9.0,"key":"Bottled Flame"},{"floor":26.0,"key":"Oddly Smooth Stone"}],"event_choices":[{"damage_healed":0.0,"max_hp_gain":0.0,"max_hp_loss":0.0,"gold_gain":0.0,"event_name":"Lab","player_choice":"Got Potions","floor":5.0,"gold_loss":0.0,"damage_taken":0.0},{"damage_healed":0.0,"max_hp_gain":0.0,"max_hp_loss":0.0,"gold_gain":0.0,"event_name":"Scrap Ooze","player_choice":"Fled","floor":14.0,"gold_loss":0.0,"damage_taken":0.0},{"damage_healed":0.0,"max_hp_gain":0.0,"max_hp_loss":0.0,"gold_gain":0.0,"event_name":"The Library","player_choice":"Read","floor":19.0,"gold_loss":0.0,"damage_taken":0.0,"cards_obtained":["Loop"]},{"damage_healed":0.0,"max_hp_gain":0.0,"max_hp_loss":0.0,"gold_gain":0.0,"event_name":"Designer","player_choice":"Upgrade","floor":20.0,"gold_loss":50.0,"damage_taken":0.0,"cards_upgraded":["Capacitor"]},{"damage_healed":0,"gold_gain":50,"player_choice":"Stole From Cult","damage_taken":0,"max_hp_gain":0,"max_hp_loss":0,"event_name":"Nest","floor":28,"gold_loss":0}],"is_beta":false,"boss_relics":[{"not_picked":["Runic Dome","Astrolabe"],"picked":"Philosopher\u0027s Stone"}],"items_purged_floors":[4],"is_endless":false,"potions_floor_spawned":[3,7,27],"killed_by":"Shelled Parasite and Fungi","ascension_level":17}