{"gold_per_floor":[110,185,204,204,229,229,272,293,293,101,114,130,130,130],"floor_reached":14,"playtime":370,"items_purged":[],"score":92,"play_id":"0131c518-4fcf-4e86-a458-8428290429d9","local_time":"20190919223931","is_ascension_mode":false,"campfire_choices":[{"data":"Rampage","floor":6,"key":"SMITH"}],"neow_cost":"NONE","seed_source_timestamp":2762333761800,"circlet_count":0,"master_deck":["Strike_R","Strike_R","Strike_R","Strike_R","Strike_R","Defend_R","Defend_R","Defend_R","Defend_R","Bash","Seeing Red","Shrug It Off","Combust","Injury","Rampage+1","Limit Break","Spot Weakness","Inflame","Bludgeon","Second Wind","Feel No Pain"],"relics":["Burning Blood","Golden Idol","Vajra","Red Skull"],"potions_floor_usage":[8,14],"damage_taken":[{"damage":11,"enemies":"Small Slimes","floor":1,"turns":4},{"damage":1,"enemies":"2 Louse","floor":3,"turns":3},{"damage":10,"enemies":"Jaw Worm","floor":5,"turns":5},{"damage":43,"enemies":"Lagavulin","floor":7,"turns":6},{"damage":0,"enemies":"3 Louse","floor":8,"turns":2},{"damage":7,"enemies":"Exordium Wildlife","floor":11,"turns":3},{"damage":11,"enemies":"Looter","floor":12,"turns":2},{"damage":32,"enemies":"Gremlin Gang","floor":14,"turns":2}],"seed_played":"-4289094109732426654","potions_obtained":[{"floor":5,"key":"Explosive Potion"},{"floor":7,"key":"FearPotion"},{"floor":8,"key":"GamblersBrew"}],"is_trial":false,"path_per_floor":["M","?","M","?","M","R","E","M","T","$","M","M","?","M"],"character_chosen":"IRONCLAD","items_purchased":["Inflame","Bludgeon"],"campfire_rested":0,"item_purchase_floors":[10,10],"current_hp_per_floor":[75,64,69,69,65,65,28,34,34,34,33,28,28,0],"gold":130,"neow_bonus":"THREE_CARDS","is_prod":false,"is_daily":false,"chose_seed":false,"campfire_upgraded":1,"win_rate":0,"timestamp":1568903971,"path_taken":["M","?","M","?","M","R","E","M","T","$","M","M","?","M"],"build_version":"2019-07-17","purchased_purges":0,"victory":false,"max_hp_per_floor":[80,80,80,80,80,80,80,80,80,80,80,80,80,80],"card_choices":[{"not_picked":["Anger","Combust"],"picked":"Seeing Red","floor":0},{"not_picked":["Wild Strike","Perfected Strike"],"picked":"Shrug It Off","floor":1},{"not_picked":["Ghostly Armor","Disarm"],"picked":"Combust","floor":3},{"not_picked":["Thunderclap","Headbutt"],"picked":"Rampage","floor":5},{"not_picked":["Shockwave","Clothesline"],"picked":"Limit Break","floor":7},{"not_picked":["Pommel Strike","Seeing Red"],"picked":"Spot Weakness","floor":8},{"not_picked":["Combust","Armaments"],"picked":"Second Wind","floor":11},{"not_picked":["Armaments","Pommel Strike"],"picked":"Feel No Pain","floor":12}],"player_experience":392149,"relics_obtained":[{"floor":7,"key":"Vajra"},{"floor":9,"key":"Red Skull"}],"event_choices":[{"damage_healed":0,"gold_gain":75,"player_choice":"Gather Gold","damage_taken":11,"max_hp_gain":0,"max_hp_loss":0,"event_name":"World of Goop","floor":2,"gold_loss":0},{"damage_healed":0,"gold_gain":0,"player_choice":"Take Wound","damage_taken":0,"relics_obtained":["Golden Idol"],"max_hp_gain":0,"max_hp_loss":0,"event_name":"Golden Idol","floor":4,"gold_loss":0,"cards_obtained":["Injury"]},{"damage_healed":0,"gold_gain":0,"player_choice":"Ignored","damage_taken":0,"max_hp_gain":0,"max_hp_loss":0,"event_name":"Liars Game","floor":13,"gold_loss":0}],"is_beta":false,"boss_relics":[],"items_purged_floors":[],"is_endless":false,"potions_floor_spawned":[5,7,8],"killed_by":"Gremlin Gang","ascension_level":0}