{"gold_per_floor":[119,119,119,194,30,30,46,84,108,127,127,200,200,214,214,310,310,333,533,433,308,308,308,342,342,342,342,358,379,422,437,437,527,527,542,555,573,587,920,954,954,984,1059,1086,321,347,360,395,395,395,395,395,395,108,135,135],"floor_reached":57,"playtime":2116,"items_purged":["Strike_B","Strike_B","Strike_B","Defend_B"],"score":3407,"play_id":"e5d1b5a2-e6cc-4731-bc26-715d2d2452fd","local_time":"20190918202415","is_ascension_mode":true,"campfire_choices":[{"data":"Glacier","floor":6.0,"key":"SMITH"},{"data":"Sunder","floor":13.0,"key":"SMITH"},{"data":"Coolheaded","floor":15.0,"key":"SMITH"},{"data":"Self Repair","floor":23.0,"key":"SMITH"},{"data":"Skim","floor":25.0,"key":"SMITH"},{"floor":27.0,"key":"RECALL"},{"data":"Electrodynamics","floor":32.0,"key":"SMITH"},{"data":"Defragment","floor":49.0,"key":"SMITH"},{"data":"Glacier","floor":53.0,"key":"SMITH"}],"neow_cost":"NONE","seed_source_timestamp":699136685354470,"circlet_count":0,"master_deck":["AscendersBane","Defend_B+1","Defend_B+1","Zap","Dualcast","Glacier+1","Recycle","Sunder+1","Coolheaded+1","All For One","Self Repair+1","All For One","Glacier+1","Chill","Skim+1","Capacitor+1","Electrodynamics+1","Meteor Strike+1","Compile Driver+1","Gash+1","Defragment+1","Double Energy+1","Undo+1","Parasite","Core Surge+1","Consume"],"special_seed":0,"relics":["Snecko Eye","Mercury Hourglass","Pen Nib","Tiny Chest","Coffee Dripper","PreservedInsect","Ornamental Fan","Molten Egg 2","Inserter","Art of War","Kunai","Eternal Feather","Medical Kit","Toy Ornithopter","Bottled Tornado","MealTicket","Shuriken","Sundial","Lantern"],"potions_floor_usage":[56,56],"damage_taken":[{"damage":1.0,"enemies":"Cultist","floor":1.0,"turns":4.0},{"damage":0.0,"enemies":"Jaw Worm","floor":7.0,"turns":4.0},{"damage":19.0,"enemies":"3 Sentries","floor":8.0,"turns":11.0},{"damage":0.0,"enemies":"Small Slimes","floor":10.0,"turns":2.0},{"damage":8.0,"enemies":"Lagavulin","floor":12.0,"turns":8.0},{"damage":0.0,"enemies":"2 Fungi Beasts","floor":14.0,"turns":2.0},{"damage":0.0,"enemies":"The Guardian","floor":16.0,"turns":6.0},{"damage":0.0,"enemies":"Shell Parasite","floor":18.0,"turns":4.0},{"damage":0.0,"enemies":"Gremlin Leader","floor":24.0,"turns":5.0},{"damage":0.0,"enemies":"2 Thieves","floor":28.0,"turns":2.0},{"damage":0.0,"enemies":"Chosen and Byrds","floor":29.0,"turns":3.0},{"damage":0.0,"enemies":"Book of Stabbing","floor":30.0,"turns":4.0},{"damage":0.0,"enemies":"Centurion and Healer","floor":31.0,"turns":1.0},{"damage":3.0,"enemies":"Champ","floor":33.0,"turns":2.0},{"damage":0.0,"enemies":"3 Darklings","floor":35.0,"turns":3.0},{"damage":7.0,"enemies":"3 Shapes","floor":36.0,"turns":2.0},{"damage":0.0,"enemies":"3 Darklings","floor":37.0,"turns":3.0},{"damage":0.0,"enemies":"4 Shapes","floor":38.0,"turns":2.0},{"damage":0.0,"enemies":"Giant Head","floor":40.0,"turns":4.0},{"damage":0.0,"enemies":"Reptomancer","floor":42.0,"turns":4.0},{"damage":0.0,"enemies":"Giant Head","floor":44.0,"turns":2.0},{"damage":0.0,"enemies":"Writhing Mass","floor":47.0,"turns":3.0},{"damage":0.0,"enemies":"Nemesis","floor":48.0,"turns":5.0},{"damage":20.0,"enemies":"Donu and Deca","floor":50.0,"turns":3.0},{"damage":20.0,"enemies":"Time Eater","floor":51.0,"turns":6.0},{"damage":15,"enemies":"Shield and Spear","floor":55,"turns":4},{"damage":0,"enemies":"The Heart","floor":56,"turns":9}],"seed_played":"6533231151999995031","potions_obtained":[{"floor":1.0,"key":"Ancient Potion"},{"floor":12.0,"key":"Dexterity Potion"},{"floor":18.0,"key":"FocusPotion"}],"is_trial":false,"path_per_floor":["M","?","?","?","$","R","M","E","T","M","?","E","R","M","R","B",null,"M","?","$","$","?","R","E","R","T","R","M","M","E","M","R","B",null,"M","M","M","M","?","E","?","E","T","E","$","T","M","E","R","B","B",null,"R","$","E","B",null],"character_chosen":"DEFECT","items_purchased":["Recycle","Medical Kit","Toy Ornithopter","Bottled Tornado","Sundial"],"campfire_rested":0,"item_purchase_floors":[5,45,45,45,54],"current_hp_per_floor":[63,42,42,31,31,31,31,12,12,12,33,25,25,25,25,32,56,63,63,63,63,63,63,64,64,64,64,64,64,64,64,64,61,63,63,64,64,64,64,64,61,61,61,61,61,61,61,61,61,41,31,54,61,61,56,61],"gold":135,"neow_bonus":"BOSS_RELIC","is_prod":false,"is_daily":false,"chose_seed":false,"campfire_upgraded":8,"win_rate":0,"timestamp":1568809455,"path_taken":["M","?","?","?","$","R","M","E","T","M","?","E","R","M","R","BOSS","M","?","?","$","?","R","E","R","T","R","M","M","E","M","R","BOSS","M","M","M","M","?","E","?","E","T","E","$","?","?","E","R","BOSS","BOSS","R","$","E","BOSS"],"build_version":"2019-09-17","purchased_purges":4,"victory":true,"max_hp_per_floor":[71,71,64,64,64,64,64,64,64,64,64,64,64,64,64,64,64,64,64,64,64,64,64,64,64,64,64,64,64,64,64,64,64,64,64,64,64,64,64,64,61,61,61,61,61,61,61,61,61,61,61,61,61,61,61,61],"card_choices":[{"not_picked":["Beam Cell","Lockon"],"picked":"Glacier","floor":1.0},{"not_picked":["Go for the Eyes","Rip and Tear"],"picked":"Sunder","floor":7.0},{"not_picked":["FTL","Beam Cell"],"picked":"Coolheaded","floor":8.0},{"not_picked":["Coolheaded","Rebound","Steam"],"picked":"SKIP","floor":10.0},{"not_picked":["Compile Driver","FTL"],"picked":"All For One","floor":12.0},{"not_picked":["Hologram","Cold Snap"],"picked":"Self Repair","floor":14.0},{"not_picked":["Thunder Strike","Multi-Cast"],"picked":"All For One","floor":16.0},{"not_picked":["Steam","Leap","Melter"],"picked":"SKIP","floor":18.0},{"not_picked":["Chill","Steam"],"picked":"Skim","floor":24.0},{"not_picked":["Steam","Stack","Self Repair"],"picked":"SKIP","floor":28.0},{"not_picked":["Redo","Turbo"],"picked":"Capacitor+1","floor":29.0},{"not_picked":["Redo+1","Capacitor"],"picked":"Electrodynamics","floor":30.0},{"not_picked":["Beam Cell+1","Sweeping Beam+1","Streamline+1"],"picked":"SKIP","floor":31.0},{"not_picked":["Biased Cognition","Seek"],"picked":"Meteor Strike+1","floor":33.0},{"not_picked":["Beam Cell+1","Stack","Leap"],"picked":"SKIP","floor":35.0},{"not_picked":["Coolheaded","Rebound+1","Steam"],"picked":"SKIP","floor":36.0},{"not_picked":["Glacier+1","Streamline+1","Compile Driver+1"],"picked":"SKIP","floor":37.0},{"not_picked":["Glacier+1","Streamline+1"],"picked":"Compile Driver+1","floor":37.0},{"not_picked":["Fusion","Darkness+1"],"picked":"Gash+1","floor":38.0},{"not_picked":["Aggregate","Barrage+1"],"picked":"Defragment","floor":40.0},{"not_picked":["Lockon+1","Fission"],"picked":"Double Energy+1","floor":42.0},{"not_picked":["Beam Cell+1","Reprogram"],"picked":"Undo+1","floor":44.0},{"not_picked":["Aggregate","Static Discharge","Go for the Eyes+1"],"picked":"SKIP","floor":47.0},{"not_picked":["Go for the Eyes+1","Doom and Gloom+1"],"picked":"Core Surge+1","floor":48.0},{"not_picked":["Genetic Algorithm+1","Fusion"],"picked":"Consume","floor":55}],"player_experience":840272,"relics_obtained":[{"floor":8.0,"key":"Mercury Hourglass"},{"floor":9.0,"key":"Pen Nib"},{"floor":12.0,"key":"Tiny Chest"},{"floor":24.0,"key":"PreservedInsect"},{"floor":26.0,"key":"Ornamental Fan"},{"floor":30.0,"key":"Molten Egg 2"},{"floor":40.0,"key":"Art of War"},{"floor":42.0,"key":"Kunai"},{"floor":44.0,"key":"Eternal Feather"},{"floor":46.0,"key":"MealTicket"},{"floor":48.0,"key":"Shuriken"},{"floor":55,"key":"Lantern"}],"event_choices":[{"damage_healed":0.0,"max_hp_gain":0.0,"max_hp_loss":0.0,"gold_gain":0.0,"event_name":"Shining Light","player_choice":"Entered Light","floor":2.0,"gold_loss":0.0,"damage_taken":21.0,"cards_upgraded":["Defend_B","Defend_B"]},{"damage_healed":0.0,"max_hp_gain":0.0,"max_hp_loss":7.0,"gold_gain":0.0,"event_name":"Golden Idol","player_choice":"Lose Max HP","floor":3.0,"gold_loss":0.0,"damage_taken":0.0,"relics_obtained":["Golden Idol"]},{"damage_healed":0.0,"max_hp_gain":0.0,"max_hp_loss":0.0,"gold_gain":75.0,"event_name":"World of Goop","player_choice":"Gather Gold","floor":4.0,"gold_loss":0.0,"damage_taken":11.0},{"damage_healed":21.0,"max_hp_gain":0.0,"max_hp_loss":0.0,"gold_gain":0.0,"event_name":"Big Fish","player_choice":"Banana","floor":11.0,"gold_loss":0.0,"damage_taken":0.0},{"damage_healed":0.0,"max_hp_gain":0.0,"max_hp_loss":0.0,"gold_gain":250.0,"event_name":"The Joust","player_choice":"Bet on Owner","floor":19.0,"gold_loss":50.0,"damage_taken":0.0},{"damage_healed":0.0,"max_hp_gain":0.0,"max_hp_loss":0.0,"gold_gain":0.0,"cards_transformed":["Strike_B","Defend_B"],"event_name":"Drug Dealer","player_choice":"Became Test Subject","floor":22.0,"gold_loss":0.0,"damage_taken":0.0,"cards_obtained":["Glacier","Chill"]},{"damage_healed":0.0,"max_hp_gain":0.0,"max_hp_loss":0.0,"gold_gain":333.0,"event_name":"The Moai Head","player_choice":"Gave Idol","floor":39.0,"relics_lost":["Golden Idol"],"gold_loss":0.0,"damage_taken":0.0},{"damage_healed":0.0,"max_hp_gain":0.0,"max_hp_loss":3.0,"gold_gain":0.0,"event_name":"Winding Halls","player_choice":"Max HP","floor":41.0,"gold_loss":0.0,"damage_taken":0.0}],"is_beta":true,"boss_relics":[{"not_picked":["Fusion Hammer","Cursed Key"],"picked":"Coffee Dripper"},{"not_picked":["Runic Dome","Empty Cage"],"picked":"Inserter"}],"items_purged_floors":[5,20,21,45],"is_endless":false,"potions_floor_spawned":[1,12,18,28,30,31,33,40,42,44],"ascension_level":20}