{"gold_per_floor":[117,117,42,60,60,95,111,150,150,150,173,211,181,196,196,286,286,310,235,66,66,85,124,124,124,124,147,163,163,213,234,234,327,327,351,371,390,390,128,163,163,182,208,244,267,288,288,322,322,322,322,322,322,33,66,66],"floor_reached":57,"playtime":3669,"items_purged":["Strike_B","Defend_B","Defend_B"],"score":2835,"play_id":"14832521-18ad-4a96-81f5-5e0b91b9f7a0","local_time":"20190908182101","is_ascension_mode":true,"campfire_choices":[{"data":"Consume","floor":10.0,"key":"SMITH"},{"data":"Turbo","floor":15.0,"key":"SMITH"},{"data":"Coolheaded","floor":24.0,"key":"SMITH"},{"data":"Turbo","floor":29.0,"key":"SMITH"},{"data":"Dualcast","floor":32.0,"key":"SMITH"},{"floor":41.0,"key":"RECALL"},{"data":"Zap","floor":47.0,"key":"SMITH"},{"data":"Skim","floor":49.0,"key":"SMITH"},{"floor":53.0,"key":"REST"}],"neow_cost":"NONE","seed_source_timestamp":0,"circlet_count":0,"master_deck":["AscendersBane","Defend_B","Defend_B+1","Zap+1","Dualcast+1","Compile Driver+1","Consume+1","Skim+1","Glacier","Turbo+1","Electrodynamics","Core Surge","White Noise","Core Surge","Coolheaded+1","Turbo+1","Coolheaded+1","Meteor Strike","Skim+1","Turbo+1","Defragment+1","Hologram+1","Chill","Gash"],"special_seed":0,"relics":["Cracked Core","NeowsBlessing","Golden Idol","Gambling Chip","Letter Opener","Whetstone","Empty Cage","War Paint","Dream Catcher","StoneCalendar","Inserter","Anchor","Strawberry","Vajra","Lantern","Art of War","Incense Burner","Cables"],"potions_floor_usage":[56],"damage_taken":[{"damage":0.0,"enemies":"Jaw Worm","floor":1.0,"turns":1.0},{"damage":0.0,"enemies":"Cultist","floor":4.0,"turns":1.0},{"damage":0.0,"enemies":"Gremlin Nob","floor":6.0,"turns":1.0},{"damage":4.0,"enemies":"Small Slimes","floor":7.0,"turns":3.0},{"damage":38.0,"enemies":"Lagavulin","floor":8.0,"turns":9.0},{"damage":0.0,"enemies":"2 Fungi Beasts","floor":11.0,"turns":3.0},{"damage":0.0,"enemies":"3 Sentries","floor":12.0,"turns":22.0},{"damage":0.0,"enemies":"3 Louse","floor":14.0,"turns":1.0},{"damage":21.0,"enemies":"Slime Boss","floor":16.0,"turns":12.0},{"damage":10.0,"enemies":"Shell Parasite","floor":18.0,"turns":4.0},{"damage":13.0,"enemies":"2 Thieves","floor":22.0,"turns":4.0},{"damage":9.0,"enemies":"Slavers","floor":23.0,"turns":2.0},{"damage":5.0,"enemies":"Cultist and Chosen","floor":27.0,"turns":6.0},{"damage":0.0,"enemies":"Centurion and Healer","floor":28.0,"turns":7.0},{"damage":10.0,"enemies":"Chosen and Byrds","floor":31.0,"turns":5.0},{"damage":5.0,"enemies":"Champ","floor":33.0,"turns":12.0},{"damage":8.0,"enemies":"3 Darklings","floor":35.0,"turns":3.0},{"damage":0.0,"enemies":"Orb Walker","floor":36.0,"turns":4.0},{"damage":0.0,"enemies":"Writhing Mass","floor":37.0,"turns":4.0},{"damage":0.0,"enemies":"Nemesis","floor":40.0,"turns":7.0},{"damage":34.0,"enemies":"Jaw Worm Horde","floor":42.0,"turns":4.0},{"damage":6.0,"enemies":"Giant Head","floor":44.0,"turns":16.0},{"damage":0.0,"enemies":"Spire Growth","floor":46.0,"turns":4.0},{"damage":4.0,"enemies":"Nemesis","floor":48.0,"turns":7.0},{"damage":1.0,"enemies":"Donu and Deca","floor":50.0,"turns":16.0},{"damage":1.0,"enemies":"Time Eater","floor":51.0,"turns":19.0},{"damage":25.0,"enemies":"Shield and Spear","floor":55.0,"turns":11.0},{"damage":37,"enemies":"The Heart","floor":56,"turns":14}],"seed_played":"-6943537696269858261","potions_obtained":[{"floor":2.0,"key":"Dexterity Potion"},{"floor":2.0,"key":"SkillPotion"},{"floor":13.0,"key":"EssenceOfSteel"},{"floor":13.0,"key":"EntropicBrew"},{"floor":16.0,"key":"GamblersBrew"},{"floor":18.0,"key":"PowerPotion"},{"floor":27.0,"key":"Regen Potion"},{"floor":33.0,"key":"FocusPotion"},{"floor":37.0,"key":"Fruit Juice"},{"floor":46.0,"key":"EssenceOfSteel"}],"is_trial":false,"path_per_floor":["M","?","$","M","?","E","M","E","T","R","M","E","?","M","R","B",null,"M","?","$","?","M","E","R","?","T","M","M","R","?","M","R","B",null,"M","M","M","?","$","E","R","M","T","E","T","M","R","E","R","B","B",null,"R","$","E","B",null],"character_chosen":"DEFECT","items_purchased":["War Paint","Anchor","Gash","Fruit Juice"],"campfire_rested":1,"item_purchase_floors":[20,39,54,54],"current_hp_per_floor":[64,64,64,64,64,64,60,22,22,22,22,22,22,22,22,1,48,38,38,38,38,25,16,16,16,16,11,26,26,26,16,16,11,51,43,43,48,48,48,55,55,21,21,15,15,15,15,11,11,10,9,57,73,78,53,16],"gold":66,"neow_bonus":"THREE_ENEMY_KILL","is_prod":false,"is_daily":false,"chose_seed":false,"campfire_upgraded":7,"win_rate":0,"timestamp":1567938061,"path_taken":["M","?","?","M","?","E","M","E","T","R","M","E","?","?","R","BOSS","M","?","$","?","?","E","R","?","T","M","M","R","?","?","R","BOSS","M","?","?","?","$","E","R","M","T","E","?","M","R","E","R","BOSS","BOSS","R","$","E","BOSS"],"build_version":"2019-08-26","purchased_purges":3,"victory":true,"max_hp_per_floor":[71,71,71,71,64,64,64,64,64,64,64,64,64,64,64,64,64,64,64,64,64,64,64,64,64,64,64,64,64,64,64,64,64,64,64,64,69,66,66,73,73,73,73,73,73,73,73,73,73,73,73,73,73,78,78,78],"card_choices":[{"not_picked":["Beam Cell","Lockon"],"picked":"Compile Driver","floor":1.0},{"not_picked":["Coolheaded","Cold Snap"],"picked":"Consume","floor":4.0},{"not_picked":["Rebound","Sunder"],"picked":"Skim","floor":6.0},{"not_picked":["Consume","Leap"],"picked":"Glacier","floor":7.0},{"not_picked":["Rebound","Stack","Steam"],"picked":"SKIP","floor":8.0},{"not_picked":["Gash","Conserve Battery"],"picked":"Turbo","floor":11.0},{"not_picked":["Compile Driver","Leap"],"picked":"Electrodynamics","floor":12.0},{"not_picked":["Streamline","Gash","Tempest"],"picked":"SKIP","floor":14.0},{"not_picked":["Thunder Strike","All For One"],"picked":"Core Surge","floor":16.0},{"not_picked":["Darkness","Compile Driver"],"picked":"White Noise","floor":18.0},{"not_picked":["Ball Lightning","Consume"],"picked":"Coolheaded","floor":22.0},{"not_picked":["Tempest","Rebound"],"picked":"Turbo","floor":23.0},{"not_picked":["Reprogram","Sunder"],"picked":"Coolheaded+1","floor":27.0},{"not_picked":["Rebound+1","Steam","Conserve Battery"],"picked":"SKIP","floor":28.0},{"not_picked":["BootSequence","Beam Cell","Steam Power+1"],"picked":"SKIP","floor":31.0},{"not_picked":["Fission","Core Surge"],"picked":"Meteor Strike","floor":33.0},{"not_picked":["Steam Power","Leap"],"picked":"Skim","floor":35.0},{"not_picked":["Lockon","Defragment"],"picked":"Turbo+1","floor":36.0},{"not_picked":["Compile Driver","Turbo","Genetic Algorithm"],"picked":"SKIP","floor":37.0},{"not_picked":["Compile Driver+1","Rebound"],"picked":"Defragment+1","floor":40.0},{"not_picked":["Barrage","Leap+1","Cold Snap"],"picked":"SKIP","floor":42.0},{"not_picked":["White Noise","Coolheaded","Hologram"],"picked":"SKIP","floor":44.0},{"not_picked":["Compile Driver+1","Defragment"],"picked":"Hologram+1","floor":46.0},{"not_picked":["Compile Driver+1","Go for the Eyes","All For One"],"picked":"SKIP","floor":48.0},{"not_picked":["Rebound","Leap+1"],"picked":"Chill","floor":53.0},{"not_picked":["Ball Lightning+1","Steam","BootSequence"],"picked":"SKIP","floor":55.0}],"player_experience":3209389,"relics_obtained":[{"floor":6.0,"key":"Gambling Chip"},{"floor":8.0,"key":"Letter Opener"},{"floor":12.0,"key":"Whetstone"},{"floor":23.0,"key":"Dream Catcher"},{"floor":26.0,"key":"StoneCalendar"},{"floor":40.0,"key":"Strawberry"},{"floor":43.0,"key":"Vajra"},{"floor":44.0,"key":"Lantern"},{"floor":45.0,"key":"Art of War"},{"floor":48.0,"key":"Incense Burner"},{"floor":55.0,"key":"Cables"}],"event_choices":[{"damage_healed":0.0,"max_hp_gain":0.0,"max_hp_loss":0.0,"gold_gain":0.0,"event_name":"Lab","player_choice":"Got Potions","floor":2.0,"gold_loss":0.0,"damage_taken":0.0},{"damage_healed":0.0,"max_hp_gain":0.0,"max_hp_loss":7.0,"gold_gain":0.0,"event_name":"Golden Idol","player_choice":"Lose Max HP","floor":5.0,"gold_loss":0.0,"damage_taken":0.0,"relics_obtained":["Golden Idol"]},{"damage_healed":0.0,"max_hp_gain":0.0,"max_hp_loss":0.0,"gold_gain":0.0,"event_name":"The Woman in Blue","player_choice":"Bought 2 Potions","floor":13.0,"gold_loss":0.0,"damage_taken":0.0},{"cards_removed":["Strike_B"],"damage_healed":0.0,"max_hp_gain":0.0,"max_hp_loss":0.0,"gold_gain":0.0,"event_name":"Beggar","player_choice":"Gave Gold","floor":19.0,"gold_loss":75.0,"damage_taken":0.0},{"damage_healed":0.0,"max_hp_gain":0.0,"max_hp_loss":0.0,"gold_gain":0.0,"event_name":"Duplicator","player_choice":"Copied","floor":21.0,"gold_loss":0.0,"damage_taken":0.0,"cards_obtained":["Core Surge"]},{"damage_healed":0.0,"max_hp_gain":0.0,"max_hp_loss":0.0,"gold_gain":0.0,"event_name":"The Mausoleum","player_choice":"Ignored","floor":25.0,"gold_loss":0.0,"damage_taken":0.0},{"damage_healed":0.0,"max_hp_gain":0.0,"max_hp_loss":0.0,"gold_gain":100.0,"event_name":"The Joust","player_choice":"Bet on Murderer","floor":30.0,"gold_loss":50.0,"damage_taken":0.0},{"damage_healed":0.0,"max_hp_gain":0.0,"max_hp_loss":3.0,"gold_gain":0.0,"event_name":"Winding Halls","player_choice":"Max HP","floor":38.0,"gold_loss":0.0,"damage_taken":0.0}],"is_beta":true,"boss_relics":[{"not_picked":["Coffee Dripper","White Beast Statue"],"picked":"Empty Cage"},{"not_picked":["Velvet Choker","Runic Dome"],"picked":"Inserter"}],"items_purged_floors":[3,39,54],"is_endless":false,"potions_floor_spawned":[4,11,14,16,18,27,33,37,46,48],"ascension_level":20}