{"gold_per_floor":[115,115,130,148,148,174,174,16,16,16,34,34,68,136,136,231,231,242,258,107,120,120],"floor_reached":22,"playtime":1622,"items_purged":[],"score":194,"play_id":"86ecf938-fd7f-4a21-94fc-48333900aa14","local_time":"20190915131733","is_ascension_mode":false,"campfire_choices":[{"floor":7,"key":"REST"},{"data":"Shrug It Off","floor":10,"key":"SMITH"},{"data":"Defend_R","floor":15,"key":"SMITH"}],"neow_cost":"NONE","seed_source_timestamp":123882821618008,"circlet_count":0,"master_deck":["Strike_R","Strike_R","Strike_R","Strike_R","Strike_R","Defend_R","Defend_R","Defend_R+1","Defend_R+1","Bash","Panacea","Pommel Strike","Shockwave","Clash","Sword Boomerang","Shrug It Off+1","Rampage","Anger","Pommel Strike","Juggernaut","Twin Strike+1","Fire Breathing","Warcry+1","Thunderclap","Impervious","Battle Trance+1","Shockwave","Whirlwind"],"relics":["Burning Blood","Paper Frog","Dodecahedron","Unceasing Top","Sundial","Orrery"],"potions_floor_usage":[13,21],"damage_taken":[{"damage":0,"enemies":"Small Slimes","floor":1,"turns":3},{"damage":4,"enemies":"Cultist","floor":3,"turns":3},{"damage":8,"enemies":"Jaw Worm","floor":4,"turns":4},{"damage":28,"enemies":"3 Sentries","floor":6,"turns":10},{"damage":13,"enemies":"Red Slaver","floor":11,"turns":2},{"damage":12,"enemies":"Lagavulin","floor":13,"turns":7},{"damage":38,"enemies":"Slime Boss","floor":16,"turns":11},{"damage":12,"enemies":"Shell Parasite","floor":18,"turns":5},{"damage":7,"enemies":"Chosen","floor":19,"turns":4},{"damage":30,"enemies":"Shelled Parasite and Fungi","floor":21,"turns":5},{"damage":52,"enemies":"Sentry and Sphere","floor":22,"turns":7}],"seed_played":"-2865815743041848007","potions_obtained":[{"floor":1,"key":"Energy Potion"},{"floor":16,"key":"SteroidPotion"},{"floor":19,"key":"Fire Potion"}],"is_trial":false,"path_per_floor":["M","?","M","M","?","E","R","$","T","R","M","$","E","T","R","B",null,"M","M","$","M","M"],"character_chosen":"IRONCLAD","items_purchased":["Regen Potion","Rampage","Orrery"],"campfire_rested":1,"item_purchase_floors":[8,8,20],"current_hp_per_floor":[80,80,80,78,78,56,80,80,80,80,73,73,72,72,72,40,80,74,73,73,49,0],"gold":120,"neow_bonus":"RANDOM_COLORLESS","is_prod":false,"is_daily":false,"chose_seed":false,"campfire_upgraded":2,"win_rate":0.0,"timestamp":1568578653,"path_taken":["M","?","?","M","?","E","R","$","T","R","?","?","E","?","R","BOSS","M","M","$","M","M"],"build_version":"2019-09-12","purchased_purges":0,"victory":false,"max_hp_per_floor":[80,80,80,80,80,80,80,80,80,80,80,80,80,80,80,80,80,80,80,80,80,80],"card_choices":[{"not_picked":["Fire Breathing","Warcry"],"picked":"Pommel Strike","floor":1},{"not_picked":["Sever Soul","Clothesline"],"picked":"Clash","floor":3},{"not_picked":["True Grit","Clothesline"],"picked":"Sword Boomerang","floor":4},{"not_picked":["Iron Wave","Perfected Strike"],"picked":"Shrug It Off","floor":6},{"not_picked":["Pummel","Twin Strike"],"picked":"Anger","floor":11},{"not_picked":["Corruption","Fiend Fire"],"picked":"Pommel Strike","floor":13},{"not_picked":["Berserk","Brutality"],"picked":"Juggernaut","floor":16},{"not_picked":["Anger","Body Slam"],"picked":"Twin Strike+1","floor":18},{"not_picked":["Rage","Warcry"],"picked":"Fire Breathing","floor":19},{"not_picked":["Thunderclap","Sever Soul"],"picked":"Warcry+1","floor":20},{"not_picked":["Second Wind","True Grit"],"picked":"Thunderclap","floor":20},{"not_picked":["Second Wind","True Grit"],"picked":"Impervious","floor":20},{"not_picked":["Second Wind+1","Clash"],"picked":"Battle Trance+1","floor":20},{"not_picked":["Combust","Blood for Blood"],"picked":"Shockwave","floor":20},{"not_picked":["Pommel Strike","Clash"],"picked":"Whirlwind","floor":21}],"player_experience":23913,"relics_obtained":[{"floor":6,"key":"Paper Frog"},{"floor":9,"key":"Dodecahedron"},{"floor":13,"key":"Unceasing Top"},{"floor":14,"key":"Sundial"}],"event_choices":[{"damage_healed":0,"gold_gain":0,"player_choice":"1 cards matched","damage_taken":0,"max_hp_gain":0,"max_hp_loss":0,"event_name":"Match and Keep!","floor":2,"gold_loss":0,"cards_obtained":["Shockwave"]},{"damage_healed":0,"gold_gain":0,"player_choice":"Upgraded","damage_taken":0,"max_hp_gain":0,"max_hp_loss":0,"event_name":"Upgrade Shrine","floor":5,"gold_loss":0,"cards_upgraded":["Defend_R"]}],"is_beta":true,"boss_relics":[{"not_picked":["Runic Dome","Snecko Eye","Mark of Pain"]}],"items_purged_floors":[],"is_endless":false,"potions_floor_spawned":[1,16,19],"killed_by":"Sentry and Sphere","ascension_level":0}