{"gold_per_floor":[116,116,134,154,174,206,262,262,262,274,49,69,69,83,83,180,180,200,213,230,244,291,291,303,303,303,303,323,323,335,347,347,449,499,517,517,64,64,80,80,80,95,95,95,95,43,43,54,54,54],"floor_reached":50,"playtime":6458,"items_purged":[],"score":498,"play_id":"aa134cb1-1a37-4e85-851f-152f8bedd82a","local_time":"20190806164149","is_ascension_mode":false,"campfire_choices":[{"data":"Reinforced Body","floor":8.0,"key":"SMITH"},{"data":"Auto Shields","floor":13.0,"key":"SMITH"},{"data":"Glacier","floor":15.0,"key":"SMITH"},{"data":"Conserve Battery","floor":23,"key":"SMITH"},{"floor":29,"key":"REST"},{"floor":32,"key":"REST"},{"data":"Streamline","floor":40,"key":"SMITH"},{"data":"Self Repair","floor":45,"key":"SMITH"},{"data":"Blind","floor":47,"key":"SMITH"},{"floor":49,"key":"REST"}],"neow_cost":"NONE","seed_source_timestamp":0,"circlet_count":0,"master_deck":["Strike_B","Strike_B","Strike_B","Defend_B","Defend_B","Defend_B","Defend_B","Zap","Dualcast","Leap","Leap","Chill","Lockon","Cold Snap","Reinforced Body+1","Auto Shields+1","Glacier+1","Capacitor","Chaos","Biased Cognition","Melter+1","Conserve Battery+1","Genetic Algorithm","Streamline","Streamline+1","Stack","Redo","Rainbow","Conserve Battery+1","Ball Lightning","Writhe","Self Repair+1","Gash","Reinforced Body","Parasite","Go for the Eyes+1","Blind+1","Cold Snap+1"],"special_seed":0,"relics":["Cracked Core","Vajra","Tiny Chest","Strawberry","Anchor","White Beast Statue","Pen Nib","Emotion Chip","Tiny House","Lee\u0027s Waffle","Bag of Marbles","Blue Candle"],"potions_floor_usage":[24,28,28,33,33,33,39,42,48,48,50,50],"damage_taken":[{"damage":1.0,"enemies":"Jaw Worm","floor":1.0,"turns":3.0},{"damage":1.0,"enemies":"Cultist","floor":3.0,"turns":4.0},{"damage":0.0,"enemies":"Small Slimes","floor":4.0,"turns":4.0},{"damage":1.0,"enemies":"3 Louse","floor":5.0,"turns":4.0},{"damage":11.0,"enemies":"3 Sentries","floor":6.0,"turns":11.0},{"damage":0.0,"enemies":"2 Fungi Beasts","floor":10.0,"turns":3.0},{"damage":1.0,"enemies":"Exordium Wildlife","floor":12.0,"turns":7.0},{"damage":0.0,"enemies":"Large Slime","floor":14.0,"turns":8.0},{"damage":16.0,"enemies":"Hexaghost","floor":16.0,"turns":16.0},{"damage":6,"enemies":"Spheric Guardian","floor":18,"turns":6},{"damage":0,"enemies":"Chosen","floor":19,"turns":6},{"damage":2,"enemies":"Shelled Parasite and Fungi","floor":20,"turns":9},{"damage":11,"enemies":"Snake Plant","floor":21,"turns":7},{"damage":5,"enemies":"Centurion and Healer","floor":24,"turns":11},{"damage":44,"enemies":"Chosen and Byrds","floor":28,"turns":9},{"damage":22,"enemies":"Snecko","floor":30,"turns":6},{"damage":15,"enemies":"Centurion and Healer","floor":31,"turns":8},{"damage":34,"enemies":"Champ","floor":33,"turns":15},{"damage":2,"enemies":"Orb Walker","floor":35,"turns":5},{"damage":7,"enemies":"3 Shapes","floor":39,"turns":4},{"damage":12,"enemies":"Writhing Mass","floor":42,"turns":8},{"damage":56,"enemies":"Maw","floor":48,"turns":10},{"damage":88,"enemies":"Time Eater","floor":50,"turns":10}],"seed_played":"8804863553515428817","potions_obtained":[{"floor":5.0,"key":"EssenceOfSteel"},{"floor":6.0,"key":"Weak Potion"},{"floor":10.0,"key":"EssenceOfSteel"},{"floor":16.0,"key":"FocusPotion"},{"floor":18,"key":"Explosive Potion"},{"floor":19,"key":"Poison Potion"},{"floor":24,"key":"Regen Potion"},{"floor":28,"key":"Poison Potion"},{"floor":30,"key":"SteroidPotion"},{"floor":31,"key":"Block Potion"},{"floor":33,"key":"SpeedPotion"},{"floor":34,"key":"Weak Potion"},{"floor":35,"key":"AttackPotion"},{"floor":39,"key":"GamblersBrew"},{"floor":42,"key":"Swift Potion"},{"floor":48,"key":"SpeedPotion"}],"is_trial":false,"path_per_floor":["M","?","M","M","M","E","T","R","T","M","$","M","R","M","R","B",null,"M","M","M","M","T","R","M","?","T","?","M","R","M","M","R","B",null,"M","?","$","?","M","R","?","M","T","?","R","$","R","M","R","B"],"character_chosen":"DEFECT","items_purchased":["Anchor","Glacier","Lee\u0027s Waffle","Self Repair","Bag of Marbles","Gash","Fire Potion"],"campfire_rested":3,"item_purchase_floors":[11,11,37,37,37,37,46],"current_hp_per_floor":[81,81,80,80,79,68,68,68,75,75,75,74,74,74,74,58,89,83,83,81,70,70,70,65,65,65,65,35,61,39,24,50,16,94,92,94,101,101,101,101,101,96,96,96,96,96,96,50,80,0],"gold":54,"neow_bonus":"TEN_PERCENT_HP_BONUS","is_prod":false,"is_daily":false,"chose_seed":false,"campfire_upgraded":7,"win_rate":0,"timestamp":1565134909,"path_taken":["M","?","M","M","?","E","?","R","T","M","$","M","R","M","R","BOSS","M","M","?","M","?","R","M","?","T","?","M","R","M","M","R","BOSS","M","?","$","?","M","R","?","?","T","?","R","$","R","M","R","BOSS"],"build_version":"2019-07-17","purchased_purges":0,"victory":false,"max_hp_per_floor":[82,82,82,82,82,82,82,82,89,89,89,89,89,89,89,89,89,89,89,89,89,89,89,89,89,89,89,89,89,89,89,89,89,94,94,94,101,101,101,101,101,101,101,101,101,101,101,101,101,101],"card_choices":[{"not_picked":["Beam Cell","Go for the Eyes"],"picked":"Leap","floor":1.0},{"not_picked":["Cold Snap","Steam"],"picked":"Chill","floor":3.0},{"not_picked":["Hologram","Beam Cell"],"picked":"Lockon","floor":4.0},{"not_picked":["Compile Driver","Doom and Gloom"],"picked":"Cold Snap","floor":5.0},{"not_picked":["Aggregate","Force Field"],"picked":"Reinforced Body","floor":6.0},{"not_picked":["Scrape","Streamline"],"picked":"Auto Shields","floor":10.0},{"not_picked":["Consume","Cold Snap"],"picked":"Capacitor","floor":12.0},{"not_picked":["Beam Cell","Glacier"],"picked":"Chaos","floor":14.0},{"not_picked":["Creative AI","Seek"],"picked":"Biased Cognition","floor":16.0},{"not_picked":["Go for the Eyes","Turbo"],"picked":"Melter","floor":18},{"not_picked":["Double Energy","Beam Cell"],"picked":"Conserve Battery","floor":19},{"not_picked":["Compile Driver","Conserve Battery"],"picked":"Genetic Algorithm","floor":20},{"not_picked":["Turbo+1","Ball Lightning"],"picked":"Streamline","floor":21},{"not_picked":["Steam+1","Consume+1","Rebound"],"picked":"SKIP","floor":24},{"not_picked":["Chill","Cold Snap"],"picked":"Streamline","floor":28},{"not_picked":["Echo Form","Darkness"],"picked":"Stack","floor":30},{"not_picked":["Hologram+1","Double Energy+1"],"picked":"Redo","floor":31},{"not_picked":["Seek","Echo Form"],"picked":"Rainbow","floor":33},{"not_picked":["Compile Driver","Rip and Tear"],"picked":"Conserve Battery+1","floor":34},{"not_picked":["Chill","Hello World"],"picked":"Ball Lightning","floor":35},{"not_picked":["Chaos+1","Gash+1"],"picked":"Reinforced Body","floor":39},{"not_picked":["Force Field","Compile Driver"],"picked":"Go for the Eyes+1","floor":42},{"not_picked":["Dark Shackles","Impatience"],"picked":"Blind","floor":44},{"not_picked":["Coolheaded","All For One"],"picked":"Cold Snap+1","floor":48}],"player_experience":349027,"relics_obtained":[{"floor":6.0,"key":"Vajra"},{"floor":7.0,"key":"Tiny Chest"},{"floor":9.0,"key":"Strawberry"},{"floor":22,"key":"Pen Nib"},{"floor":26,"key":"Emotion Chip"},{"floor":43,"key":"Blue Candle"}],"event_choices":[{"damage_healed":0.0,"max_hp_gain":0.0,"max_hp_loss":0.0,"gold_gain":0.0,"event_name":"Match and Keep!","player_choice":"1 cards matched","floor":2.0,"gold_loss":0.0,"damage_taken":0.0,"cards_obtained":["Leap"]},{"damage_healed":0,"gold_gain":0,"player_choice":"Ignored","damage_taken":0,"max_hp_gain":0,"max_hp_loss":0,"event_name":"Cursed Tome","floor":25,"gold_loss":0},{"damage_healed":0,"gold_gain":0,"player_choice":"Ignored","damage_taken":0,"max_hp_gain":0,"max_hp_loss":0,"event_name":"Ghosts","floor":27,"gold_loss":0},{"damage_healed":24,"gold_gain":0,"player_choice":"Writhe","damage_taken":0,"max_hp_gain":0,"max_hp_loss":0,"event_name":"Winding Halls","floor":36,"gold_loss":0,"cards_obtained":["Writhe"]},{"cards_removed":["Strike_B"],"damage_healed":0,"gold_gain":0,"player_choice":"Removed Attack","damage_taken":0,"max_hp_gain":0,"max_hp_loss":0,"event_name":"Falling","floor":38,"gold_loss":0},{"damage_healed":0,"gold_gain":0,"player_choice":"Ignored","damage_taken":0,"max_hp_gain":0,"max_hp_loss":0,"event_name":"Mysterious Sphere","floor":41,"gold_loss":0},{"damage_healed":0,"gold_gain":0,"player_choice":"Memory 1","damage_taken":0,"max_hp_gain":0,"max_hp_loss":0,"event_name":"SensoryStone","floor":44,"gold_loss":0}],"is_beta":false,"boss_relics":[{"not_picked":["Coffee Dripper","Runic Dome"],"picked":"White Beast Statue"},{"not_picked":["Black Star","Velvet Choker"],"picked":"Tiny House"}],"items_purged_floors":[],"is_endless":false,"potions_floor_spawned":[5,6,10,16,18,19,20,21,24,28,30,31,33,35,39,42,48],"killed_by":"Time Eater","ascension_level":0}