{"gold_per_floor":[118,118,60,80,80,114,114,149,149,164,164,181,181,213,213,213],"floor_reached":16,"playtime":3251,"items_purged":[],"score":290,"play_id":"4859f1f6-ee8f-4f32-9144-17de834f3987","local_time":"20190131222428","is_ascension_mode":true,"campfire_choices":[{"data":"Zap","floor":7,"key":"SMITH"},{"data":"Go for the Eyes","floor":11,"key":"SMITH"},{"data":"Doom and Gloom","floor":13,"key":"SMITH"},{"data":"Reinforced Body","floor":15,"key":"SMITH"}],"neow_cost":"NONE","seed_source_timestamp":19661056394546,"circlet_count":0,"master_deck":["AscendersBane","Strike_B","Strike_B","Strike_B","Strike_B","Defend_B","Defend_B","Defend_B","Defend_B","Zap+1","Dualcast","Leap","Conserve Battery","Doom and Gloom+1","Go for the Eyes+1","Reinforced Body+1","Self Repair"],"relics":["Cracked Core","NeowsBlessing","Nunchaku","Pen Nib","Prayer Wheel","Mango","Du-Vu Doll"],"potions_floor_usage":[12,16],"damage_taken":[{"damage":0,"enemies":"2 Louse","floor":1,"turns":1},{"damage":0,"enemies":"Jaw Worm","floor":4,"turns":1},{"damage":0,"enemies":"Gremlin Nob","floor":6,"turns":1},{"damage":25,"enemies":"Lagavulin","floor":8,"turns":8},{"damage":0,"enemies":"Cultist","floor":10,"turns":3},{"damage":19,"enemies":"Exordium Wildlife","floor":12,"turns":3},{"damage":19,"enemies":"3 Sentries","floor":14,"turns":8},{"damage":27,"enemies":"Slime Boss","floor":16,"turns":9}],"seed_played":"8926202300059268520","potions_obtained":[{"floor":6,"key":"Explosive Potion"},{"floor":12,"key":"Swift Potion"}],"is_trial":false,"path_per_floor":["M","?","?","M","?","E","R","E","T","M","R","M","R","E","R","B"],"character_chosen":"DEFECT","items_purchased":[],"campfire_rested":0,"item_purchase_floors":[],"current_hp_per_floor":[64,64,64,64,69,69,69,44,58,58,58,39,39,27,27,0],"gold":213,"neow_bonus":"THREE_ENEMY_KILL","is_prod":false,"is_daily":false,"chose_seed":false,"campfire_upgraded":4,"win_rate":0,"timestamp":1548969868,"path_taken":["M","?","?","?","?","E","R","E","T","M","R","M","R","E","R","BOSS"],"build_version":"2019-01-17v2","purchased_purges":0,"victory":false,"max_hp_per_floor":[71,71,71,71,76,76,76,76,90,90,90,90,90,90,90,90],"card_choices":[{"not_picked":["Rip and Tear","Beam Cell"],"picked":"Leap","floor":1},{"not_picked":["BootSequence","Stack"],"picked":"Conserve Battery","floor":4},{"not_picked":["Stack","Chaos","Barrage"],"picked":"SKIP","floor":6},{"not_picked":["Conserve Battery","Turbo"],"picked":"Doom and Gloom","floor":8},{"not_picked":["Barrage","White Noise"],"picked":"Go for the Eyes","floor":10},{"not_picked":["Conserve Battery","Barrage","Reinforced Body"],"picked":"SKIP","floor":10},{"not_picked":["Conserve Battery","Barrage"],"picked":"Reinforced Body","floor":10},{"not_picked":["Conserve Battery","Stack"],"picked":"Self Repair","floor":12},{"not_picked":["Go for the Eyes","Leap","Stack"],"picked":"SKIP","floor":12},{"not_picked":["Thunder Strike","White Noise","Conserve Battery"],"picked":"SKIP","floor":14},{"not_picked":["Thunder Strike","White Noise","Conserve Battery"],"picked":"SKIP","floor":14}],"player_experience":1241112,"relics_obtained":[{"floor":6,"key":"Pen Nib"},{"floor":8,"key":"Prayer Wheel"},{"floor":9,"key":"Mango"},{"floor":14,"key":"Du-Vu Doll"}],"event_choices":[{"damage_healed":0,"gold_gain":0,"player_choice":"Ignored","damage_taken":0,"max_hp_gain":0,"max_hp_loss":0,"event_name":"Shining Light","floor":2,"gold_loss":0},{"damage_healed":0,"gold_gain":0,"player_choice":"Paid Gold","damage_taken":0,"relics_obtained":["Nunchaku"],"max_hp_gain":0,"max_hp_loss":0,"event_name":"WeMeetAgain","floor":3,"gold_loss":58},{"damage_healed":0,"gold_gain":0,"player_choice":"Donut","damage_taken":0,"max_hp_gain":5,"max_hp_loss":0,"event_name":"Big Fish","floor":5,"gold_loss":0}],"is_beta":false,"boss_relics":[],"items_purged_floors":[],"is_endless":false,"potions_floor_spawned":[6,12],"killed_by":"Slime Boss","ascension_level":17}