{"gold_per_floor":[366,97,97,142,204,204,41,41,65,132,187,247,286,391,391,493,493,579,579,35,55,105,158,158,158,158,158,33,93,14,102,102,200,200,213,63,113,207,252,266,302,340,340,360,392,392,454,454,454,454,454,454,454,8,37,37],"floor_reached":57,"playtime":3497,"items_purged":["Strike_G","Strike_G","Strike_G","Unload"],"score":2768,"play_id":"83102a5f-ae3f-4d27-9613-6ffe7e9511da","local_time":"20190917164406","is_ascension_mode":true,"campfire_choices":[{"data":"Neutralize","floor":6.0,"key":"SMITH"},{"data":"Noxious Fumes","floor":8.0,"key":"SMITH"},{"data":"Footwork","floor":15.0,"key":"SMITH"},{"data":"Acrobatics","floor":25.0,"key":"SMITH"},{"data":"Seek","floor":27.0,"key":"SMITH"},{"data":"Tactician","floor":32.0,"key":"SMITH"},{"data":"True Grit","floor":46.0,"key":"SMITH"},{"floor":49.0,"key":"RECALL"},{"data":"Impatience","floor":53.0,"key":"SMITH"}],"neow_cost":"TEN_PERCENT_HP_LOSS","seed_source_timestamp":596818667642461,"circlet_count":0,"master_deck":["AscendersBane","Survivor","Neutralize+1","Footwork+1","HandOfGreed+1","Acrobatics+1","Noxious Fumes+1","Backflip","Storm of Steel","Backflip","Seek+1","Tactician+1","Juggernaut","Corpse Explosion","Cloak And Dagger","Backstab","Cloak And Dagger","True Grit+1","Rage","Impatience+1","Prostrate+1"],"special_seed":0,"relics":["Ring of the Snake","Bag of Marbles","Pantograph","HoveringKite","PrismaticShard","Eternal Feather","Tingsha","CloakClasp","Whetstone","Pandora\u0027s Box","White Beast Statue","Dodecahedron","Membership Card","InkBottle","Incense Burner","Thread and Needle"],"potions_floor_usage":[56,56],"damage_taken":[{"damage":2.0,"enemies":"Jaw Worm","floor":1.0,"turns":6.0},{"damage":1.0,"enemies":"Cultist","floor":4.0,"turns":4.0},{"damage":3.0,"enemies":"2 Louse","floor":5.0,"turns":5.0},{"damage":9.0,"enemies":"Large Slime","floor":10.0,"turns":9.0},{"damage":2.0,"enemies":"Lagavulin","floor":11.0,"turns":7.0},{"damage":12.0,"enemies":"Exordium Wildlife","floor":12.0,"turns":5.0},{"damage":8.0,"enemies":"Red Slaver","floor":13.0,"turns":5.0},{"damage":14.0,"enemies":"3 Sentries","floor":14.0,"turns":8.0},{"damage":8.0,"enemies":"The Guardian","floor":16.0,"turns":13.0},{"damage":48.0,"enemies":"3 Byrds","floor":18.0,"turns":9.0},{"damage":0.0,"enemies":"2 Thieves","floor":21.0,"turns":4.0},{"damage":8.0,"enemies":"Book of Stabbing","floor":23.0,"turns":9.0},{"damage":16.0,"enemies":"Gremlin Leader","floor":29.0,"turns":7.0},{"damage":11.0,"enemies":"3 Cultists","floor":31.0,"turns":6.0},{"damage":23.0,"enemies":"Champ","floor":33.0,"turns":13.0},{"damage":10.0,"enemies":"3 Darklings","floor":35.0,"turns":3.0},{"damage":7.0,"enemies":"3 Shapes","floor":38.0,"turns":4.0},{"damage":0.0,"enemies":"Writhing Mass","floor":39.0,"turns":7.0},{"damage":0.0,"enemies":"Transient","floor":40.0,"turns":6.0},{"damage":0.0,"enemies":"Maw","floor":41.0,"turns":6.0},{"damage":13.0,"enemies":"Spire Growth","floor":42.0,"turns":5.0},{"damage":14.0,"enemies":"3 Darklings","floor":44.0,"turns":5.0},{"damage":2.0,"enemies":"Nemesis","floor":45.0,"turns":7.0},{"damage":0.0,"enemies":"4 Shapes","floor":47.0,"turns":5.0},{"damage":14.0,"enemies":"Donu and Deca","floor":50.0,"turns":7.0},{"damage":15.0,"enemies":"Time Eater","floor":51.0,"turns":13.0},{"damage":0,"enemies":"Shield and Spear","floor":55,"turns":4},{"damage":12,"enemies":"The Heart","floor":56,"turns":8}],"seed_played":"2417668055557179956","potions_obtained":[{"floor":1.0,"key":"Fruit Juice"},{"floor":12.0,"key":"PowerPotion"},{"floor":13.0,"key":"Explosive Potion"},{"floor":16.0,"key":"FairyPotion"},{"floor":23.0,"key":"GamblersBrew"},{"floor":31.0,"key":"Ancient Potion"},{"floor":33.0,"key":"SmokeBomb"},{"floor":39.0,"key":"Block Potion"},{"floor":42.0,"key":"Strength Potion"},{"floor":45.0,"key":"Explosive Potion"},{"floor":47.0,"key":"Regen Potion"}],"is_trial":false,"path_per_floor":["M","$","?","M","M","R","$","R","T","M","E","M","M","E","R","B",null,"M","?","$","M","?","E","?","R","T","R","$","E","$","M","R","B",null,"M","$","?","M","M","M","M","M","T","M","E","R","M","?","R","B","B",null,"R","$","E","B",null],"character_chosen":"THE_SILENT","items_purchased":["Footwork","HandOfGreed","Noxious Fumes","PrismaticShard","Eternal Feather","Tactician","Membership Card","InkBottle","Incense Burner","Swift Potion"],"campfire_rested":0,"item_purchase_floors":[2,2,7,20,20,30,54,54,54,54],"current_hp_per_floor":[57,57,57,56,53,53,53,53,53,44,42,30,27,13,13,30,56,8,8,8,8,8,19,19,28,28,37,37,21,21,10,19,21,54,44,44,44,37,37,37,37,24,24,10,8,17,17,17,29,40,50,61,65,65,65,53],"gold":37,"neow_bonus":"TWO_FIFTY_GOLD","is_prod":false,"is_daily":false,"chose_seed":false,"campfire_upgraded":8,"win_rate":0,"timestamp":1568709846,"path_taken":["M","$","?","M","M","R","$","R","T","M","E","?","M","E","R","BOSS","M","?","$","M","?","E","?","R","T","R","$","E","$","M","R","BOSS","M","$","?","M","M","M","?","M","T","M","E","R","M","?","R","BOSS","BOSS","R","$","E","BOSS"],"build_version":"2019-09-16","purchased_purges":4,"victory":true,"max_hp_per_floor":[60,60,60,60,60,60,60,60,60,60,60,60,65,65,65,65,65,65,65,65,65,65,65,65,65,65,65,65,65,65,65,65,65,65,65,65,65,65,65,65,65,65,65,65,65,65,65,65,65,65,65,65,65,65,65,65],"card_choices":[{"not_picked":["Eviscerate","Flying Knee","Blur"],"picked":"SKIP","floor":1.0},{"not_picked":["Dagger Throw","Outmaneuver","Eviscerate"],"picked":"SKIP","floor":4.0},{"not_picked":["Accuracy","Quick Slash"],"picked":"Acrobatics","floor":5.0},{"not_picked":["Blade Dance","Leg Sweep","Riddle With Holes"],"picked":"SKIP","floor":10.0},{"not_picked":["Leg Sweep","Blur","Eviscerate"],"picked":"SKIP","floor":11.0},{"not_picked":["Quick Slash","Heel Hook","Outmaneuver"],"picked":"SKIP","floor":12.0},{"not_picked":["Deflect","Backstab"],"picked":"Backflip","floor":13.0},{"not_picked":["Sucker Punch","Prepared","Flying Knee"],"picked":"SKIP","floor":14.0},{"not_picked":["Setup","Caltrops","Masterful Stab"],"picked":"SKIP","floor":18.0},{"not_picked":["Consecrate","Auto Shields","Conserve Battery"],"picked":"SKIP","floor":21.0},{"not_picked":["Steam","Violence"],"picked":"Seek","floor":23.0},{"not_picked":["Blind","Clothesline","Steam"],"picked":"SKIP","floor":29.0},{"not_picked":["Combust","Outmaneuver","Backflip"],"picked":"SKIP","floor":31.0},{"not_picked":["Impervious","Creative AI"],"picked":"Juggernaut","floor":33.0},{"not_picked":["Lockon","Vengeance","Combust"],"picked":"SKIP","floor":35.0},{"not_picked":["Accuracy","Deadly Poison","Bane"],"picked":"SKIP","floor":38.0},{"not_picked":["Deadly Poison+1","All Out Attack"],"picked":"True Grit","floor":39.0},{"not_picked":["MentalFortress","Bane+1","Intimidate"],"picked":"SKIP","floor":40.0},{"not_picked":["Sucker Punch","CutThroughFate","Setup"],"picked":"SKIP","floor":41.0},{"not_picked":["Thunderclap","Heel Hook"],"picked":"Rage","floor":42.0},{"not_picked":["Sweeping Beam","Caltrops","Biased Cognition"],"picked":"SKIP","floor":44.0},{"not_picked":["Outmaneuver","Go for the Eyes+1","Flying Knee+1"],"picked":"SKIP","floor":45.0},{"not_picked":["FlurryOfBlows","Reprogram+1","Cloak And Dagger+1"],"picked":"SKIP","floor":47.0},{"not_picked":["Metamorphosis","Purity"],"picked":"Impatience","floor":48.0},{"not_picked":["Go for the Eyes+1","Wireheading+1"],"picked":"Prostrate+1","floor":55}],"player_experience":813269,"relics_obtained":[{"floor":11.0,"key":"Bag of Marbles"},{"floor":14.0,"key":"Pantograph"},{"floor":23.0,"key":"Tingsha"},{"floor":26.0,"key":"CloakClasp"},{"floor":29.0,"key":"Whetstone"},{"floor":43.0,"key":"White Beast Statue"},{"floor":45.0,"key":"Dodecahedron"},{"floor":55,"key":"Thread and Needle"}],"event_choices":[{"damage_healed":0.0,"max_hp_gain":0.0,"max_hp_loss":0.0,"gold_gain":0.0,"event_name":"Upgrade Shrine","player_choice":"Upgraded","floor":3.0,"gold_loss":0.0,"damage_taken":0.0,"cards_upgraded":["HandOfGreed"]},{"damage_healed":0.0,"max_hp_gain":0.0,"max_hp_loss":0.0,"gold_gain":0.0,"cards_transformed":["Strike_G","Strike_G"],"event_name":"Drug Dealer","player_choice":"Became Test Subject","floor":19.0,"gold_loss":0.0,"damage_taken":0.0,"cards_obtained":["Storm of Steel","Backflip"]},{"damage_healed":0.0,"max_hp_gain":0.0,"max_hp_loss":0.0,"gold_gain":50.0,"event_name":"Nest","player_choice":"Stole From Cult","floor":22.0,"gold_loss":0.0,"damage_taken":0.0},{"damage_healed":0.0,"max_hp_gain":0.0,"max_hp_loss":0.0,"gold_gain":0.0,"event_name":"The Mausoleum","player_choice":"Ignored","floor":24.0,"gold_loss":0.0,"damage_taken":0.0},{"damage_healed":0.0,"max_hp_gain":0.0,"max_hp_loss":0.0,"gold_gain":50.0,"event_name":"Golden Shrine","player_choice":"Pray","floor":37.0,"gold_loss":0.0,"damage_taken":0.0},{"damage_healed":0.0,"max_hp_gain":0.0,"max_hp_loss":0.0,"gold_gain":0.0,"event_name":"SensoryStone","player_choice":"Memory 1","floor":48.0,"gold_loss":0.0,"damage_taken":0.0}],"is_beta":true,"boss_relics":[{"not_picked":["Busted Crown","Runic Dome"],"picked":"HoveringKite"},{"not_picked":["Coffee Dripper","WristBlade"],"picked":"Pandora\u0027s Box"}],"items_purged_floors":[7,20,28,36],"is_endless":false,"potions_floor_spawned":[1,12,13,16,23,31,33,39,42,44,45,47,55],"ascension_level":20}