{"gold_per_floor":[113,38,38,56,56,56,75,75,75,75,75,92,102,129,129,233,233,244,244,144,144,158,158,188,188,270,1,31,46,46,46,46,144,144,158,258,258,308,16,41,41,59,59,86,86,86,103,113,113,113],"floor_reached":51,"playtime":3111,"items_purged":["Strike_P","Strike_P","Strike_P","Strike_P+1"],"score":1442,"play_id":"8f351714-ce5e-46e1-990e-697967e96e86","local_time":"20190911125341","is_ascension_mode":true,"campfire_choices":[{"data":"EmptyFist","floor":6.0,"key":"SMITH"},{"data":"MentalFortress","floor":8.0,"key":"SMITH"},{"data":"Eruption","floor":11.0,"key":"SMITH"},{"data":"BattleHymn","floor":15.0,"key":"SMITH"},{"data":"Meditate","floor":23.0,"key":"SMITH"},{"data":"EmptyMind","floor":25.0,"key":"SMITH"},{"data":"Vigilance","floor":30.0,"key":"SMITH"},{"data":"Evaluate","floor":32.0,"key":"SMITH"},{"data":"Deep Breath","floor":41.0,"key":"SMITH"},{"data":"Madness","floor":46,"key":"SMITH"},{"data":"Defend_P","floor":49,"key":"SMITH"}],"neow_cost":"PERCENT_DAMAGE","seed_source_timestamp":2330236030233400,"circlet_count":0,"master_deck":["AscendersBane","Defend_P","Defend_P","Defend_P+1","Eruption+1","Vigilance+1","Evaluate+1","EmptyFist+1","MentalFortress+1","BattleHymn+1","Nirvana","Meditate+1","MentalFortress+1","ClearTheMind+1","EmptyMind+1","Deep Breath+1","Madness+1","Adaptation+1"],"special_seed":0,"relics":["HolyWater","FossilizedHelix","Letter Opener","Potion Belt","MealTicket","Meat on the Bone","Kunai","TheAbacus","Lantern","VioletLotus","Lizard Tail","Mango","Membership Card","Calipers","Pocketwatch","Vajra"],"potions_floor_usage":[50,50,50,50],"damage_taken":[{"damage":0.0,"enemies":"2 Louse","floor":1.0,"turns":2.0},{"damage":0.0,"enemies":"Cultist","floor":4.0,"turns":3.0},{"damage":0.0,"enemies":"Jaw Worm","floor":7.0,"turns":2.0},{"damage":0.0,"enemies":"Large Slime","floor":12.0,"turns":5.0},{"damage":0.0,"enemies":"Exordium Thugs","floor":13.0,"turns":4.0},{"damage":0.0,"enemies":"Gremlin Nob","floor":14.0,"turns":3.0},{"damage":14.0,"enemies":"Hexaghost","floor":16.0,"turns":12.0},{"damage":1.0,"enemies":"3 Byrds","floor":18.0,"turns":5.0},{"damage":0.0,"enemies":"Shell Parasite","floor":22.0,"turns":7.0},{"damage":13.0,"enemies":"Gremlin Leader","floor":24.0,"turns":10.0},{"damage":14.0,"enemies":"Slavers","floor":28.0,"turns":6.0},{"damage":1.0,"enemies":"Snake Plant","floor":29.0,"turns":3.0},{"damage":0.0,"enemies":"Collector","floor":33.0,"turns":9.0},{"damage":2.0,"enemies":"3 Shapes","floor":35.0,"turns":4.0},{"damage":0.0,"enemies":"Mind Bloom Boss Battle","floor":36.0,"turns":4.0},{"damage":0.0,"enemies":"2 Orb Walkers","floor":38.0,"turns":4.0},{"damage":0.0,"enemies":"Giant Head","floor":40.0,"turns":2.0},{"damage":0.0,"enemies":"3 Darklings","floor":42.0,"turns":3.0},{"damage":0.0,"enemies":"Nemesis","floor":44.0,"turns":3.0},{"damage":0,"enemies":"Sphere and 2 Shapes","floor":47,"turns":3},{"damage":0,"enemies":"Writhing Mass","floor":48,"turns":4},{"damage":0,"enemies":"Time Eater","floor":50,"turns":5}],"seed_played":"622770161146788596","potions_obtained":[{"floor":1.0,"key":"SkillPotion"},{"floor":3.0,"key":"StancePotion"},{"floor":13.0,"key":"SkillPotion"},{"floor":24.0,"key":"FearPotion"},{"floor":28.0,"key":"FearPotion"},{"floor":35.0,"key":"PowerPotion"},{"floor":40.0,"key":"PowerPotion"},{"floor":42.0,"key":"DuplicationPotion"},{"floor":48,"key":"PowerPotion"}],"is_trial":false,"path_per_floor":["M","$","?","M","$","R","M","R","T","?","R","M","M","E","R","B",null,"M","?","$","T","M","R","E","R","T","$","E","M","R","$","R","B",null,"M","?","?","?","$","E","R","M","T","E","?","R","M","M","R","B",null],"character_chosen":"WATCHER","items_purchased":["TheAbacus","Membership Card","Deep Breath","Strength Potion"],"campfire_rested":0,"item_purchase_floors":[27,39,39,39],"current_hp_per_floor":[44,44,44,44,44,44,44,44,44,31,31,31,31,31,31,17,53,52,52,52,52,52,52,39,39,39,54,40,39,39,54,54,54,62,60,60,60,74,79,79,79,79,79,79,79,79,79,79,79,79],"gold":113,"neow_bonus":"ONE_RARE_RELIC","is_prod":false,"is_daily":false,"chose_seed":false,"campfire_upgraded":11,"win_rate":1,"timestamp":1568177621,"path_taken":["M","$","?","M","?","R","M","R","T","?","R","?","M","E","R","BOSS","M","?","$","?","M","R","E","R","T","$","E","M","R","$","R","BOSS","M","?","?","?","$","E","R","M","T","E","?","R","M","M","R","BOSS"],"build_version":"2019-09-10","purchased_purges":4,"victory":true,"max_hp_per_floor":[65,65,65,65,65,65,65,65,65,65,65,65,65,65,65,65,65,65,65,65,65,65,65,65,65,65,65,65,65,65,65,65,65,65,65,65,65,79,79,79,79,79,79,79,79,79,79,79,79,79],"card_choices":[{"not_picked":["Consecrate","FlyingSleeves"],"picked":"Evaluate","floor":1.0},{"not_picked":["FlyingSleeves","Weave"],"picked":"EmptyFist","floor":4.0},{"not_picked":["FearNoEvil","Adaptation"],"picked":"MentalFortress","floor":7.0},{"not_picked":["Weave","ThirdEye"],"picked":"BattleHymn","floor":12.0},{"not_picked":["EmptyFist","ThirdEye","Crescendo"],"picked":"SKIP","floor":13.0},{"not_picked":["Crescendo","MentalFortress","ThirdEye"],"picked":"SKIP","floor":14.0},{"not_picked":["DevaForm","Omniscience"],"picked":"Nirvana","floor":16.0},{"not_picked":["ThirdEye","EmptyBody"],"picked":"Meditate","floor":18.0},{"not_picked":["Establishment","Collect+1"],"picked":"ClearTheMind+1","floor":22.0},{"not_picked":["EmptyBody","Establishment"],"picked":"EmptyMind","floor":24.0},{"not_picked":["Unraveling","EmptyMind","CleanseEvil"],"picked":"SKIP","floor":28.0},{"not_picked":["CutThroughFate","CleanseEvil","Swivel"],"picked":"SKIP","floor":29.0},{"not_picked":["Scrawl+1","EmptyBody","Consecrate+1"],"picked":"SKIP","floor":35.0},{"not_picked":["Metaphysics","CrushJoints+1","DeceiveReality+1"],"picked":"SKIP","floor":40.0},{"not_picked":["Perseverance","EmptyMind","Devotion"],"picked":"SKIP","floor":42.0},{"not_picked":["DeusExMachina","Consecrate","ClearTheMind"],"picked":"SKIP","floor":44.0},{"not_picked":["Sadistic Nature","Finesse"],"picked":"Madness","floor":45},{"not_picked":["ClearTheMind+1","Fasting","EmptyFist"],"picked":"SKIP","floor":47},{"not_picked":["SpiritShield","PathToVictory+1"],"picked":"Adaptation+1","floor":48}],"player_experience":3265863,"relics_obtained":[{"floor":9.0,"key":"Letter Opener"},{"floor":14.0,"key":"Potion Belt"},{"floor":21.0,"key":"MealTicket"},{"floor":24.0,"key":"Meat on the Bone"},{"floor":26.0,"key":"Kunai"},{"floor":28.0,"key":"Lantern"},{"floor":36.0,"key":"Lizard Tail"},{"floor":38.0,"key":"Mango"},{"floor":40.0,"key":"Calipers"},{"floor":43.0,"key":"Pocketwatch"},{"floor":44.0,"key":"Vajra"}],"event_choices":[{"damage_healed":0.0,"max_hp_gain":0.0,"max_hp_loss":0.0,"gold_gain":0.0,"event_name":"Lab","player_choice":"Got Potions","floor":3.0,"gold_loss":0.0,"damage_taken":0.0},{"damage_healed":0.0,"max_hp_gain":0.0,"max_hp_loss":0.0,"gold_gain":0.0,"event_name":"Shining Light","player_choice":"Entered Light","floor":10.0,"gold_loss":0.0,"damage_taken":13.0,"cards_upgraded":["Strike_P","Defend_P"]},{"damage_healed":0.0,"max_hp_gain":0.0,"max_hp_loss":0.0,"gold_gain":0.0,"event_name":"Duplicator","player_choice":"Copied","floor":19.0,"gold_loss":0.0,"damage_taken":0.0,"cards_obtained":["MentalFortress"]},{"damage_healed":0.0,"max_hp_gain":0.0,"max_hp_loss":0.0,"gold_gain":0.0,"event_name":"MindBloom","player_choice":"Fight","floor":36.0,"gold_loss":0.0,"damage_taken":0.0},{"cards_removed":["Defend_P"],"damage_healed":0.0,"max_hp_gain":0.0,"max_hp_loss":0.0,"gold_gain":0.0,"event_name":"Falling","player_choice":"Removed Skill","floor":37.0,"gold_loss":0.0,"damage_taken":0.0},{"damage_healed":0.0,"max_hp_gain":0.0,"max_hp_loss":0.0,"gold_gain":0.0,"event_name":"Mysterious Sphere","player_choice":"Fight","floor":38.0,"gold_loss":0.0,"damage_taken":0.0},{"damage_healed":0,"gold_gain":0,"player_choice":"Memory 1","damage_taken":0,"max_hp_gain":0,"max_hp_loss":0,"event_name":"SensoryStone","floor":45,"gold_loss":0}],"is_beta":true,"boss_relics":[{"not_picked":["Runic Pyramid","Tiny House"],"picked":"HolyWater"},{"not_picked":["Runic Dome","Cursed Key"],"picked":"VioletLotus"}],"items_purged_floors":[2,20,27,39],"is_endless":false,"potions_floor_spawned":[1,13,24,28,35,40,42,48],"ascension_level":11}