{"gold_per_floor":[114,126,136,88,99,99,117,145,193,193,203,81,92,92,92,193,193,210,176,176],"floor_reached":20,"playtime":2430,"items_purged":[],"score":178,"play_id":"dd7c2d9f-468e-4e8b-a396-c574617b82c3","local_time":"20190903124408","is_ascension_mode":false,"campfire_choices":[{"data":"Shrug It Off","floor":6,"key":"SMITH"},{"floor":10,"key":"REST"},{"floor":15,"key":"REST"}],"neow_cost":"NONE","seed_source_timestamp":628871989526689,"circlet_count":0,"master_deck":["Strike_R","Strike_R","Strike_R","Strike_R","Strike_R","Defend_R","Defend_R","Defend_R","Bash","Shrug It Off+1","Whirlwind","Clothesline","Rage","Iron Wave","Shrug It Off","Flex","Armaments","Searing Blow","Perfected Strike","Headbutt","Inflame+1","Evolve+1"],"relics":["Burning Blood","Shuriken","Omamori","Runic Cube"],"potions_floor_usage":[16,16,19],"damage_taken":[{"damage":5,"enemies":"Cultist","floor":1,"turns":4},{"damage":13,"enemies":"Jaw Worm","floor":2,"turns":7},{"damage":2,"enemies":"2 Louse","floor":3,"turns":3},{"damage":10,"enemies":"Gremlin Gang","floor":5,"turns":8},{"damage":0,"enemies":"3 Louse","floor":7,"turns":3},{"damage":43,"enemies":"Lagavulin","floor":8,"turns":10},{"damage":15,"enemies":"Lots of Slimes","floor":11,"turns":4},{"damage":12,"enemies":"Large Slime","floor":13,"turns":7},{"damage":88,"enemies":"Slime Boss","floor":16,"turns":13},{"damage":38,"enemies":"Spheric Guardian","floor":18,"turns":10},{"damage":23,"enemies":"2 Thieves","floor":19,"turns":5},{"damage":56,"enemies":"3 Cultists","floor":20,"turns":8}],"seed_played":"-7451316377079376392","potions_obtained":[{"floor":2,"key":"Dexterity Potion"},{"floor":7,"key":"Swift Potion"},{"floor":8,"key":"BloodPotion"},{"floor":19,"key":"Strength Potion"}],"is_trial":false,"path_per_floor":["M","M","M","?","M","R","M","E","T","R","M","$","M","?","R","B",null,"M","M","M"],"character_chosen":"IRONCLAD","items_purchased":["Armaments","Searing Blow"],"campfire_rested":2,"item_purchase_floors":[12,12],"current_hp_per_floor":[88,81,85,85,81,81,87,50,50,76,67,67,61,61,87,27,88,56,39,0],"gold":176,"neow_bonus":"TEN_PERCENT_HP_BONUS","is_prod":false,"is_daily":false,"chose_seed":false,"campfire_upgraded":1,"win_rate":0.0,"timestamp":1567539848,"path_taken":["M","?","M","?","M","R","M","E","T","R","M","$","M","?","R","BOSS","M","?","M"],"build_version":"2019-07-17","purchased_purges":0,"victory":false,"max_hp_per_floor":[88,88,88,88,88,88,88,88,88,88,88,88,88,88,88,88,88,88,88,88],"card_choices":[{"not_picked":["Havoc","Wild Strike"],"picked":"Shrug It Off","floor":1},{"not_picked":["Clash","Pommel Strike"],"picked":"Whirlwind","floor":2},{"not_picked":["Thunderclap","Warcry"],"picked":"Clothesline","floor":3},{"not_picked":["Infernal Blade","Clash"],"picked":"Rage","floor":5},{"not_picked":["Pummel","Twin Strike"],"picked":"Iron Wave","floor":7},{"not_picked":["Limit Break","Whirlwind"],"picked":"Shrug It Off","floor":8},{"not_picked":["Havoc","Heavy Blade"],"picked":"Flex","floor":11},{"not_picked":["Combust","Cleave"],"picked":"Perfected Strike","floor":13},{"not_picked":["Flex","Disarm+1"],"picked":"Inflame+1","floor":18},{"not_picked":["Fire Breathing+1","Thunderclap"],"picked":"Evolve+1","floor":19}],"player_experience":483715,"relics_obtained":[{"floor":8,"key":"Shuriken"},{"floor":9,"key":"Omamori"}],"event_choices":[{"damage_healed":0,"gold_gain":0,"player_choice":"Left Gold","damage_taken":0,"max_hp_gain":0,"max_hp_loss":0,"event_name":"World of Goop","floor":4,"gold_loss":48},{"damage_healed":0,"gold_gain":0,"cards_transformed":["Defend_R"],"player_choice":"Transformed","damage_taken":0,"max_hp_gain":0,"max_hp_loss":0,"event_name":"Transmorgrifier","floor":14,"gold_loss":0,"cards_obtained":["Headbutt"]}],"is_beta":false,"boss_relics":[{"not_picked":["Busted Crown","Empty Cage"],"picked":"Runic Cube"}],"items_purged_floors":[],"is_endless":false,"potions_floor_spawned":[2,7,8,19],"killed_by":"3 Cultists","ascension_level":0}