{"gold_per_floor":[119,119,119,119,142,182,182,182,232,256,296,147,165,209,209,305,305,318,281,294,313,337,337,337,337,360,360],"floor_reached":27,"playtime":904,"items_purged":["Strike_B"],"score":516,"play_id":"976496f8-fbcf-4f34-a7f1-09d265648262","local_time":"20190328235347","is_ascension_mode":true,"campfire_choices":[{"data":"Streamline","floor":7.0,"key":"SMITH"},{"data":"Defragment","floor":15.0,"key":"SMITH"},{"data":"Consume","floor":23,"key":"SMITH"},{"data":"Fission","floor":25,"key":"SMITH"}],"neow_cost":"NONE","seed_source_timestamp":657672512440062,"circlet_count":0,"master_deck":["AscendersBane","Strike_B","Strike_B","Defend_B","Defend_B","Defend_B","Defend_B","Zap","Dualcast","Streamline+1","Reinforced Body","Glacier","Ball Lightning","Defragment+1","Capacitor","Fission+1","Turbo+1","White Noise","Consume+1","Reboot"],"special_seed":0,"relics":["Cracked Core","NeowsBlessing","Golden Idol","Darkstone Periapt","Potion Belt","Dead Branch","Omamori","Runic Pyramid","Blood Vial"],"potions_floor_usage":[27],"damage_taken":[{"damage":0.0,"enemies":"Jaw Worm","floor":1.0,"turns":1.0},{"damage":0.0,"enemies":"Small Slimes","floor":5.0,"turns":1.0},{"damage":0.0,"enemies":"Gremlin Nob","floor":6.0,"turns":1.0},{"damage":0.0,"enemies":"2 Louse","floor":10.0,"turns":2.0},{"damage":17.0,"enemies":"Lagavulin","floor":11.0,"turns":6.0},{"damage":5.0,"enemies":"2 Fungi Beasts","floor":13.0,"turns":3.0},{"damage":18.0,"enemies":"3 Sentries","floor":14.0,"turns":7.0},{"damage":22.0,"enemies":"Hexaghost","floor":16.0,"turns":10.0},{"damage":0,"enemies":"Chosen","floor":18,"turns":7},{"damage":12,"enemies":"2 Thieves","floor":19,"turns":5},{"damage":8,"enemies":"Snake Plant","floor":20,"turns":5},{"damage":14,"enemies":"Centurion and Healer","floor":21,"turns":9},{"damage":10,"enemies":"3 Cultists","floor":22,"turns":7},{"damage":12,"enemies":"Book of Stabbing","floor":27,"turns":3}],"seed_played":"5240163642098792090","potions_obtained":[{"floor":11.0,"key":"LiquidBronze"},{"floor":13.0,"key":"Swift Potion"},{"floor":14.0,"key":"PowerPotion"},{"floor":22,"key":"Swift Potion"}],"is_trial":false,"path_per_floor":["M","?","?","?","M","E","R","?","T","M","E","$","M","E","R","B",null,"M","M","M","M","M","R","?","R","T","E"],"character_chosen":"DEFECT","items_purchased":["Defragment"],"campfire_rested":0,"item_purchase_floors":[12],"current_hp_per_floor":[64,64,64,69,69,69,69,69,69,69,52,52,47,29,29,7,54,54,42,34,20,10,10,10,10,10,0],"gold":360,"neow_bonus":"THREE_ENEMY_KILL","is_prod":false,"is_daily":false,"chose_seed":false,"campfire_upgraded":4,"win_rate":0,"timestamp":1553788427,"path_taken":["M","?","?","?","M","E","R","?","T","M","E","$","M","E","R","BOSS","M","M","M","?","M","R","?","R","T","E"],"build_version":"2019-03-15","purchased_purges":1,"victory":false,"max_hp_per_floor":[71,71,64,69,69,69,69,69,69,69,69,69,69,69,69,69,69,69,69,69,69,69,69,69,69,69,69],"card_choices":[{"not_picked":["Beam Cell","Undo"],"picked":"Streamline","floor":1.0},{"not_picked":["Compile Driver","Machine Learning"],"picked":"Reinforced Body","floor":5.0},{"not_picked":["Chill","Melter"],"picked":"Glacier","floor":6.0},{"not_picked":["Beam Cell","Sweeping Beam"],"picked":"Ball Lightning","floor":10.0},{"not_picked":["Auto Shields","Reinforced Body","Reprogram"],"picked":"SKIP","floor":11.0},{"not_picked":["Go for the Eyes","Storm","Rip and Tear"],"picked":"SKIP","floor":13.0},{"not_picked":["FTL","Redo"],"picked":"Capacitor","floor":14.0},{"not_picked":["Meteor Strike","Thunder Strike"],"picked":"Fission","floor":16.0},{"not_picked":["Static Discharge","Blizzard","Steam"],"picked":"SKIP","floor":18},{"not_picked":["Conserve Battery","Defragment+1"],"picked":"Turbo+1","floor":19},{"not_picked":["Hologram","Tempest"],"picked":"White Noise","floor":20},{"not_picked":["White Noise","Coolheaded","Streamline"],"picked":"SKIP","floor":21},{"not_picked":["Leap","Stack"],"picked":"Consume","floor":22}],"player_experience":2970700,"relics_obtained":[{"floor":6.0,"key":"Darkstone Periapt"},{"floor":9.0,"key":"Potion Belt"},{"floor":11.0,"key":"Dead Branch"},{"floor":14.0,"key":"Omamori"},{"floor":26,"key":"Blood Vial"}],"event_choices":[{"damage_healed":0.0,"max_hp_gain":0.0,"max_hp_loss":0.0,"gold_gain":0.0,"event_name":"Liars Game","player_choice":"Ignored","floor":2.0,"gold_loss":0.0,"damage_taken":0.0},{"damage_healed":0.0,"max_hp_gain":0.0,"max_hp_loss":7.0,"gold_gain":0.0,"event_name":"Golden Idol","player_choice":"Lose Max HP","floor":3.0,"gold_loss":0.0,"damage_taken":0.0,"relics_obtained":["Golden Idol"]},{"damage_healed":0.0,"max_hp_gain":5.0,"max_hp_loss":0.0,"gold_gain":0.0,"event_name":"Big Fish","player_choice":"Donut","floor":4.0,"gold_loss":0.0,"damage_taken":0.0},{"cards_removed":["Strike_B"],"damage_healed":0.0,"max_hp_gain":0.0,"max_hp_loss":0.0,"gold_gain":0.0,"event_name":"Bonfire Elementals","player_choice":"Offered Basic","floor":8.0,"gold_loss":0.0,"damage_taken":0.0},{"damage_healed":0,"gold_gain":0,"player_choice":"1 cards matched","damage_taken":0,"max_hp_gain":0,"max_hp_loss":0,"event_name":"Match and Keep!","floor":24,"gold_loss":0,"cards_obtained":["Reboot"]}],"is_beta":true,"boss_relics":[{"not_picked":["Ectoplasm","Fusion Hammer"],"picked":"Runic Pyramid"}],"items_purged_floors":[12],"is_endless":false,"potions_floor_spawned":[11,13,14,22],"killed_by":"Book of Stabbing","ascension_level":20}