{"gold_per_floor":[110,121,121,32,52,79,79,105,105,435,445,459,459,473,473,548,548,565,565,323,340,340,374,69,103,103,116,144,144,176,187,187,264,264,280,296,311,211,223,252,252,252,325,350,360,393,268,297,297,297,297,297,297,147,178,178],"floor_reached":57,"playtime":2263,"items_purged":["Caltrops","Deflect","Adrenaline+1","Grand Finale"],"score":4115,"play_id":"38de2c88-5f2d-4ec8-b769-540fab5b338e","local_time":"20190828135847","daily_mods":["SealedDeck"],"is_ascension_mode":true,"campfire_choices":[{"data":"Reflex","floor":7.0,"key":"SMITH"},{"data":"Acrobatics","floor":13.0,"key":"SMITH"},{"data":"Flechettes","floor":15.0,"key":"SMITH"},{"data":"Tactician","floor":29.0,"key":"SMITH"},{"floor":32.0,"key":"RECALL"},{"data":"Well Laid Plans","floor":41.0,"key":"SMITH"},{"data":"Prepared","floor":49,"key":"SMITH"},{"data":"Backflip","floor":53,"key":"SMITH"}],"neow_cost":"","seed_source_timestamp":0,"circlet_count":0,"master_deck":["AscendersBane","Blur+1","Prepared+1","PiercingWail","Flechettes+1","Backflip+1","Acrobatics+1","Reflex+1","Well Laid Plans+1","Tactician+1","Footwork+1","Panacea"],"special_seed":0,"relics":["Ring of the Snake","Mercury Hourglass","Paper Crane","Old Coin","White Beast Statue","Omamori","Nilry\u0027s Codex","War Paint","Medical Kit","Vajra","Meat on the Bone","Du-Vu Doll","Pear","Black Star","Ice Cream","Ginger","Sundial","Dodecahedron","Bottled Tornado","Kunai","Happy Flower","Lantern","Darkstone Periapt","Snake Skull","Mummified Hand"],"potions_floor_usage":[56],"damage_taken":[{"damage":0.0,"enemies":"Small Slimes","floor":1.0,"turns":3.0},{"damage":0.0,"enemies":"Cultist","floor":2.0,"turns":3.0},{"damage":0.0,"enemies":"Jaw Worm","floor":5.0,"turns":3.0},{"damage":11.0,"enemies":"Gremlin Nob","floor":6.0,"turns":3.0},{"damage":0.0,"enemies":"Lagavulin","floor":8.0,"turns":6.0},{"damage":11.0,"enemies":"Gremlin Nob","floor":10.0,"turns":3.0},{"damage":0.0,"enemies":"Large Slime","floor":11.0,"turns":4.0},{"damage":2.0,"enemies":"Exordium Thugs","floor":12.0,"turns":2.0},{"damage":0.0,"enemies":"Looter","floor":14.0,"turns":3.0},{"damage":0.0,"enemies":"Slime Boss","floor":16.0,"turns":5.0},{"damage":0.0,"enemies":"3 Byrds","floor":18.0,"turns":3.0},{"damage":0.0,"enemies":"2 Thieves","floor":21.0,"turns":2.0},{"damage":0.0,"enemies":"Slavers","floor":23.0,"turns":4.0},{"damage":0.0,"enemies":"Gremlin Leader","floor":25.0,"turns":3.0},{"damage":0.0,"enemies":"Chosen and Byrds","floor":27.0,"turns":1.0},{"damage":0.0,"enemies":"Book of Stabbing","floor":28.0,"turns":2.0},{"damage":0.0,"enemies":"Gremlin Leader","floor":30.0,"turns":1.0},{"damage":0.0,"enemies":"Centurion and Healer","floor":31.0,"turns":1.0},{"damage":0.0,"enemies":"Champ","floor":33.0,"turns":1.0},{"damage":0.0,"enemies":"Orb Walker","floor":35.0,"turns":1.0},{"damage":0.0,"enemies":"3 Darklings","floor":36.0,"turns":1.0},{"damage":0.0,"enemies":"Spire Growth","floor":37.0,"turns":1.0},{"damage":0.0,"enemies":"Transient","floor":39.0,"turns":6.0},{"damage":0.0,"enemies":"Reptomancer","floor":40.0,"turns":1.0},{"damage":0,"enemies":"Giant Head","floor":44,"turns":1},{"damage":0,"enemies":"Sphere and 2 Shapes","floor":45,"turns":2},{"damage":0,"enemies":"Nemesis","floor":46,"turns":1},{"damage":0,"enemies":"Reptomancer","floor":48,"turns":2},{"damage":0,"enemies":"Donu and Deca","floor":50,"turns":1},{"damage":0,"enemies":"Time Eater","floor":51,"turns":2},{"damage":0,"enemies":"Shield and Spear","floor":55,"turns":1},{"damage":0,"enemies":"The Heart","floor":56,"turns":4}],"seed_played":"-4730092303524505353","potions_obtained":[{"floor":2.0,"key":"Fire Potion"},{"floor":5.0,"key":"Weak Potion"},{"floor":6.0,"key":"EssenceOfSteel"},{"floor":8.0,"key":"SkillPotion"},{"floor":12.0,"key":"Energy Potion"},{"floor":16.0,"key":"Regen Potion"},{"floor":18.0,"key":"Regen Potion"},{"floor":21.0,"key":"Block Potion"},{"floor":23.0,"key":"Regen Potion"},{"floor":27.0,"key":"SkillPotion"},{"floor":35.0,"key":"Ancient Potion"},{"floor":39.0,"key":"GamblersBrew"},{"floor":40.0,"key":"Ancient Potion"},{"floor":45,"key":"GamblersBrew"},{"floor":55,"key":"PowerPotion"}],"is_trial":true,"path_per_floor":["M","M","?","$","M","E","R","E","T","E","M","M","R","M","R","B",null,"M","?","$","M","?","E","$","E","T","M","E","R","E","M","R","B",null,"M","M","M","$","M","E","R","?","T","E","M","E","$","E","R","B","B",null,"R","$","E","B",null],"character_chosen":"THE_SILENT","items_purchased":["Reflex","Omamori","Tactician","Medical Kit"],"campfire_rested":0,"item_purchase_floors":[4,20,24,24],"current_hp_per_floor":[59,59,59,59,59,48,48,48,48,37,37,35,35,35,35,35,58,58,58,58,58,37,49,49,58,58,58,58,58,68,68,68,68,74,74,74,74,74,74,74,74,74,74,74,74,74,74,74,74,74,74,76,76,76,76,76],"gold":178,"neow_bonus":"","is_prod":false,"is_daily":false,"chose_seed":false,"campfire_upgraded":7,"win_rate":0,"timestamp":1566971927,"path_taken":["M","M","?","$","?","E","R","E","T","E","M","M","R","M","R","BOSS","M","?","$","M","?","E","$","E","T","M","E","R","E","M","R","BOSS","M","M","M","$","M","E","R","?","T","E","M","E","$","E","R","BOSS","BOSS","R","$","E","BOSS"],"build_version":"2019-08-26","purchased_purges":4,"victory":true,"max_hp_per_floor":[66,66,66,66,66,66,66,66,66,66,66,66,66,66,66,66,66,66,66,66,66,66,66,66,66,66,66,66,66,76,76,76,76,76,76,76,76,76,76,76,76,76,76,76,76,76,76,76,76,76,76,76,76,76,76,76],"card_choices":[{"not_picked":["Skewer","Slice","Bane"],"picked":"SKIP","floor":1.0},{"not_picked":["Bane","Prepared","Slice"],"picked":"SKIP","floor":2.0},{"not_picked":["Bane","PiercingWail","Deflect"],"picked":"SKIP","floor":5.0},{"not_picked":["Eviscerate","Dodge and Roll","Predator"],"picked":"SKIP","floor":6.0},{"not_picked":["Underhanded Strike","Slice"],"picked":"Adrenaline","floor":8.0},{"not_picked":["Bane","Deadly Poison","Prepared"],"picked":"SKIP","floor":10.0},{"not_picked":["Poisoned Stab","Blade Dance"],"picked":"Well Laid Plans","floor":11.0},{"not_picked":["Acrobatics","Flechettes","Reflex"],"picked":"SKIP","floor":12.0},{"not_picked":["Predator","Bane","Backflip"],"picked":"SKIP","floor":14.0},{"not_picked":["Backstab","Deadly Poison+1","Backflip"],"picked":"SKIP","floor":18.0},{"not_picked":["Poisoned Stab+1","Distraction","Deadly Poison"],"picked":"SKIP","floor":21.0},{"not_picked":["Predator","Blade Dance","Phantasmal Killer"],"picked":"SKIP","floor":23.0},{"not_picked":["Backstab+1","Noxious Fumes+1","Cloak And Dagger"],"picked":"SKIP","floor":25.0},{"not_picked":["Endless Agony","Quick Slash","Heel Hook+1"],"picked":"SKIP","floor":27.0},{"not_picked":["Quick Slash","Reflex+1","Deflect"],"picked":"SKIP","floor":28.0},{"not_picked":["PiercingWail","Quick Slash"],"picked":"Grand Finale","floor":30.0},{"not_picked":["PiercingWail","Prepared","Underhanded Strike+1"],"picked":"SKIP","floor":31.0},{"not_picked":["Outmaneuver+1","Prepared","Dagger Spray"],"picked":"SKIP","floor":35.0},{"not_picked":["Deadly Poison","Dodge and Roll","Die Die Die"],"picked":"SKIP","floor":36.0},{"not_picked":["Flying Knee","Deadly Poison","Sucker Punch+1"],"picked":"SKIP","floor":37.0},{"not_picked":["Backflip","Prepared","Masterful Stab+1"],"picked":"SKIP","floor":39.0},{"not_picked":["Quick Slash","Outmaneuver+1"],"picked":"Footwork+1","floor":40.0},{"not_picked":["Dark Shackles","Trip"],"picked":"Panacea","floor":42},{"not_picked":["Die Die Die","Poisoned Stab","Blade Dance"],"picked":"SKIP","floor":44},{"not_picked":["Slice","Quick Slash","Acrobatics"],"picked":"SKIP","floor":45},{"not_picked":["Noxious Fumes","PiercingWail","Tools of the Trade"],"picked":"SKIP","floor":46},{"not_picked":["Setup","Footwork+1","Backflip+1"],"picked":"SKIP","floor":48},{"not_picked":["All Out Attack","Finisher","Dagger Spray"],"picked":"SKIP","floor":55}],"player_experience":3117440,"relics_obtained":[{"floor":6.0,"key":"Mercury Hourglass"},{"floor":8.0,"key":"Paper Crane"},{"floor":10.0,"key":"Old Coin"},{"floor":22.0,"key":"Nilry\u0027s Codex"},{"floor":23.0,"key":"War Paint"},{"floor":25.0,"key":"Vajra"},{"floor":26.0,"key":"Meat on the Bone"},{"floor":28.0,"key":"Du-Vu Doll"},{"floor":30.0,"key":"Pear"},{"floor":40.0,"key":"Ice Cream"},{"floor":40.0,"key":"Ginger"},{"floor":43,"key":"Sundial"},{"floor":44,"key":"Dodecahedron"},{"floor":44,"key":"Bottled Tornado"},{"floor":46,"key":"Kunai"},{"floor":46,"key":"Happy Flower"},{"floor":48,"key":"Lantern"},{"floor":48,"key":"Darkstone Periapt"},{"floor":55,"key":"Snake Skull"},{"floor":55,"key":"Mummified Hand"}],"event_choices":[{"cards_removed":["Quick Slash"],"damage_healed":0.0,"max_hp_gain":0.0,"max_hp_loss":0.0,"gold_gain":0.0,"event_name":"Purifier","player_choice":"Purged","floor":3.0,"gold_loss":0.0,"damage_taken":0.0},{"cards_removed":["Infinite Blades"],"damage_healed":0.0,"max_hp_gain":0.0,"max_hp_loss":0.0,"gold_gain":0.0,"event_name":"Back to Basics","player_choice":"Elegance","floor":19.0,"gold_loss":0.0,"damage_taken":0.0},{"damage_healed":0.0,"max_hp_gain":0.0,"max_hp_loss":0.0,"gold_gain":0.0,"event_name":"Cursed Tome","player_choice":"Obtained Book","floor":22.0,"gold_loss":0.0,"damage_taken":21.0},{"damage_healed":0,"gold_gain":0,"player_choice":"Memory 1","damage_taken":0,"max_hp_gain":0,"max_hp_loss":0,"event_name":"SensoryStone","floor":42,"gold_loss":0}],"is_beta":true,"boss_relics":[{"not_picked":["Busted Crown","Runic Pyramid"],"picked":"White Beast Statue"},{"not_picked":["Eternal Feather","WristBlade"],"picked":"Black Star"}],"items_purged_floors":[20,38,47,54],"is_endless":false,"potions_floor_spawned":[2,5,6,8,12,16,18,21,23,25,27,28,30,31,33,35,36,37,39,40,45,46,48,55],"ascension_level":20}