{"gold_per_floor":[119,45,45,45,45,45,60,60,60,72,101,101,119,38,38,38],"floor_reached":16,"playtime":367,"items_purged":[],"score":196,"play_id":"d9f5db48-104a-4f41-848e-bfea0d797144","local_time":"20190328233243","is_ascension_mode":true,"campfire_choices":[{"data":"Defragment","floor":6.0,"key":"SMITH"},{"data":"Dualcast","floor":8.0,"key":"SMITH"},{"data":"Zap","floor":12.0,"key":"SMITH"},{"data":"Capacitor","floor":15,"key":"SMITH"}],"neow_cost":"TEN_PERCENT_HP_LOSS","seed_source_timestamp":656964836985030,"circlet_count":0,"master_deck":["AscendersBane","Strike_B","Strike_B","Defend_B","Defend_B","Defend_B","Zap+1","Dualcast+1","Defragment+1","Coolheaded","Recycle","Meteor Strike","Capacitor+1"],"special_seed":0,"relics":["Cracked Core","Question Card","Matryoshka"],"potions_floor_usage":[13],"damage_taken":[{"damage":5.0,"enemies":"Small Slimes","floor":1.0,"turns":3.0},{"damage":2.0,"enemies":"Jaw Worm","floor":7.0,"turns":3.0},{"damage":0.0,"enemies":"Cultist","floor":10.0,"turns":5.0},{"damage":36.0,"enemies":"Gremlin Nob","floor":11.0,"turns":4.0},{"damage":4,"enemies":"Gremlin Gang","floor":13,"turns":4},{"damage":3,"enemies":"Hexaghost","floor":16,"turns":9}],"seed_played":"7652351315060557805","potions_obtained":[{"floor":10.0,"key":"Fire Potion"}],"is_trial":false,"path_per_floor":["M","$","?","?","T","R","M","R","T","M","E","R","M","$","R","B"],"character_chosen":"DEFECT","items_purchased":["Defragment","Capacitor"],"campfire_rested":0,"item_purchase_floors":[2,14],"current_hp_per_floor":[59,59,59,52,52,52,50,50,50,50,14,14,10,10,10,7],"gold":38,"neow_bonus":"REMOVE_TWO","is_prod":false,"is_daily":false,"chose_seed":false,"campfire_upgraded":4,"win_rate":0,"timestamp":1553787163,"path_taken":["M","$","?","?","?","R","?","R","T","M","E","R","M","$","R","BOSS"],"build_version":"2019-03-15","purchased_purges":0,"victory":false,"max_hp_per_floor":[64,64,64,64,64,64,64,64,64,64,64,64,64,64,64,64],"card_choices":[{"not_picked":["Compile Driver","Conserve Battery","Rebound"],"picked":"SKIP","floor":1.0},{"not_picked":["Ball Lightning","Stack","Go for the Eyes"],"picked":"Coolheaded","floor":7.0},{"not_picked":["Coolheaded","Compile Driver","Leap"],"picked":"Recycle","floor":10.0},{"not_picked":["Aggregate","FTL","Gash"],"picked":"Meteor Strike","floor":11.0},{"not_picked":["Conserve Battery","Sunder","Beam Cell","Storm"],"picked":"SKIP","floor":13}],"player_experience":2970098,"relics_obtained":[{"floor":5.0,"key":"Question Card"},{"floor":11.0,"key":"Matryoshka"}],"event_choices":[{"damage_healed":0.0,"max_hp_gain":0.0,"max_hp_loss":0.0,"gold_gain":0.0,"event_name":"The Cleric","player_choice":"Leave","floor":3.0,"gold_loss":0.0,"damage_taken":0.0},{"cards_removed":["Strike_B"],"damage_healed":0.0,"max_hp_gain":0.0,"max_hp_loss":0.0,"gold_gain":0.0,"event_name":"Golden Wing","player_choice":"Card Removal","floor":4.0,"gold_loss":0.0,"damage_taken":7.0}],"is_beta":true,"boss_relics":[],"items_purged_floors":[],"is_endless":false,"potions_floor_spawned":[10],"killed_by":"Hexaghost","ascension_level":20}