{"path_per_floor":["M","M","?","M","M","E","$","E","T","E","R","M","E","$","R","B",null,"M","M","$","M","?","R","E","R","T","E","?","R","?","M","R","B",null,"M","?","M","M","$","R","E","?","T","E","M","$","M","M","R","B"],"character_chosen":"DEFECT","items_purchased":["Defragment","Capacitor","Coolheaded","Capacitor","Pen Nib","EntropicBrew"],"gold_per_floor":[116,133,208,220,235,263,153,181,181,213,213,224,256,74,74,178,178,190,209,47,63,63,63,93,93,171,201,201,201,201,211,211,310,310,325,625,644,655,505,505,533,533,533,563,573,150,164,175,175,175],"floor_reached":51,"campfire_rested":1,"playtime":3155,"item_purchase_floors":[],"current_hp_per_floor":[68,68,57,55,55,50,50,47,54,38,38,37,29,29,29,29,64,60,60,60,52,52,52,41,41,41,41,41,41,41,41,41,31,64,47,47,47,47,47,47,39,39,39,34,42,42,44,45,67,50],"items_purged":["Strike_B","Strike_B","Strike_B","Defend_B","Defend_B"],"gold":175,"score":1283,"play_id":"fd185e6f-45f4-4ade-91fc-5be135645e22","local_time":"20180610130128","is_prod":false,"is_daily":false,"chose_seed":false,"is_ascension_mode":true,"campfire_upgraded":7,"win_rate":0,"timestamp":1528628488,"campfire_choices":[{"data":"Defragment","floor":11,"key":"SMITH"},{"data":"Zap","floor":15,"key":"SMITH"},{"data":"Defragment","floor":23,"key":"SMITH"},{"data":"Blizzard","floor":25,"key":"SMITH"},{"data":"Barrage","floor":29,"key":"SMITH"},{"data":"Echo Form","floor":32,"key":"SMITH"},{"data":"Coolheaded","floor":40,"key":"SMITH"},{"floor":49,"key":"REST"}],"path_taken":["M","M","?","?","M","E","?","E","T","E","R","M","E","$","R","BOSS","M","M","$","M","?","R","E","R","T","E","?","R","?","M","R","BOSS","M","?","M","M","$","R","E","?","T","E","?","$","M","M","R","BOSS"],"build_version":"2018-06-07v3","seed_source_timestamp":49475882291341,"purchased_purges":5,"victory":true,"master_deck":["Defend_B","Defend_B","Zap+1","Dualcast","Skim","Barrage+1","Compile Driver","Ball Lightning","Defragment+1","Rip and Tear","Cold Snap","Blizzard+1","Capacitor","Coolheaded+1","Echo Form+1","Cold Snap","Capacitor","Defragment+1","Cold Snap","Reboot","Electrodynamics","Chill","Regret","Coolheaded","Glacier","Go for the Eyes+1","Leap+1"],"max_hp_per_floor":[68,68,68,68,68,68,68,68,75,75,75,75,75,75,75,75,75,75,75,75,75,75,75,75,75,75,75,75,75,75,75,75,75,75,75,75,75,75,75,75,75,75,75,75,75,75,75,75,75,75],"relics":["Cracked Core","Thread and Needle","Emotion Chip","Lantern","Strawberry","Letter Opener","Art of War","Cursed Key","Peace Pipe","Meat on the Bone","Orichalcum","Black Star","Old Coin","Blood Vial","DataDisk","Dream Catcher","Boot","Oddly Smooth Stone","Pen Nib"],"card_choices":[{"not_picked":["Double Energy","Turbo","Steam"],"picked":"SKIP","floor":1.0},{"not_picked":["Hologram","Streamline"],"picked":"Skim","floor":2.0},{"not_picked":["Melter","Gash"],"picked":"Barrage","floor":4.0},{"not_picked":["Steam Power","Force Field"],"picked":"Compile Driver","floor":5.0},{"not_picked":["Redo","Leap"],"picked":"Ball Lightning","floor":6.0},{"not_picked":["Compile Driver","Rebound"],"picked":"Rip and Tear","floor":8.0},{"not_picked":["Ball Lightning","Force Field"],"picked":"Cold Snap","floor":10},{"not_picked":["Rip and Tear","Streamline"],"picked":"Blizzard","floor":12},{"not_picked":["Doom and Gloom","FTL","Fusion"],"picked":"SKIP","floor":13},{"not_picked":["Rainbow","Fission"],"picked":"Echo Form","floor":16},{"not_picked":["Turbo+1","Lockon","Hologram"],"picked":"SKIP","floor":18},{"not_picked":["Reinforced Body","Scrape"],"picked":"Cold Snap","floor":19},{"not_picked":["Gash","Self Repair"],"picked":"Defragment","floor":21},{"not_picked":["Heatsinks","Blizzard"],"picked":"Cold Snap","floor":24},{"not_picked":["BootSequence","Steam Power"],"picked":"Reboot","floor":27},{"not_picked":["Steam Power","Rip and Tear+1","Conserve Battery"],"picked":"SKIP","floor":31},{"not_picked":["Fission","Meteor Strike"],"picked":"Electrodynamics","floor":33},{"not_picked":["Hologram+1","Aggregate","Go for the Eyes"],"picked":"SKIP","floor":35},{"not_picked":["Go for the Eyes","Sweeping Beam+1"],"picked":"Chill","floor":37},{"not_picked":["Gash","Barrage","Turbo+1"],"picked":"SKIP","floor":38},{"not_picked":["Turbo+1","Cold Snap","Recycle"],"picked":"SKIP","floor":41},{"not_picked":["Rebound","Creative AI"],"picked":"Coolheaded","floor":44},{"not_picked":["Hologram+1","Rebound"],"picked":"Glacier","floor":45},{"not_picked":["Double Energy","Melter"],"picked":"Go for the Eyes+1","floor":47},{"not_picked":["Stack+1","Sweeping Beam+1"],"picked":"Leap+1","floor":48}],"player_experience":845089,"potions_floor_usage":[19,21,33,44],"damage_taken":[{"damage":0.0,"enemies":"2 Louse","floor":1.0,"turns":3.0},{"damage":0.0,"enemies":"Cultist","floor":2.0,"turns":3.0},{"damage":2.0,"enemies":"Small Slimes","floor":4.0,"turns":3.0},{"damage":0.0,"enemies":"Exordium Wildlife","floor":5.0,"turns":4.0},{"damage":5.0,"enemies":"Gremlin Nob","floor":6.0,"turns":3.0},{"damage":3.0,"enemies":"3 Sentries","floor":8.0,"turns":6.0},{"damage":16,"enemies":"Lagavulin","floor":10,"turns":5},{"damage":1,"enemies":"Large Slime","floor":12,"turns":4},{"damage":8,"enemies":"3 Sentries","floor":13,"turns":4},{"damage":0,"enemies":"The Guardian","floor":16,"turns":9},{"damage":4,"enemies":"2 Thieves","floor":18,"turns":3},{"damage":0,"enemies":"3 Byrds","floor":19,"turns":4},{"damage":8,"enemies":"Snake Plant","floor":21,"turns":4},{"damage":11,"enemies":"Gremlin Leader","floor":24,"turns":7},{"damage":0,"enemies":"Book of Stabbing","floor":27,"turns":5},{"damage":0,"enemies":"3 Cultists","floor":31,"turns":4},{"damage":22,"enemies":"Collector","floor":33,"turns":8},{"damage":17,"enemies":"3 Darklings","floor":35,"turns":3},{"damage":0,"floor":36,"turns":5},{"damage":0,"enemies":"Orb Walker","floor":37,"turns":3},{"damage":0,"enemies":"Maw","floor":38,"turns":6},{"damage":8,"enemies":"Giant Head","floor":41,"turns":8},{"damage":19,"enemies":"2 Orb Walkers","floor":44,"turns":4},{"damage":6,"enemies":"3 Darklings","floor":45,"turns":3},{"damage":0,"enemies":"4 Shapes","floor":47,"turns":3},{"damage":1,"enemies":"Sphere and 2 Shapes","floor":48,"turns":4},{"damage":19,"enemies":"Awakened One","floor":50,"turns":13}],"relics_obtained":[{"floor":6.0,"key":"Emotion Chip"},{"floor":8.0,"key":"Lantern"},{"floor":9.0,"key":"Strawberry"},{"floor":10,"key":"Letter Opener"},{"floor":13,"key":"Art of War"},{"floor":24,"key":"Peace Pipe"},{"floor":26,"key":"Meat on the Bone"},{"floor":27,"key":"Orichalcum"},{"floor":36,"key":"Old Coin"},{"floor":41,"key":"Blood Vial"},{"floor":41,"key":"DataDisk"},{"floor":43,"key":"Dream Catcher"},{"floor":44,"key":"Boot"},{"floor":44,"key":"Oddly Smooth Stone"}],"event_choices":[{"event_name":"World of Goop","player_choice":"Gather Gold","floor":3.0,"damage_taken":0.0},{"event_name":"Back to Basics","player_choice":"Elegance","floor":22,"damage_taken":0},{"event_name":"Purifier","player_choice":"One Purge","floor":28,"damage_taken":0},{"event_name":"The Lab","player_choice":"Got Potions","floor":30,"damage_taken":0},{"event_name":"MindBloom","player_choice":"Fight","floor":36,"damage_taken":0},{"event_name":"Tomb of Lord Red Mask","player_choice":"Ignored","floor":42,"damage_taken":0}],"boss_relics":[{"not_picked":["White Beast Statue","Busted Crown"],"picked":"Cursed Key"},{"not_picked":["Runic Dome","Nuclear Battery"],"picked":"Black Star"}],"items_purged_floors":[],"potions_floor_spawned":[1,6,8,10,18,21,33,36,38,48],"seed_played":"-52074648606274646","ascension_level":9,"potions_obtained":[{"floor":1.0,"key":"AttackPotion"},{"floor":6.0,"key":"SteroidPotion"},{"floor":8.0,"key":"FearPotion"},{"floor":10,"key":"Weak Potion"},{"floor":18,"key":"Block Potion"},{"floor":21,"key":"GamblersBrew"},{"floor":30,"key":"Weak Potion"},{"floor":33,"key":"Fire Potion"}],"is_trial":false}