{"gold_per_floor":[113,129,141,160,125,158,170,257,269,355,386,398,422,462,474,582,594,625,657,272,289,299,299,398,398,398,415,427,427,456,467,467,562,562,577,577,32,32,44,44,44,55,55,72,72,72,90,109,109,109],"floor_reached":50,"playtime":7815,"items_purged":[],"score":558,"play_id":"29b25168-db5f-4e1c-aa6c-256981761ef6","local_time":"20190121214739","is_ascension_mode":false,"campfire_choices":[{"floor":12.0,"key":"REST"},{"floor":15.0,"key":"REST"},{"floor":23,"key":"REST"},{"floor":29,"key":"REST"},{"floor":32,"key":"REST"},{"floor":40,"key":"REST"},{"floor":45,"key":"REST"},{"floor":49,"key":"REST"}],"neow_cost":"NONE","seed_source_timestamp":0,"circlet_count":0,"master_deck":["Zap","Dualcast","Conserve Battery","Go for the Eyes","Glacier","Leap","Genetic Algorithm","Stack","Echo Form","Ball Lightning","Ball Lightning","Violence","Sunder+1","Double Energy","Conserve Battery+1","Cold Snap","Go for the Eyes","All For One","Seek","Redo","Genetic Algorithm","Chaos","Sunder","Sweeping Beam","Tempest","Heatsinks","Coolheaded+1","Madness","Madness","Conserve Battery","Compile Driver+1","Chill","Steam+1","Ball Lightning+1","Leap+1"],"special_seed":0,"relics":["Cracked Core","MawBank","Oddly Smooth Stone","Bottled Flame","Singing Bowl","Nuclear Battery","Strawberry","Meat on the Bone","Turnip","Pandora\u0027s Box","Regal Pillow","Molten Egg 2","Happy Flower"],"potions_floor_usage":[22,28,30,33,39,41,41,48,50],"damage_taken":[{"damage":0.0,"enemies":"Small Slimes","floor":1.0,"turns":3.0},{"damage":5.0,"enemies":"Jaw Worm","floor":2.0,"turns":4.0},{"damage":9.0,"enemies":"2 Louse","floor":3.0,"turns":4.0},{"damage":9.0,"enemies":"Blue Slaver","floor":4.0,"turns":4.0},{"damage":59.0,"enemies":"Gremlin Nob","floor":6.0,"turns":6.0},{"damage":6.0,"enemies":"Large Slime","floor":11.0,"turns":7.0},{"damage":2.0,"enemies":"Exordium Wildlife","floor":13.0,"turns":10.0},{"damage":20.0,"enemies":"3 Sentries","floor":14.0,"turns":9.0},{"damage":8.0,"enemies":"Slime Boss","floor":16.0,"turns":22.0},{"damage":1.0,"enemies":"3 Byrds","floor":18.0,"turns":10.0},{"damage":6.0,"enemies":"Shell Parasite","floor":19.0,"turns":9.0},{"damage":12.0,"enemies":"Shelled Parasite and Fungi","floor":21.0,"turns":10.0},{"damage":47,"enemies":"Sentry and Sphere","floor":22,"turns":10},{"damage":3,"enemies":"Snecko","floor":27,"turns":7},{"damage":26,"enemies":"Centurion and Healer","floor":28,"turns":8},{"damage":36,"enemies":"Slavers","floor":30,"turns":9},{"damage":9,"enemies":"3 Cultists","floor":31,"turns":7},{"damage":50,"enemies":"Collector","floor":33,"turns":15},{"damage":24,"enemies":"3 Darklings","floor":35,"turns":9},{"damage":10,"enemies":"3 Shapes","floor":39,"turns":4},{"damage":85,"enemies":"Reptomancer","floor":41,"turns":6},{"damage":4,"enemies":"Spire Growth","floor":42,"turns":6},{"damage":18,"enemies":"4 Shapes","floor":44,"turns":6},{"damage":38,"enemies":"Maw","floor":47,"turns":11},{"damage":0,"enemies":"3 Darklings","floor":48,"turns":5},{"damage":107,"enemies":"Time Eater","floor":50,"turns":14}],"seed_played":"2181707486177137897","potions_obtained":[{"floor":6.0,"key":"PowerPotion"},{"floor":11.0,"key":"AttackPotion"},{"floor":22,"key":"Swift Potion"},{"floor":27,"key":"Energy Potion"},{"floor":31,"key":"Fire Potion"},{"floor":33,"key":"SmokeBomb"},{"floor":39,"key":"Fire Potion"},{"floor":44,"key":"GamblersBrew"},{"floor":47,"key":"FearPotion"}],"is_trial":false,"path_per_floor":["M","M","M","M","?","E","?","?","T","T","M","R","M","E","R","B",null,"M","M","$","M","M","R","?","?","T","M","M","R","E","M","R","B",null,"M","?","$","?","M","R","E","M","T","M","R","?","M","M","R","B"],"character_chosen":"DEFECT","items_purchased":["Strawberry","Poison Potion","Violence","Regal Pillow","Conserve Battery","Molten Egg 2","Defragment","PowerPotion"],"campfire_rested":8,"item_purchase_floors":[20,20,20,37,37,37,37,37],"current_hp_per_floor":[82,77,68,59,79,20,20,9,9,9,3,27,25,5,29,21,82,81,75,82,70,23,49,49,49,49,46,34,61,37,40,67,29,91,67,56,56,56,46,88,15,23,23,17,59,59,33,45,87,0],"gold":109,"neow_bonus":"TEN_PERCENT_HP_BONUS","is_prod":false,"is_daily":false,"chose_seed":false,"campfire_upgraded":0,"win_rate":0.0,"timestamp":1548136059,"path_taken":["M","M","M","M","?","E","?","?","T","?","M","R","M","E","R","BOSS","M","M","$","M","M","R","?","?","T","M","M","R","E","M","R","BOSS","M","?","$","?","M","R","E","M","T","?","R","?","M","M","R","BOSS"],"build_version":"2019-01-17v2","purchased_purges":0,"victory":false,"max_hp_per_floor":[82,82,82,82,82,82,82,82,82,82,82,82,82,82,82,82,82,82,82,89,89,89,89,89,89,89,89,91,91,91,91,91,91,91,91,91,91,91,91,91,91,91,91,91,91,91,91,91,91,91],"card_choices":[{"not_picked":["Sweeping Beam","Turbo","Rebound"],"picked":"SKIP","floor":1.0},{"not_picked":["Streamline","Beam Cell"],"picked":"Conserve Battery","floor":2.0},{"not_picked":["Rip and Tear","Gash","Streamline"],"picked":"SKIP","floor":3.0},{"not_picked":["Steam","Skim"],"picked":"Go for the Eyes","floor":4.0},{"not_picked":["Conserve Battery","Turbo"],"picked":"Glacier","floor":6.0},{"not_picked":["Biased Cognition","Aggregate"],"picked":"Leap","floor":11.0},{"not_picked":["Lockon","Skim"],"picked":"Genetic Algorithm","floor":13.0},{"not_picked":["Rebound","Gash"],"picked":"Stack","floor":14.0},{"not_picked":["Machine Learning","Biased Cognition"],"picked":"Echo Form","floor":16.0},{"not_picked":["Coolheaded+1","Reprogram+1"],"picked":"Ball Lightning","floor":18.0},{"not_picked":["Turbo+1","Consume+1"],"picked":"Ball Lightning","floor":19.0},{"not_picked":["Streamline","Rebound+1"],"picked":"Sunder","floor":21},{"not_picked":["Fusion+1","Streamline"],"picked":"Double Energy","floor":22},{"not_picked":["Coolheaded","Gash"],"picked":"Conserve Battery+1","floor":27},{"not_picked":["Meteor Strike","Force Field","Recycle+1"],"picked":"Singing Bowl","floor":28},{"not_picked":["Doom and Gloom","Hologram"],"picked":"Cold Snap","floor":30},{"not_picked":["Auto Shields","Turbo"],"picked":"Go for the Eyes","floor":31},{"not_picked":["Reboot","Hyperbeam"],"picked":"All For One","floor":33},{"not_picked":["Double Energy","Compile Driver+1"],"picked":"Coolheaded+1","floor":35},{"not_picked":["Darkness+1","Turbo+1"],"picked":"Compile Driver+1","floor":39},{"not_picked":["Stack","Coolheaded+1"],"picked":"Chill","floor":42},{"not_picked":["Streamline+1","Turbo"],"picked":"Steam+1","floor":44},{"not_picked":["Steam Power+1","Redo+1"],"picked":"Ball Lightning+1","floor":47},{"not_picked":["Fusion+1","Redo"],"picked":"Leap+1","floor":48}],"player_experience":259169,"relics_obtained":[{"floor":6.0,"key":"MawBank"},{"floor":9.0,"key":"Oddly Smooth Stone"},{"floor":10.0,"key":"Bottled Flame"},{"floor":14.0,"key":"Singing Bowl"},{"floor":26,"key":"Meat on the Bone"},{"floor":30,"key":"Turnip"},{"floor":43,"key":"Happy Flower"}],"event_choices":[{"damage_healed":20.0,"max_hp_gain":0.0,"max_hp_loss":0.0,"gold_gain":0.0,"event_name":"The Cleric","player_choice":"Healed","floor":5.0,"gold_loss":35.0,"damage_taken":0.0},{"damage_healed":0.0,"max_hp_gain":0.0,"max_hp_loss":0.0,"gold_gain":0.0,"event_name":"Golden Idol","player_choice":"Ignored","floor":7.0,"gold_loss":0.0,"damage_taken":0.0},{"damage_healed":0.0,"max_hp_gain":0.0,"max_hp_loss":0.0,"gold_gain":75.0,"event_name":"World of Goop","player_choice":"Gather Gold","floor":8.0,"gold_loss":0.0,"damage_taken":11.0},{"damage_healed":0,"gold_gain":99,"player_choice":"Stole From Cult","damage_taken":0,"max_hp_gain":0,"max_hp_loss":0,"event_name":"Nest","floor":24,"gold_loss":0},{"damage_healed":0,"gold_gain":0,"player_choice":"Ignored","damage_taken":0,"max_hp_gain":0,"max_hp_loss":0,"event_name":"Ghosts","floor":25,"gold_loss":0},{"damage_healed":0,"gold_gain":0,"player_choice":"Embrace Madness","damage_taken":11,"max_hp_gain":0,"max_hp_loss":0,"event_name":"Winding Halls","floor":36,"gold_loss":0,"cards_obtained":["Madness","Madness"]},{"damage_healed":0,"gold_gain":0,"player_choice":"Forge","damage_taken":0,"max_hp_gain":0,"max_hp_loss":0,"event_name":"Accursed Blacksmith","floor":38,"gold_loss":0,"cards_upgraded":["Sunder"]},{"cards_removed":["Defragment"],"damage_healed":0,"gold_gain":0,"player_choice":"Removed Power","damage_taken":0,"max_hp_gain":0,"max_hp_loss":0,"event_name":"Falling","floor":46,"gold_loss":0}],"is_beta":false,"boss_relics":[{"not_picked":["Ectoplasm","Velvet Choker"],"picked":"Nuclear Battery"},{"not_picked":["Runic Dome","Astrolabe"],"picked":"Pandora\u0027s Box"}],"items_purged_floors":[],"is_endless":false,"potions_floor_spawned":[6,11,22,27,31,33,39,41,44,47],"killed_by":"Time Eater","ascension_level":0}