{"gold_per_floor":[214,214,226,187,31,31,45,45,45,64,84,84,116,135,135,235,235,246,74,74,173,19,48,67,67,67,78,78,96,96,96,96,200,200,214,226,226,236,236,236,269,269],"floor_reached":42,"playtime":5904,"items_purged":[],"score":521,"play_id":"0138197b-8706-4e0c-9322-ae37542c6122","local_time":"20190115162913","is_ascension_mode":false,"campfire_choices":[{"data":"Static Discharge","floor":6.0,"key":"SMITH"},{"data":"Conserve Battery","floor":8.0,"key":"SMITH"},{"floor":12.0,"key":"REST"},{"floor":15.0,"key":"REST"},{"floor":25.0,"key":"REST"},{"floor":32.0,"key":"REST"},{"floor":40,"key":"REST"}],"neow_cost":"NONE","seed_source_timestamp":0,"circlet_count":0,"master_deck":["Zap","Conserve Battery+1","Cold Snap","Static Discharge+1","Capacitor","Compile Driver","Cold Snap","Stack","Steam","Core Surge","Machine Learning","Electrodynamics","Force Field","Redo","Beam Cell","Thunder Strike","All For One","Gash","Sunder+1","Conserve Battery","Undo+1","Cold Snap","Compile Driver+1","Leap","BootSequence","Sunder+1","Creative AI","Reinforced Body","Conserve Battery","Cold Snap","Darkness","Self Repair","Auto Shields+1","Cold Snap+1","Conserve Battery","White Noise+1","Defragment"],"special_seed":0,"relics":["Cracked Core","Happy Flower","Incense Burner","Bag of Marbles","Pandora\u0027s Box","Bronze Scales","Bag of Preparation","Regal Pillow","Dream Catcher","Orrery","Juzu Bracelet"],"potions_floor_usage":[35,41],"damage_taken":[{"damage":10.0,"enemies":"Small Slimes","floor":1.0,"turns":4.0},{"damage":0.0,"enemies":"Cultist","floor":3.0,"turns":4.0},{"damage":7.0,"enemies":"2 Louse","floor":7.0,"turns":2.0},{"damage":9.0,"enemies":"Blue Slaver","floor":10.0,"turns":4.0},{"damage":2.0,"enemies":"Exordium Thugs","floor":11.0,"turns":5.0},{"damage":14.0,"enemies":"Lagavulin","floor":13.0,"turns":5.0},{"damage":2.0,"enemies":"2 Fungi Beasts","floor":14.0,"turns":3.0},{"damage":27.0,"enemies":"Hexaghost","floor":16.0,"turns":12.0},{"damage":16.0,"enemies":"Shell Parasite","floor":18.0,"turns":4.0},{"damage":7.0,"enemies":"Book of Stabbing","floor":23.0,"turns":4.0},{"damage":20.0,"enemies":"2 Thieves","floor":24.0,"turns":2.0},{"damage":21.0,"enemies":"Cultist and Chosen","floor":27.0,"turns":4.0},{"damage":16.0,"enemies":"Snake Plant","floor":29.0,"turns":4.0},{"damage":64.0,"enemies":"Champ","floor":33.0,"turns":15.0},{"damage":14,"enemies":"3 Darklings","floor":35,"turns":6},{"damage":6,"enemies":"3 Shapes","floor":36,"turns":5},{"damage":38,"enemies":"Jaw Worm Horde","floor":38,"turns":6},{"damage":57,"enemies":"Nemesis","floor":41,"turns":9},{"damage":20,"enemies":"Transient","floor":42,"turns":4}],"seed_played":"4379344881785406406","potions_obtained":[{"floor":3.0,"key":"Fire Potion"},{"floor":10.0,"key":"Strength Potion"},{"floor":13.0,"key":"FocusPotion"},{"floor":18.0,"key":"SkillPotion"},{"floor":24.0,"key":"Poison Potion"},{"floor":33.0,"key":"AttackPotion"},{"floor":38,"key":"FocusPotion"}],"is_trial":false,"path_per_floor":["M","?","M","$","$","R","M","R","T","M","M","R","E","M","R","B",null,"M","$","?","?","$","E","M","R","T","M","?","M","?","$","R","B",null,"M","M","?","M","?","R","E","M"],"character_chosen":"DEFECT","items_purchased":["Static Discharge","Happy Flower","Bronze Scales","Conserve Battery","Bag of Preparation"],"campfire_rested":5,"item_purchase_floors":[4,5,19,19,22],"current_hp_per_floor":[65,65,65,65,65,65,58,58,58,49,47,69,55,53,75,48,75,59,59,59,59,59,52,32,69,69,48,48,32,32,32,69,5,75,68,62,62,31,31,68,18,0],"gold":269,"neow_bonus":"HUNDRED_GOLD","is_prod":false,"is_daily":false,"chose_seed":false,"campfire_upgraded":2,"win_rate":0.0,"timestamp":1547598553,"path_taken":["M","?","M","?","$","R","M","R","T","M","M","R","E","M","R","BOSS","M","?","?","?","?","E","?","R","T","M","?","?","?","$","R","BOSS","M","M","?","M","?","R","E","M"],"build_version":"2019-01-10","purchased_purges":0,"victory":false,"max_hp_per_floor":[75,75,75,75,75,75,75,75,75,75,75,75,75,75,75,75,75,75,75,75,75,75,75,75,75,75,75,75,75,75,75,75,75,75,75,75,75,75,75,75,75,75],"card_choices":[{"not_picked":["Barrage","Leap"],"picked":"Conserve Battery","floor":1.0},{"not_picked":["Ball Lightning","Turbo"],"picked":"Cold Snap","floor":3.0},{"not_picked":["Beam Cell","Redo"],"picked":"Capacitor","floor":7.0},{"not_picked":["Rip and Tear","Barrage"],"picked":"Compile Driver","floor":10.0},{"not_picked":["Streamline","Redo"],"picked":"Cold Snap","floor":11.0},{"not_picked":["Creative AI","Double Energy"],"picked":"Stack","floor":13.0},{"not_picked":["Scrape","Gash"],"picked":"Steam","floor":14.0},{"not_picked":["Hyperbeam","Amplify"],"picked":"Core Surge","floor":16.0},{"not_picked":["Tempest","Ball Lightning"],"picked":"Sunder+1","floor":18.0},{"not_picked":["Force Field","Loop"],"picked":"Undo+1","floor":23.0},{"not_picked":["Sweeping Beam","Consume"],"picked":"Cold Snap","floor":24.0},{"not_picked":["Hologram","Conserve Battery"],"picked":"Compile Driver+1","floor":27.0},{"not_picked":["Tempest+1","Redo+1"],"picked":"Leap","floor":29.0},{"not_picked":["Beam Cell","Hologram"],"picked":"Sunder","floor":32.0},{"not_picked":["Thunder Strike","Amplify"],"picked":"Creative AI","floor":33.0},{"not_picked":["Turbo","Streamline+1"],"picked":"Reinforced Body","floor":34},{"not_picked":["Streamline","Force Field+1"],"picked":"Conserve Battery","floor":34},{"not_picked":["Heatsinks","Recycle"],"picked":"Cold Snap","floor":34},{"not_picked":["Go for the Eyes","Heatsinks"],"picked":"Darkness","floor":34},{"not_picked":["Rebound","Lockon"],"picked":"Self Repair","floor":34},{"not_picked":["Compile Driver","Reinforced Body+1"],"picked":"Auto Shields+1","floor":35},{"not_picked":["Meteor Strike","Sweeping Beam"],"picked":"Cold Snap+1","floor":36},{"not_picked":["Streamline+1","Coolheaded"],"picked":"Conserve Battery","floor":38},{"not_picked":["Conserve Battery+1","Cold Snap+1"],"picked":"White Noise+1","floor":40},{"not_picked":["Chaos+1","Fusion+1"],"picked":"Defragment","floor":41}],"player_experience":173244,"relics_obtained":[{"floor":9.0,"key":"Incense Burner"},{"floor":13.0,"key":"Bag of Marbles"},{"floor":23.0,"key":"Regal Pillow"},{"floor":26.0,"key":"Dream Catcher"},{"floor":41,"key":"Juzu Bracelet"}],"event_choices":[{"damage_healed":0.0,"max_hp_gain":0.0,"max_hp_loss":0.0,"gold_gain":0.0,"event_name":"The Woman in Blue","player_choice":"Bought 0 Potions","floor":2.0,"gold_loss":0.0,"damage_taken":0.0},{"damage_healed":0.0,"max_hp_gain":0.0,"max_hp_loss":0.0,"gold_gain":0.0,"event_name":"Vampires","player_choice":"Ignored","floor":20.0,"gold_loss":0.0,"damage_taken":0.0},{"damage_healed":0.0,"max_hp_gain":0.0,"max_hp_loss":0.0,"gold_gain":99.0,"event_name":"Nest","player_choice":"Stole From Cult","floor":21.0,"gold_loss":0.0,"damage_taken":0.0},{"cards_removed":["Dualcast"],"damage_healed":0.0,"max_hp_gain":0.0,"max_hp_loss":0.0,"gold_gain":0.0,"event_name":"Purifier","player_choice":"Purged","floor":28.0,"gold_loss":0.0,"damage_taken":0.0},{"damage_healed":0.0,"max_hp_gain":0.0,"max_hp_loss":0.0,"gold_gain":0.0,"event_name":"The Library","player_choice":"Read","floor":30.0,"gold_loss":0.0,"damage_taken":0.0,"cards_obtained":["BootSequence"]},{"damage_healed":0,"gold_gain":0,"player_choice":"Ignored","damage_taken":0,"max_hp_gain":0,"max_hp_loss":0,"event_name":"Tomb of Lord Red Mask","floor":37,"gold_loss":0},{"damage_healed":0,"gold_gain":0,"player_choice":"Forge","damage_taken":0,"max_hp_gain":0,"max_hp_loss":0,"event_name":"Accursed Blacksmith","floor":39,"gold_loss":0,"cards_upgraded":["Sunder"]}],"is_beta":false,"boss_relics":[{"not_picked":["Runic Pyramid","Eternal Feather"],"picked":"Pandora\u0027s Box"},{"not_picked":["Snecko Eye","Busted Crown"],"picked":"Orrery"}],"items_purged_floors":[],"is_endless":false,"potions_floor_spawned":[3,10,13,18,24,33,38],"killed_by":"Transient","ascension_level":0}