{"gold_per_floor":[113,113,113,113,124,150,162,6,6,6],"floor_reached":10,"playtime":242,"items_purged":["Strike_G"],"score":182,"play_id":"cde220ef-46f0-460c-adc0-dbc7cf28bac5","local_time":"20190419164340","is_ascension_mode":true,"campfire_choices":[],"neow_cost":"NONE","seed_source_timestamp":101091891786771,"circlet_count":0,"master_deck":["AscendersBane","Defend_G","Defend_G","Defend_G+1","Defend_G","Defend_G","Strike_G","Strike_G","Strike_G","Survivor","Neutralize","Calculated Gamble+1","Prepared","Eviscerate","Well Laid Plans"],"special_seed":0,"relics":["Ring of the Snake","NeowsBlessing","Question Card","Toxic Egg 2"],"potions_floor_usage":[10],"damage_taken":[{"damage":0.0,"enemies":"Small Slimes","floor":1.0,"turns":1.0},{"damage":0.0,"enemies":"2 Louse","floor":5.0,"turns":1.0},{"damage":0.0,"enemies":"Gremlin Nob","floor":6.0,"turns":1.0},{"damage":0.0,"enemies":"Jaw Worm","floor":7.0,"turns":5.0},{"damage":11,"enemies":"3 Sentries","floor":10,"turns":5}],"seed_played":"-6564634686380789996","potions_obtained":[{"floor":1.0,"key":"Poison Potion"}],"is_trial":false,"path_per_floor":["M","?","?","?","M","E","M","$","T","E"],"character_chosen":"THE_SILENT","items_purchased":["Well Laid Plans"],"campfire_rested":0,"item_purchase_floors":[8],"current_hp_per_floor":[59,64,57,36,36,36,36,36,36,25],"gold":6,"neow_bonus":"THREE_ENEMY_KILL","is_prod":false,"is_daily":false,"chose_seed":false,"campfire_upgraded":0,"win_rate":0,"timestamp":1555663420,"path_taken":["M","?","?","?","M","E","M","$","T","E"],"build_version":"2019-04-04","purchased_purges":1,"victory":false,"max_hp_per_floor":[66,71,71,71,71,71,71,71,71,71],"card_choices":[{"not_picked":["Escape Plan","Deflect"],"picked":"Calculated Gamble","floor":1.0},{"not_picked":["Infinite Blades","Dagger Throw"],"picked":"Prepared","floor":5.0},{"not_picked":["Flying Knee","Dagger Spray","Distraction"],"picked":"SKIP","floor":6.0},{"not_picked":["Footwork","Deflect","Bouncing Flask"],"picked":"Eviscerate","floor":7.0}],"player_experience":3027790,"relics_obtained":[{"floor":6.0,"key":"Question Card"},{"floor":9.0,"key":"Toxic Egg 2"}],"event_choices":[{"damage_healed":0.0,"max_hp_gain":5.0,"max_hp_loss":0.0,"gold_gain":0.0,"event_name":"Big Fish","player_choice":"Donut","floor":2.0,"gold_loss":0.0,"damage_taken":0.0},{"cards_removed":["Strike_G"],"damage_healed":0.0,"max_hp_gain":0.0,"max_hp_loss":0.0,"gold_gain":0.0,"event_name":"Golden Wing","player_choice":"Card Removal","floor":3.0,"gold_loss":0.0,"damage_taken":7.0},{"damage_healed":0.0,"max_hp_gain":0.0,"max_hp_loss":0.0,"gold_gain":0.0,"event_name":"Shining Light","player_choice":"Entered Light","floor":4.0,"gold_loss":0.0,"damage_taken":21.0,"cards_upgraded":["Calculated Gamble","Defend_G"]}],"is_beta":true,"boss_relics":[],"items_purged_floors":[8],"is_endless":false,"potions_floor_spawned":[1],"killed_by":"3 Sentries","ascension_level":20}