{"gold_per_floor":[111,121,121,7,7,40,40,40,40,40,40,59,90,40,40,113,113,130,130,180,191,22,22,49,64,88,120,70,70,96,96,96,174,174,187,187,207,49,66,98,98,130,130,130,36,51,66,79,79,79,79,79,79,29,58,58],"floor_reached":57,"playtime":3399,"items_purged":["Strike_P","Strike_P","Strike_P+1","Vigilance","Defend_P","EmptyMind+1"],"score":3523,"play_id":"b61fed83-3576-40eb-8b3d-28cf947156c5","local_time":"20190919132331","is_ascension_mode":true,"campfire_choices":[{"data":"Eruption","floor":7.0,"key":"SMITH"},{"data":"FlowState","floor":11.0,"key":"SMITH"},{"data":"MentalFortress","floor":15.0,"key":"SMITH"},{"floor":23.0,"key":"REST"},{"data":"EmptyMind","floor":29.0,"key":"SMITH"},{"data":"EmptyMind","floor":32.0,"key":"SMITH"},{"floor":44.0,"key":"RECALL"},{"data":"SandsOfTime","floor":49.0,"key":"SMITH"},{"data":"InnerPeace","floor":53.0,"key":"SMITH"}],"neow_cost":"NONE","seed_source_timestamp":3022032650799100,"circlet_count":0,"master_deck":["AscendersBane","Defend_P","Defend_P+1","Eruption+1","FearNoEvil","MentalFortress+1","FlowState+1","SandsOfTime+1","Sanctity","EmptyMind+1","Purity","InnerPeace+1"],"special_seed":0,"relics":["PureWater","NeowsBlessing","Yang","Sundial","Smiling Mask","Runic Pyramid","Nilry\u0027s Codex","Medical Kit","Centennial Puzzle","White Beast Statue","Boot","Busted Crown","Ancient Tea Set","Bag of Preparation","Blood Vial","CaptainsWheel","Orichalcum"],"potions_floor_usage":[56,56],"damage_taken":[{"damage":0.0,"enemies":"2 Louse","floor":1.0,"turns":1.0},{"damage":0.0,"enemies":"Small Slimes","floor":2.0,"turns":1.0},{"damage":0.0,"enemies":"3 Sentries","floor":6.0,"turns":2.0},{"damage":0.0,"enemies":"Cultist","floor":12.0,"turns":3.0},{"damage":5.0,"enemies":"Lagavulin","floor":13.0,"turns":6.0},{"damage":15.0,"enemies":"The Guardian","floor":16.0,"turns":12.0},{"damage":6.0,"enemies":"3 Byrds","floor":18.0,"turns":6.0},{"damage":10.0,"enemies":"2 Thieves","floor":21.0,"turns":4.0},{"damage":14.0,"enemies":"Slavers","floor":24.0,"turns":10.0},{"damage":0.0,"enemies":"3 Cultists","floor":25.0,"turns":4.0},{"damage":0.0,"enemies":"Book of Stabbing","floor":27.0,"turns":5.0},{"damage":11.0,"enemies":"Slavers","floor":30.0,"turns":4.0},{"damage":0.0,"enemies":"Collector","floor":33.0,"turns":4.0},{"damage":0.0,"enemies":"3 Shapes","floor":35.0,"turns":3.0},{"damage":0.0,"enemies":"3 Darklings","floor":37.0,"turns":4.0},{"damage":0.0,"enemies":"Spire Growth","floor":39.0,"turns":4.0},{"damage":0.0,"enemies":"Reptomancer","floor":40.0,"turns":4.0},{"damage":0.0,"enemies":"Nemesis","floor":42.0,"turns":3.0},{"damage":0.0,"enemies":"Transient","floor":46.0,"turns":6.0},{"damage":0.0,"enemies":"Writhing Mass","floor":47.0,"turns":5.0},{"damage":0.0,"enemies":"Maw","floor":48.0,"turns":5.0},{"damage":0.0,"enemies":"Donu and Deca","floor":50.0,"turns":5.0},{"damage":0.0,"enemies":"Time Eater","floor":51.0,"turns":6.0},{"damage":0.0,"enemies":"Shield and Spear","floor":55.0,"turns":5.0},{"damage":14,"enemies":"The Heart","floor":56,"turns":5}],"seed_played":"-7622780944814728690","potions_obtained":[{"floor":6.0,"key":"SkillPotion"},{"floor":10.0,"key":"EssenceOfSteel"},{"floor":13.0,"key":"Block Potion"},{"floor":16.0,"key":"AttackPotion"},{"floor":18.0,"key":"Swift Potion"},{"floor":21.0,"key":"SpeedPotion"},{"floor":30.0,"key":"EssenceOfSteel"},{"floor":33.0,"key":"AttackPotion"},{"floor":35.0,"key":"Regen Potion"},{"floor":37.0,"key":"Dexterity Potion"},{"floor":40.0,"key":"Weak Potion"},{"floor":42.0,"key":"FearPotion"},{"floor":55.0,"key":"Energy Potion"}],"is_trial":false,"path_per_floor":["M","M","?","$","?","E","R","?","T","?","R","M","E","$","R","B",null,"M","?","?","M","$","R","E","M","T","E","$","R","E","?","R","B",null,"M","?","M","$","M","E","?","E","T","R","$","M","M","M","R","B","B",null,"R","$","E","B",null],"character_chosen":"WATCHER","items_purchased":["MentalFortress","Medical Kit","Purity","InnerPeace"],"campfire_rested":1,"item_purchase_floors":[4,22,38,45],"current_hp_per_floor":[55,55,37,37,57,57,57,50,50,50,50,50,45,45,45,30,53,47,26,26,16,16,34,20,20,20,20,20,20,9,9,9,9,48,48,48,58,58,58,58,58,58,58,58,58,58,58,58,58,58,58,58,58,58,58,44],"gold":58,"neow_bonus":"THREE_ENEMY_KILL","is_prod":false,"is_daily":false,"chose_seed":false,"campfire_upgraded":7,"win_rate":0,"timestamp":1568870611,"path_taken":["M","M","?","$","?","E","R","?","T","?","R","M","E","$","R","BOSS","M","?","?","M","$","R","E","M","T","E","$","R","E","?","R","BOSS","M","?","M","$","M","E","?","E","T","R","$","?","M","M","R","BOSS","BOSS","R","$","E","BOSS"],"build_version":"2019-09-18","purchased_purges":6,"victory":true,"max_hp_per_floor":[61,61,61,61,61,61,61,61,61,61,61,61,61,61,61,61,61,61,61,61,61,61,61,61,61,61,61,61,61,61,61,61,61,61,61,58,58,58,58,58,58,58,58,58,58,58,58,58,58,58,58,58,58,58,58,58],"card_choices":[{"not_picked":["FollowUp","CarveReality","Weave"],"picked":"SKIP","floor":1.0},{"not_picked":["Worship","FlyingSleeves"],"picked":"FearNoEvil","floor":2.0},{"not_picked":["FlyingSleeves","Collect"],"picked":"FlowState","floor":6.0},{"not_picked":["CrushJoints","ReachHeaven"],"picked":"SandsOfTime","floor":12.0},{"not_picked":["SashWhip","JustLucky","BowlingBash"],"picked":"SKIP","floor":13.0},{"not_picked":["Weave+1","CrushJoints+1"],"picked":"Sanctity","floor":18.0},{"not_picked":["FlyingSleeves","FollowUp+1","CrushJoints"],"picked":"SKIP","floor":21.0},{"not_picked":["Blasphemy","Prostrate"],"picked":"EmptyMind","floor":24.0},{"not_picked":["SashWhip","WindmillStrike","ThirdEye"],"picked":"SKIP","floor":25.0},{"not_picked":["SpiritShield","FlurryOfBlows"],"picked":"EmptyMind","floor":27.0},{"not_picked":["Metaphysics","Prostrate+1","FollowUp"],"picked":"SKIP","floor":30.0},{"not_picked":["BowlingBash"],"picked":"SKIP","floor":35.0},{"not_picked":["ClearTheMind"],"picked":"SKIP","floor":37.0},{"not_picked":["Protect"],"picked":"SKIP","floor":39.0},{"not_picked":["FlowState"],"picked":"SKIP","floor":40.0},{"not_picked":["Collect"],"picked":"SKIP","floor":42.0},{"not_picked":["Protect"],"picked":"SKIP","floor":46.0},{"not_picked":["Consecrate"],"picked":"SKIP","floor":47.0},{"not_picked":["Devotion"],"picked":"SKIP","floor":48.0},{"not_picked":["Crescendo"],"picked":"SKIP","floor":55.0}],"player_experience":3316701,"relics_obtained":[{"floor":6.0,"key":"Yang"},{"floor":9.0,"key":"Sundial"},{"floor":13.0,"key":"Smiling Mask"},{"floor":19.0,"key":"Nilry\u0027s Codex"},{"floor":24.0,"key":"Centennial Puzzle"},{"floor":27.0,"key":"White Beast Statue"},{"floor":30.0,"key":"Boot"},{"floor":40.0,"key":"Ancient Tea Set"},{"floor":42.0,"key":"Blood Vial"},{"floor":43.0,"key":"CaptainsWheel"},{"floor":55.0,"key":"Orichalcum"}],"event_choices":[{"damage_healed":0.0,"max_hp_gain":0.0,"max_hp_loss":0.0,"gold_gain":0.0,"event_name":"Shining Light","player_choice":"Entered Light","floor":3.0,"gold_loss":0.0,"damage_taken":18.0,"cards_upgraded":["Strike_P","Defend_P"]},{"damage_healed":20.0,"max_hp_gain":0.0,"max_hp_loss":0.0,"gold_gain":0.0,"event_name":"Big Fish","player_choice":"Banana","floor":5.0,"gold_loss":0.0,"damage_taken":0.0},{"cards_removed":["Strike_P"],"damage_healed":0.0,"max_hp_gain":0.0,"max_hp_loss":0.0,"gold_gain":0.0,"event_name":"Golden Wing","player_choice":"Card Removal","floor":8.0,"gold_loss":0.0,"damage_taken":7.0},{"damage_healed":0.0,"max_hp_gain":0.0,"max_hp_loss":0.0,"gold_gain":0.0,"event_name":"Lab","player_choice":"Got Potions","floor":10.0,"gold_loss":0.0,"damage_taken":0.0},{"damage_healed":0.0,"max_hp_gain":0.0,"max_hp_loss":0.0,"gold_gain":0.0,"event_name":"Cursed Tome","player_choice":"Obtained Book","floor":19.0,"gold_loss":0.0,"damage_taken":21.0},{"damage_healed":0.0,"max_hp_gain":0.0,"max_hp_loss":0.0,"gold_gain":50.0,"event_name":"Nest","player_choice":"Stole From Cult","floor":20.0,"gold_loss":0.0,"damage_taken":0.0},{"cards_removed":["Defend_P"],"damage_healed":0.0,"max_hp_gain":0.0,"max_hp_loss":0.0,"gold_gain":0.0,"event_name":"Back to Basics","player_choice":"Elegance","floor":31.0,"gold_loss":0.0,"damage_taken":0.0},{"damage_healed":0.0,"max_hp_gain":0.0,"max_hp_loss":3.0,"gold_gain":0.0,"event_name":"Winding Halls","player_choice":"Max HP","floor":36.0,"gold_loss":0.0,"damage_taken":0.0},{"damage_healed":0.0,"max_hp_gain":0.0,"max_hp_loss":0.0,"gold_gain":0.0,"event_name":"WeMeetAgain","player_choice":"Gave Potion","floor":41.0,"gold_loss":0.0,"damage_taken":0.0,"relics_obtained":["Bag of Preparation"]}],"is_beta":true,"boss_relics":[{"not_picked":["Philosopher\u0027s Stone","Empty Cage"],"picked":"Runic Pyramid"},{"not_picked":["Sozu","SacredBark"],"picked":"Busted Crown"}],"items_purged_floors":[4,14,28,38,45,54],"is_endless":false,"potions_floor_spawned":[6,13,16,18,21,30,33,35,37,39,40,42,46,47,48,55],"ascension_level":20}