{"gold_per_floor":[111,126,126,27,45,45,71,71,150,176,190,90,109,109,109,187,187,202,218,6,22,22,22,22,22,77,88,88],"floor_reached":28,"playtime":959,"items_purged":["Strike_G","Strike_G","Regret"],"score":456,"play_id":"6a8a7d57-0d3f-457a-b662-b5fb352aee0a","local_time":"20190818063957","is_ascension_mode":true,"campfire_choices":[{"data":"Blade Dance","floor":6.0,"key":"SMITH"},{"data":"Poisoned Stab","floor":8.0,"key":"SMITH"},{"data":"Well Laid Plans","floor":15.0,"key":"SMITH"},{"data":"Cloak And Dagger","floor":25,"key":"SMITH"}],"neow_cost":"TEN_PERCENT_HP_LOSS","seed_source_timestamp":270389619418649,"circlet_count":0,"master_deck":["AscendersBane","Strike_G","Strike_G","Defend_G","Defend_G","Defend_G","Defend_G","Defend_G","Survivor","Neutralize","Thinking Ahead","Blind","Terror","Poisoned Stab+1","Blade Dance+1","Acrobatics","Well Laid Plans+1","After Image","Cloak And Dagger+1","Footwork","Deflect","Adrenaline","Footwork","PiercingWail","Backflip+1"],"special_seed":0,"relics":["Ring of the Snake","Regal Pillow","Shuriken","Blood Vial","Matryoshka","Orrery","Bronze Scales","Torii","Toxic Egg 2","Tiny Chest"],"potions_floor_usage":[21,28],"damage_taken":[{"damage":7.0,"enemies":"Cultist","floor":1.0,"turns":5.0},{"damage":2.0,"enemies":"Jaw Worm","floor":2.0,"turns":7.0},{"damage":4.0,"enemies":"Small Slimes","floor":5.0,"turns":4.0},{"damage":18.0,"enemies":"Lagavulin","floor":7.0,"turns":6.0},{"damage":1.0,"enemies":"Gremlin Nob","floor":10.0,"turns":3.0},{"damage":6.0,"enemies":"3 Louse","floor":11.0,"turns":3.0},{"damage":6.0,"enemies":"Exordium Thugs","floor":13.0,"turns":5.0},{"damage":1.0,"enemies":"Hexaghost","floor":16.0,"turns":8.0},{"damage":14,"enemies":"3 Byrds","floor":18,"turns":7},{"damage":6,"enemies":"Spheric Guardian","floor":19,"turns":8},{"damage":16,"enemies":"3 Cultists","floor":21,"turns":8},{"damage":1,"enemies":"Snake Plant","floor":27,"turns":6},{"damage":28,"enemies":"Slavers","floor":28,"turns":5}],"seed_played":"-5602016160731836467","potions_obtained":[{"floor":5.0,"key":"GamblersBrew"},{"floor":7.0,"key":"Dexterity Potion"},{"floor":13.0,"key":"Poison Potion"},{"floor":19,"key":"Explosive Potion"},{"floor":21,"key":"Energy Potion"}],"is_trial":false,"path_per_floor":["M","M","?","$","M","R","E","R","T","E","M","$","M","?","R","B",null,"M","M","$","M","?","T","$","R","T","M","E"],"character_chosen":"THE_SILENT","items_purchased":["Poisoned Stab","Footwork"],"campfire_rested":0,"item_purchase_floors":[4,20],"current_hp_per_floor":[52,50,43,43,39,39,21,21,21,20,16,16,12,12,12,13,48,36,32,32,18,18,18,18,18,18,19,0],"gold":88,"neow_bonus":"RANDOM_COLORLESS_2","is_prod":false,"is_daily":false,"chose_seed":false,"campfire_upgraded":4,"win_rate":0,"timestamp":1566077997,"path_taken":["M","?","?","$","M","R","E","R","T","E","M","$","M","?","R","BOSS","M","M","$","M","?","?","$","R","T","?","E"],"build_version":"2019-07-17","purchased_purges":3,"victory":false,"max_hp_per_floor":[60,60,60,60,60,60,60,60,60,60,60,60,60,60,60,60,60,60,60,60,60,60,60,60,60,60,60,60],"card_choices":[{"not_picked":["Backflip","Slice","All Out Attack"],"picked":"SKIP","floor":1.0},{"not_picked":["Blade Dance","Slice"],"picked":"Terror","floor":2.0},{"not_picked":["Underhanded Strike","Sucker Punch","Blade Dance"],"picked":"SKIP","floor":5.0},{"not_picked":["Underhanded Strike","Sucker Punch"],"picked":"Blade Dance","floor":5.0},{"not_picked":["Outmaneuver","Escape Plan"],"picked":"Acrobatics","floor":7.0},{"not_picked":["Dagger Throw","Venomology"],"picked":"Well Laid Plans","floor":10.0},{"not_picked":["Masterful Stab","Dagger Throw","Quick Slash"],"picked":"SKIP","floor":11.0},{"not_picked":["Setup","Acrobatics","Riddle With Holes"],"picked":"SKIP","floor":13.0},{"not_picked":["Wraith Form v2","Phantasmal Killer"],"picked":"After Image","floor":16.0},{"not_picked":["Blade Dance","Bane"],"picked":"Cloak And Dagger","floor":17},{"not_picked":["Skewer","Flying Knee"],"picked":"Footwork","floor":17},{"not_picked":["Crippling Poison","Quick Slash"],"picked":"Deflect","floor":17},{"not_picked":["Dagger Throw","Concentrate"],"picked":"Adrenaline","floor":18},{"not_picked":["Dodge and Roll","Bane","Sucker Punch"],"picked":"SKIP","floor":19},{"not_picked":["Slice","Crippling Poison"],"picked":"PiercingWail","floor":21},{"not_picked":["Dagger Spray","Slice"],"picked":"Backflip+1","floor":27}],"player_experience":924980,"relics_obtained":[{"floor":7.0,"key":"Regal Pillow"},{"floor":9.0,"key":"Shuriken"},{"floor":10.0,"key":"Blood Vial"},{"floor":23,"key":"Bronze Scales"},{"floor":23,"key":"Torii"},{"floor":26,"key":"Toxic Egg 2"},{"floor":26,"key":"Tiny Chest"}],"event_choices":[{"cards_removed":["Strike_G"],"damage_healed":0.0,"max_hp_gain":0.0,"max_hp_loss":0.0,"gold_gain":0.0,"event_name":"Golden Wing","player_choice":"Card Removal","floor":3.0,"gold_loss":0.0,"damage_taken":7.0},{"damage_healed":0.0,"max_hp_gain":0.0,"max_hp_loss":0.0,"gold_gain":0.0,"event_name":"Big Fish","player_choice":"Box","floor":14.0,"gold_loss":0.0,"damage_taken":0.0,"relics_obtained":["Matryoshka"],"cards_obtained":["Regret"]},{"damage_healed":0,"gold_gain":0,"player_choice":"Ignored","damage_taken":0,"max_hp_gain":0,"max_hp_loss":0,"event_name":"Vampires","floor":22,"gold_loss":0}],"is_beta":false,"boss_relics":[{"not_picked":["Fusion Hammer","Snecko Eye"],"picked":"Orrery"}],"items_purged_floors":[4,12,20],"is_endless":false,"potions_floor_spawned":[5,7,13,19,21],"killed_by":"Slavers","ascension_level":20}