{"gold_per_floor":[111,111,127,202,477,477,507,521,521,521,540,540,141,160,160,233,233,246,260,160,210,226,254,36,36,106,116,150,168,168,168,168,246,246,256,270,270,270,122,155,155,171,195,209,209,235,235,235,235,235,235,235,235,18,48,48],"floor_reached":57,"playtime":2615,"items_purged":["Strike_R","Bash","Rampage"],"score":3371,"play_id":"1469e554-85fb-4129-be74-2221b5ed6ae1","local_time":"20190521180501","is_ascension_mode":true,"campfire_choices":[{"data":"Second Wind","floor":6.0,"key":"SMITH"},{"data":"Body Slam","floor":10.0,"key":"SMITH"},{"data":"True Grit","floor":12.0,"key":"SMITH"},{"data":"Barricade","floor":15.0,"key":"SMITH"},{"data":"Feel No Pain","floor":25.0,"key":"SMITH"},{"floor":30.0,"key":"REST"},{"floor":32.0,"key":"RECALL"},{"data":"Burning Pact","floor":41.0,"key":"SMITH"},{"data":"Power Through","floor":45.0,"key":"SMITH"},{"data":"Uppercut","floor":49.0,"key":"SMITH"},{"data":"Seeing Red","floor":53.0,"key":"SMITH"}],"neow_cost":"NONE","seed_source_timestamp":286641525666523,"circlet_count":0,"master_deck":["AscendersBane","Second Wind+1","Ghostly Armor","Body Slam+1","True Grit+1","Barricade+1","Seeing Red+1","Spot Weakness","Uppercut+1","Demon Form","Power Through+1","Feel No Pain+1","Fiend Fire","Burning Pact+1","Panacea"],"special_seed":0,"relics":["Burning Blood","NeowsBlessing","Champion Belt","Ice Cream","Oddly Smooth Stone","Pandora\u0027s Box","Thread and Needle","Membership Card","Orichalcum","Mark of Pain","Bronze Scales","Incense Burner","Regal Pillow","PreservedInsect","Turnip","Bottled Lightning"],"potions_floor_usage":[56],"damage_taken":[{"damage":0.0,"enemies":"2 Louse","floor":1.0,"turns":1.0},{"damage":0.0,"enemies":"Small Slimes","floor":3.0,"turns":1.0},{"damage":0.0,"enemies":"Gremlin Nob","floor":7.0,"turns":1.0},{"damage":11.0,"enemies":"Cultist","floor":8.0,"turns":4.0},{"damage":3.0,"enemies":"Looter","floor":11.0,"turns":4.0},{"damage":12.0,"enemies":"Lots of Slimes","floor":14.0,"turns":6.0},{"damage":18.0,"enemies":"Hexaghost","floor":16.0,"turns":16.0},{"damage":0.0,"enemies":"Chosen","floor":18.0,"turns":7.0},{"damage":0.0,"enemies":"Shell Parasite","floor":19.0,"turns":8.0},{"damage":6.0,"enemies":"Snake Plant","floor":22.0,"turns":6.0},{"damage":51.0,"enemies":"Slavers","floor":23.0,"turns":9.0},{"damage":16.0,"enemies":"Sentry and Sphere","floor":27.0,"turns":11.0},{"damage":4.0,"enemies":"Book of Stabbing","floor":28.0,"turns":6.0},{"damage":3.0,"enemies":"Centurion and Healer","floor":29.0,"turns":7.0},{"damage":0.0,"enemies":"Collector","floor":33.0,"turns":12.0},{"damage":0.0,"enemies":"3 Shapes","floor":35.0,"turns":6.0},{"damage":9.0,"enemies":"3 Darklings","floor":36.0,"turns":6.0},{"damage":0.0,"enemies":"Giant Head","floor":40.0,"turns":5.0},{"damage":40.0,"enemies":"Transient","floor":42.0,"turns":6.0},{"damage":0.0,"enemies":"Maw","floor":44.0,"turns":5.0},{"damage":1.0,"enemies":"Reptomancer","floor":46.0,"turns":7.0},{"damage":27.0,"enemies":"Awakened One","floor":50.0,"turns":10.0},{"damage":0.0,"enemies":"Donu and Deca","floor":51.0,"turns":12.0},{"damage":36.0,"enemies":"Shield and Spear","floor":55.0,"turns":12.0},{"damage":0,"enemies":"The Heart","floor":56,"turns":8}],"seed_played":"-5672013703672318196","potions_obtained":[{"floor":1.0,"key":"AttackPotion"},{"floor":3.0,"key":"Regen Potion"},{"floor":11.0,"key":"Dexterity Potion"},{"floor":16.0,"key":"Block Potion"},{"floor":18.0,"key":"Energy Potion"},{"floor":27.0,"key":"Strength Potion"},{"floor":29.0,"key":"Block Potion"},{"floor":33.0,"key":"FearPotion"},{"floor":35.0,"key":"PowerPotion"},{"floor":46.0,"key":"Regen Potion"},{"floor":48.0,"key":"AttackPotion"},{"floor":48.0,"key":"Block Potion"}],"is_trial":false,"path_per_floor":["M","?","M","?","?","R","E","M","T","R","M","R","$","M","R","B",null,"M","M","$","?","M","E","$","R","T","M","E","M","R","?","R","B",null,"M","M","?","?","$","E","R","M","T","M","R","E","?","?","R","B","B",null,"R","$","E","B",null],"character_chosen":"IRONCLAD","items_purchased":["Barricade","Oddly Smooth Stone","Membership Card","Bronze Scales","Turnip","Panacea"],"campfire_rested":1,"item_purchase_floors":[13,13,24,39,54,54],"current_hp_per_floor":[74,74,75,64,64,64,70,75,75,75,75,75,75,69,69,57,71,75,75,75,68,68,23,23,23,23,13,15,18,40,40,40,46,68,74,71,71,71,71,75,75,41,41,47,47,52,52,52,52,31,37,63,63,63,33,39],"gold":48,"neow_bonus":"THREE_ENEMY_KILL","is_prod":false,"is_daily":false,"chose_seed":false,"campfire_upgraded":9,"win_rate":0,"timestamp":1558433101,"path_taken":["M","?","M","?","?","R","E","?","T","R","M","R","$","M","R","BOSS","M","M","$","?","?","E","$","R","T","M","E","M","R","?","R","BOSS","M","M","?","?","$","E","R","?","T","?","R","E","?","?","R","BOSS","BOSS","R","$","E","BOSS"],"build_version":"2019-05-07","purchased_purges":3,"victory":true,"max_hp_per_floor":[75,75,75,75,75,75,75,75,75,75,75,75,75,75,75,75,75,75,75,75,75,75,75,75,75,75,75,75,75,75,75,75,75,75,75,75,75,75,75,75,75,75,75,75,75,75,71,71,71,71,71,71,71,71,71,71],"card_choices":[{"not_picked":["Whirlwind","Heavy Blade"],"picked":"Second Wind","floor":1.0},{"not_picked":["Intimidate","Heavy Blade","Sentinel"],"picked":"SKIP","floor":3.0},{"not_picked":["Sever Soul","Uppercut","Bloodletting"],"picked":"SKIP","floor":7.0},{"not_picked":["Heavy Blade","Shockwave"],"picked":"Body Slam","floor":8.0},{"not_picked":["Armaments","Cleave"],"picked":"True Grit","floor":11.0},{"not_picked":["Perfected Strike","Carnage"],"picked":"Seeing Red","floor":14.0},{"not_picked":["Cleave","Corruption","Hemokinesis"],"picked":"SKIP","floor":18.0},{"not_picked":["Metallicize","Blood for Blood","Corruption"],"picked":"SKIP","floor":19.0},{"not_picked":["Shrug It Off","Heavy Blade","Armaments"],"picked":"SKIP","floor":22.0},{"not_picked":["Body Slam","Pummel","Wild Strike"],"picked":"SKIP","floor":23.0},{"not_picked":["Armaments","Warcry","Headbutt+1"],"picked":"SKIP","floor":27.0},{"not_picked":["Sever Soul","Heavy Blade","Twin Strike"],"picked":"SKIP","floor":28.0},{"not_picked":["Hemokinesis","Headbutt","Carnage"],"picked":"SKIP","floor":29.0},{"not_picked":["Second Wind","Rupture+1"],"picked":"Burning Pact","floor":35.0},{"not_picked":["Fire Breathing+1","Cleave+1","Infernal Blade+1"],"picked":"SKIP","floor":36.0},{"not_picked":["Wild Strike+1","Pommel Strike","Shrug It Off"],"picked":"SKIP","floor":40.0},{"not_picked":["Iron Wave","Sever Soul","Demon Form"],"picked":"SKIP","floor":42.0},{"not_picked":["Heavy Blade","Thunderclap","Spot Weakness"],"picked":"SKIP","floor":44.0},{"not_picked":["Armaments","Anger","Uppercut"],"picked":"SKIP","floor":46.0},{"not_picked":["Clash","Rupture","Second Wind"],"picked":"SKIP","floor":55.0}],"player_experience":3036408,"relics_obtained":[{"floor":7.0,"key":"Champion Belt"},{"floor":9.0,"key":"Ice Cream"},{"floor":23.0,"key":"Thread and Needle"},{"floor":28.0,"key":"Orichalcum"},{"floor":40.0,"key":"Incense Burner"},{"floor":43.0,"key":"Regal Pillow"},{"floor":46.0,"key":"PreservedInsect"},{"floor":55.0,"key":"Bottled Lightning"}],"event_choices":[{"damage_healed":0.0,"max_hp_gain":0.0,"max_hp_loss":0.0,"gold_gain":0.0,"cards_transformed":["Strike_R"],"event_name":"Living Wall","player_choice":"Change","floor":2.0,"gold_loss":0.0,"damage_taken":0.0,"cards_obtained":["Ghostly Armor"]},{"damage_healed":0.0,"max_hp_gain":0.0,"max_hp_loss":0.0,"gold_gain":75.0,"event_name":"World of Goop","player_choice":"Gather Gold","floor":4.0,"gold_loss":0.0,"damage_taken":11.0},{"damage_healed":0.0,"max_hp_gain":0.0,"max_hp_loss":0.0,"gold_gain":275.0,"event_name":"Golden Shrine","player_choice":"Desecrate","floor":5.0,"gold_loss":0.0,"damage_taken":0.0,"cards_obtained":["Regret"]},{"damage_healed":0.0,"max_hp_gain":0.0,"max_hp_loss":0.0,"gold_gain":50.0,"event_name":"FaceTrader","player_choice":"Touch","floor":21.0,"gold_loss":0.0,"damage_taken":7.0},{"damage_healed":0.0,"max_hp_gain":0.0,"max_hp_loss":0.0,"gold_gain":0.0,"cards_transformed":["True Grit","Carnage"],"event_name":"Drug Dealer","player_choice":"Became Test Subject","floor":31.0,"gold_loss":0.0,"damage_taken":0.0,"cards_obtained":["Fiend Fire","Rampage"]},{"damage_healed":0.0,"max_hp_gain":0.0,"max_hp_loss":0.0,"gold_gain":0.0,"event_name":"Mysterious Sphere","player_choice":"Ignored","floor":37.0,"gold_loss":0.0,"damage_taken":0.0},{"cards_removed":["Regret"],"damage_healed":0.0,"max_hp_gain":0.0,"max_hp_loss":0.0,"gold_gain":0.0,"event_name":"Fountain of Cleansing","player_choice":"Removed Curses","floor":38.0,"gold_loss":0.0,"damage_taken":0.0},{"damage_healed":0.0,"max_hp_gain":0.0,"max_hp_loss":4.0,"gold_gain":0.0,"event_name":"Winding Halls","player_choice":"Max HP","floor":47.0,"gold_loss":0.0,"damage_taken":0.0},{"damage_healed":0.0,"max_hp_gain":0.0,"max_hp_loss":0.0,"gold_gain":0.0,"event_name":"Lab","player_choice":"Got Potions","floor":48.0,"gold_loss":0.0,"damage_taken":0.0}],"is_beta":true,"boss_relics":[{"not_picked":["Black Blood","Busted Crown"],"picked":"Pandora\u0027s Box"},{"not_picked":["Runic Pyramid","Runic Cube"],"picked":"Mark of Pain"}],"items_purged_floors":[13,20,39],"is_endless":false,"potions_floor_spawned":[1,3,11,16,18,27,29,33,35,36,46],"ascension_level":20}