{"gold_per_floor":[116,35,46,56,56,85,85,118,118,151,31,65,79,105,117,200,212,234,246,270,282,294,332,355,396,432,473,514,426,426,458,458,532,532,542,23,36,311,161,189,221,250,273,306,353,387,387,415,415,415,415,415,415,71,106,106],"floor_reached":57,"playtime":2674,"items_purged":["Strike_R","Strike_R","Strike_R","Strike_R","Feed+1"],"score":4741,"play_id":"9ebb7efb-4c13-40dc-950c-b2d298b7b851","local_time":"20190405172301","is_ascension_mode":true,"campfire_choices":[{"data":"Corruption","floor":7.0,"key":"SMITH"},{"data":"Feel No Pain","floor":15.0,"key":"SMITH"},{"data":"Body Slam","floor":30.0,"key":"SMITH"},{"data":"Warcry","floor":32.0,"key":"SMITH"},{"floor":49.0,"key":"RECALL"},{"data":"Second Wind","floor":53.0,"key":"SMITH"}],"neow_cost":"NONE","seed_source_timestamp":0,"circlet_count":0,"master_deck":["AscendersBane","Defend_R","Defend_R","Defend_R","Defend_R","Power Through","Corruption+1","Warcry+1","Second Wind+1","Shockwave+1","Feel No Pain+1","Shrug It Off+1","Havoc+1","Armaments+1","Body Slam+1","Clumsy","True Grit+1","Entrench+1","Regret","Decay","Normality","Dark Shackles+1","Battle Trance+1","Bloodletting+1"],"special_seed":0,"relics":["Runic Dome","Dead Branch","Kunai","Toxic Egg 2","WingedGreaves","Pen Nib","MawBank","Cursed Key","Enchiridion","Matryoshka","Du-Vu Doll","PreservedInsect","Self Forming Clay","Bag of Marbles","Turnip","Orrery","ClockworkSouvenir","Strawberry","Oddly Smooth Stone","Whetstone","Art of War","Meat on the Bone","Juzu Bracelet","Bronze Scales","Smiling Mask","Orichalcum","Gremlin Horn","OrangePellets","Mercury Hourglass"],"potions_floor_usage":[56],"damage_taken":[{"damage":2.0,"enemies":"Small Slimes","floor":1.0,"turns":3.0},{"damage":0.0,"enemies":"2 Louse","floor":3.0,"turns":2.0},{"damage":0.0,"enemies":"Jaw Worm","floor":4.0,"turns":3.0},{"damage":35.0,"enemies":"3 Sentries","floor":6.0,"turns":17.0},{"damage":0.0,"enemies":"Lagavulin","floor":8.0,"turns":5.0},{"damage":0.0,"enemies":"3 Sentries","floor":10.0,"turns":4.0},{"damage":0.0,"enemies":"Lagavulin","floor":12.0,"turns":2.0},{"damage":2.0,"enemies":"Blue Slaver","floor":13.0,"turns":3.0},{"damage":0.0,"enemies":"3 Sentries","floor":14.0,"turns":3.0},{"damage":0.0,"enemies":"Slime Boss","floor":16.0,"turns":3.0},{"damage":2.0,"enemies":"3 Byrds","floor":18.0,"turns":3.0},{"damage":0.0,"enemies":"Chosen","floor":20.0,"turns":2.0},{"damage":0.0,"enemies":"Book of Stabbing","floor":23.0,"turns":1.0},{"damage":0.0,"enemies":"Snecko","floor":24.0,"turns":2.0},{"damage":6.0,"enemies":"Gremlin Leader","floor":25.0,"turns":4.0},{"damage":0.0,"enemies":"Book of Stabbing","floor":27.0,"turns":2.0},{"damage":2.0,"enemies":"Gremlin Leader","floor":28.0,"turns":3.0},{"damage":0.0,"enemies":"Slavers","floor":31.0,"turns":4.0},{"damage":0.0,"enemies":"Champ","floor":33.0,"turns":3.0},{"damage":0.0,"enemies":"3 Shapes","floor":35.0,"turns":3.0},{"damage":0.0,"enemies":"Orb Walker","floor":37.0,"turns":3.0},{"damage":0.0,"enemies":"Nemesis","floor":40.0,"turns":3.0},{"damage":3.0,"enemies":"Giant Head","floor":41.0,"turns":3.0},{"damage":0.0,"enemies":"Nemesis","floor":42.0,"turns":5.0},{"damage":0.0,"enemies":"Reptomancer","floor":44.0,"turns":2.0},{"damage":8.0,"enemies":"Giant Head","floor":46.0,"turns":5.0},{"damage":31.0,"enemies":"Nemesis","floor":48.0,"turns":5.0},{"damage":0.0,"enemies":"Time Eater","floor":50.0,"turns":4.0},{"damage":37.0,"enemies":"Awakened One","floor":51.0,"turns":7.0},{"damage":6.0,"enemies":"Shield and Spear","floor":55.0,"turns":2.0},{"damage":22,"enemies":"The Heart","floor":56,"turns":5}],"seed_played":"777654418","potions_obtained":[{"floor":1.0,"key":"Ancient Potion"},{"floor":3.0,"key":"Swift Potion"},{"floor":14.0,"key":"Dexterity Potion"},{"floor":20.0,"key":"Dexterity Potion"},{"floor":31.0,"key":"EssenceOfSteel"},{"floor":33.0,"key":"Energy Potion"},{"floor":35.0,"key":"SkillPotion"},{"floor":42.0,"key":"Swift Potion"},{"floor":44.0,"key":"PowerPotion"}],"is_trial":false,"path_per_floor":["M","$","M","M","?","E","R","E","T","E","$","E","M","E","R","B",null,"M","?","M","?","?","E","M","E","T","E","E","$","R","E","R","B",null,"M","$","M","?","$","E","E","E","T","E","T","E","?","E","R","B","B",null,"R","$","E","B",null],"character_chosen":"IRONCLAD","items_purchased":["Corruption","Feel No Pain","ClockworkSouvenir","Strawberry","OrangePellets","Battle Trance+1"],"campfire_rested":0,"item_purchase_floors":[2,11,36,36,54,54],"current_hp_per_floor":[66,66,66,66,59,24,24,24,24,24,24,24,22,22,22,22,62,60,60,60,39,39,39,39,33,33,33,31,31,31,31,31,31,64,68,75,78,78,78,81,82,86,86,90,90,86,76,61,61,61,40,97,97,97,91,69],"gold":106,"neow_bonus":"BOSS_RELIC","is_prod":false,"is_daily":false,"chose_seed":true,"campfire_upgraded":5,"win_rate":0,"timestamp":1554456181,"path_taken":["M","$","M","M","?","E","R","E","T","E","$","E","M","E","R","BOSS","M","?","M","?","?","E","M","E","T","E","E","$","R","E","R","BOSS","M","$","M","?","?","E","E","E","T","E","?","E","?","E","R","BOSS","BOSS","R","$","E","BOSS"],"build_version":"2019-04-04","purchased_purges":5,"victory":true,"max_hp_per_floor":[75,75,75,75,75,75,75,75,75,75,75,75,75,75,75,75,75,75,75,75,75,75,75,75,75,75,75,75,75,75,75,75,75,75,79,86,89,89,89,92,96,100,100,104,104,108,108,112,112,112,116,116,116,116,116,116],"card_choices":[{"not_picked":["Infernal Blade","Flame Barrier"],"picked":"Power Through","floor":1.0},{"not_picked":["Bloodletting","Twin Strike"],"picked":"Warcry","floor":3.0},{"not_picked":["Heavy Blade","Sever Soul"],"picked":"Second Wind","floor":4.0},{"not_picked":["Perfected Strike","Iron Wave","Uppercut"],"picked":"SKIP","floor":6.0},{"not_picked":["Headbutt","Carnage","Whirlwind"],"picked":"SKIP","floor":8.0},{"not_picked":["True Grit+1","Flex+1"],"picked":"Shockwave+1","floor":10.0},{"not_picked":["Bloodletting+1","Searing Blow","Ghostly Armor+1"],"picked":"SKIP","floor":12.0},{"not_picked":["Headbutt","Warcry+1"],"picked":"Shrug It Off+1","floor":13.0},{"not_picked":["Whirlwind","Rampage","Second Wind+1"],"picked":"SKIP","floor":14.0},{"not_picked":["Pummel+1","Headbutt"],"picked":"Havoc+1","floor":18.0},{"not_picked":["Combust","Warcry+1"],"picked":"Armaments+1","floor":20.0},{"not_picked":["Rage+1","Rampage","Clothesline"],"picked":"SKIP","floor":23.0},{"not_picked":["Combust","Corruption+1","Pummel"],"picked":"SKIP","floor":24.0},{"not_picked":["Armaments+1","Barricade","Flame Barrier+1"],"picked":"SKIP","floor":25.0},{"not_picked":["Heavy Blade","Pommel Strike","Clash"],"picked":"SKIP","floor":27.0},{"not_picked":["Heavy Blade+1","Anger","Dropkick"],"picked":"SKIP","floor":28.0},{"not_picked":["Warcry+1","Shockwave+1","Power Through+1"],"picked":"SKIP","floor":31.0},{"not_picked":["Searing Blow","Hemokinesis+1"],"picked":"Feed","floor":34.0},{"not_picked":["Clash","Twin Strike"],"picked":"True Grit+1","floor":35.0},{"not_picked":["Rage+1","Sentinel+1"],"picked":"Entrench+1","floor":37.0},{"not_picked":["Fiend Fire","Warcry+1","Wild Strike"],"picked":"SKIP","floor":40.0},{"not_picked":["Clash","Cleave","Rage+1"],"picked":"SKIP","floor":41.0},{"not_picked":["Pummel","Uppercut","Rage+1"],"picked":"SKIP","floor":42.0},{"not_picked":["Clothesline","Ghostly Armor+1","Havoc+1"],"picked":"SKIP","floor":44.0},{"not_picked":["Infernal Blade+1","Bludgeon","Thunderclap"],"picked":"SKIP","floor":46.0},{"not_picked":["Enlightenment+1","Discovery+1"],"picked":"Dark Shackles+1","floor":47.0},{"not_picked":["Juggernaut","Anger+1","Headbutt"],"picked":"SKIP","floor":48.0},{"not_picked":["Sword Boomerang","Twin Strike"],"picked":"Bloodletting+1","floor":55.0}],"player_experience":2989376,"relics_obtained":[{"floor":6.0,"key":"Dead Branch"},{"floor":8.0,"key":"Kunai"},{"floor":9.0,"key":"Toxic Egg 2"},{"floor":10.0,"key":"WingedGreaves"},{"floor":12.0,"key":"Pen Nib"},{"floor":14.0,"key":"MawBank"},{"floor":21.0,"key":"Enchiridion"},{"floor":23.0,"key":"Matryoshka"},{"floor":25.0,"key":"Du-Vu Doll"},{"floor":26.0,"key":"PreservedInsect"},{"floor":27.0,"key":"Self Forming Clay"},{"floor":28.0,"key":"Bag of Marbles"},{"floor":31.0,"key":"Turnip"},{"floor":40.0,"key":"Oddly Smooth Stone"},{"floor":41.0,"key":"Whetstone"},{"floor":42.0,"key":"Art of War"},{"floor":43.0,"key":"Meat on the Bone"},{"floor":43.0,"key":"Juzu Bracelet"},{"floor":44.0,"key":"Bronze Scales"},{"floor":45.0,"key":"Smiling Mask"},{"floor":46.0,"key":"Orichalcum"},{"floor":48.0,"key":"Gremlin Horn"},{"floor":55.0,"key":"Mercury Hourglass"}],"event_choices":[{"cards_removed":["Strike_R"],"damage_healed":0.0,"max_hp_gain":0.0,"max_hp_loss":0.0,"gold_gain":0.0,"event_name":"Golden Wing","player_choice":"Card Removal","floor":5.0,"gold_loss":0.0,"damage_taken":7.0},{"cards_removed":["Bash"],"damage_healed":0.0,"max_hp_gain":0.0,"max_hp_loss":0.0,"gold_gain":0.0,"event_name":"Back to Basics","player_choice":"Elegance","floor":19.0,"gold_loss":0.0,"damage_taken":0.0},{"damage_healed":0.0,"max_hp_gain":0.0,"max_hp_loss":0.0,"gold_gain":0.0,"event_name":"Cursed Tome","player_choice":"Obtained Book","floor":21.0,"gold_loss":0.0,"damage_taken":21.0},{"damage_healed":0.0,"max_hp_gain":0.0,"max_hp_loss":0.0,"gold_gain":0.0,"event_name":"The Library","player_choice":"Read","floor":22.0,"gold_loss":0.0,"damage_taken":0.0,"cards_obtained":["Body Slam"]},{"damage_healed":0.0,"max_hp_gain":0.0,"max_hp_loss":0.0,"gold_gain":275.0,"event_name":"Golden Shrine","player_choice":"Desecrate","floor":38.0,"gold_loss":0.0,"damage_taken":0.0,"cards_obtained":["Regret"]},{"damage_healed":0.0,"max_hp_gain":0.0,"max_hp_loss":0.0,"gold_gain":0.0,"event_name":"SensoryStone","player_choice":"Memory 3","floor":47.0,"gold_loss":0.0,"damage_taken":10.0}],"is_beta":true,"boss_relics":[{"not_picked":["Astrolabe","Velvet Choker"],"picked":"Cursed Key"},{"not_picked":["Empty Cage","Pandora\u0027s Box"],"picked":"Orrery"}],"items_purged_floors":[11,29,36,39,54],"is_endless":false,"potions_floor_spawned":[1,3,8,14,18,20,31,33,35,37,41,42,44],"ascension_level":20}