{"gold_per_floor":[119,119,119,119,30,64,80,80,128,128,128,144,69,119,119,196,196,216,230,80,80,80,80,90,15,63,63,89,103,103,116,116,190,190,202,253,253,269,285,320,320,349,349,363,377,377,390,410,410,410],"floor_reached":50,"playtime":2353,"items_purged":["Strike_B","Strike_B"],"score":1190,"play_id":"ae6ceb96-5a2c-43cc-86b8-081d160605dc","local_time":"20190917143306","is_ascension_mode":true,"campfire_choices":[{"data":"Zap","floor":8.0,"key":"SMITH"},{"data":"Defragment","floor":10.0,"key":"SMITH"},{"data":"Coolheaded","floor":15.0,"key":"SMITH"},{"data":"Dualcast","floor":23.0,"key":"SMITH"},{"data":"Beam Cell","floor":27.0,"key":"SMITH"},{"data":"Turbo","floor":32.0,"key":"SMITH"},{"data":"Recycle","floor":41,"key":"SMITH"},{"data":"Fission","floor":46,"key":"SMITH"},{"floor":49,"key":"RECALL"}],"neow_cost":"NONE","seed_source_timestamp":591434778966035,"circlet_count":0,"master_deck":["AscendersBane","Defend_B+1","Defend_B+1","Zap+1","Dualcast+1","Coolheaded+1","Multi-Cast","Defragment+1","Gash+1","Self Repair","Beam Cell+1","Core Surge","Force Field+1","Hologram","Cold Snap","Turbo+1","Hologram+1","Meteor Strike","Blizzard+1","Steam Power+1","Seek+1","Turbo","Recycle+1","Undo+1","Fission+1"],"special_seed":0,"relics":["Cracked Core","NeowsBlessing","Lizard Tail","Whetstone","Runic Pyramid","Bag of Marbles","StrikeDummy","Enchiridion","Astrolabe","Emotion Chip","Potion Belt","Orichalcum"],"potions_floor_usage":[48],"damage_taken":[{"damage":0.0,"enemies":"Small Slimes","floor":1.0,"turns":1.0},{"damage":0.0,"enemies":"Gremlin Nob","floor":6.0,"turns":1.0},{"damage":0.0,"enemies":"2 Louse","floor":7.0,"turns":1.0},{"damage":7.0,"enemies":"Jaw Worm","floor":12.0,"turns":3.0},{"damage":35.0,"enemies":"The Guardian","floor":16.0,"turns":12.0},{"damage":5.0,"enemies":"Spheric Guardian","floor":18.0,"turns":5.0},{"damage":4.0,"enemies":"Chosen","floor":19.0,"turns":5.0},{"damage":5.0,"enemies":"Centurion and Healer","floor":24.0,"turns":7.0},{"damage":52.0,"enemies":"Gremlin Leader","floor":28.0,"turns":10.0},{"damage":5.0,"enemies":"Sentry and Sphere","floor":29.0,"turns":8.0},{"damage":0.0,"enemies":"Shelled Parasite and Fungi","floor":31.0,"turns":3.0},{"damage":0.0,"enemies":"Automaton","floor":33.0,"turns":13.0},{"damage":2.0,"enemies":"Orb Walker","floor":35.0,"turns":3.0},{"damage":42.0,"enemies":"2 Orb Walkers","floor":36.0,"turns":6.0},{"damage":7.0,"enemies":"3 Shapes","floor":38.0,"turns":4.0},{"damage":20.0,"enemies":"Writhing Mass","floor":39.0,"turns":3.0},{"damage":52,"enemies":"Giant Head","floor":40,"turns":8},{"damage":5,"enemies":"Reptomancer","floor":42,"turns":5},{"damage":7,"enemies":"Maw","floor":44,"turns":8},{"damage":20,"enemies":"3 Darklings","floor":45,"turns":7},{"damage":0,"enemies":"4 Shapes","floor":47,"turns":5},{"damage":1,"enemies":"Sphere and 2 Shapes","floor":48,"turns":6},{"damage":68,"enemies":"Time Eater","floor":50,"turns":13}],"seed_played":"3258736926405119896","potions_obtained":[{"floor":1.0,"key":"Weak Potion"},{"floor":7.0,"key":"PowerPotion"},{"floor":24.0,"key":"Strength Potion"},{"floor":35.0,"key":"EssenceOfSteel"},{"floor":36.0,"key":"LiquidBronze"},{"floor":44,"key":"FearPotion"},{"floor":45,"key":"GamblersBrew"},{"floor":47,"key":"PowerPotion"}],"is_trial":false,"path_per_floor":["M","?","?","?","$","E","M","R","T","R","?","M","$","?","R","B",null,"M","M","$","?","?","R","M","?","T","R","E","M","?","M","R","B",null,"M","?","?","M","M","E","R","E","T","M","M","R","M","M","R","B"],"character_chosen":"DEFECT","items_purchased":["Defragment","Cold Snap"],"campfire_rested":0,"item_purchase_floors":[5,20],"current_hp_per_floor":[64,64,64,69,69,69,69,69,69,69,46,46,46,46,46,18,62,64,67,67,67,67,67,69,69,69,69,24,26,5,19,19,26,64,69,34,34,34,21,45,45,47,47,47,34,34,41,54,54,0],"gold":410,"neow_bonus":"THREE_ENEMY_KILL","is_prod":false,"is_daily":false,"chose_seed":false,"campfire_upgraded":8,"win_rate":0,"timestamp":1568701986,"path_taken":["M","?","?","?","$","E","?","R","T","R","?","M","$","?","R","BOSS","M","M","$","?","?","R","M","?","T","R","E","M","?","M","R","BOSS","M","?","?","M","M","E","R","E","T","?","M","R","M","M","R","BOSS"],"build_version":"2019-09-16","purchased_purges":2,"victory":false,"max_hp_per_floor":[71,71,71,76,76,76,76,76,76,76,76,76,76,76,76,76,76,76,76,76,76,76,76,76,76,76,76,76,76,76,76,76,76,76,76,76,76,76,76,76,76,76,76,76,76,76,76,76,76,76],"card_choices":[{"not_picked":["Storm","Force Field"],"picked":"Coolheaded","floor":1.0},{"not_picked":["Redo","Stack"],"picked":"Gash","floor":6.0},{"not_picked":["Leap","Turbo"],"picked":"Self Repair","floor":7.0},{"not_picked":["Reinforced Body","Melter"],"picked":"Beam Cell","floor":12.0},{"not_picked":["Thunder Strike","Rainbow"],"picked":"Core Surge","floor":16.0},{"not_picked":["Loop","Reinforced Body"],"picked":"Force Field+1","floor":18.0},{"not_picked":["Self Repair","Reinforced Body"],"picked":"Hologram","floor":19.0},{"not_picked":["Stack","Beam Cell"],"picked":"Turbo","floor":24.0},{"not_picked":["Hyperbeam","Darkness"],"picked":"Go for the Eyes","floor":28.0},{"not_picked":["Cold Snap","Rebound"],"picked":"Hologram+1","floor":29.0},{"not_picked":["Rip and Tear","Rebound+1","FTL"],"picked":"SKIP","floor":31.0},{"not_picked":["Biased Cognition","Hyperbeam"],"picked":"Meteor Strike","floor":33.0},{"not_picked":["Blizzard+1","Cold Snap+1"],"picked":"Turbo","floor":35.0},{"not_picked":["Leap","Rebound"],"picked":"Recycle","floor":38.0},{"not_picked":["Gash","FTL","Beam Cell"],"picked":"SKIP","floor":39.0},{"not_picked":["Stack","Darkness+1","Force Field"],"picked":"SKIP","floor":40},{"not_picked":["Lockon","Redo+1"],"picked":"Undo+1","floor":42},{"not_picked":["Sweeping Beam","Conserve Battery"],"picked":"Fission","floor":44},{"not_picked":["Steam","Hologram","Static Discharge"],"picked":"SKIP","floor":45},{"not_picked":["Gash","Leap","Hologram"],"picked":"SKIP","floor":47},{"not_picked":["Turbo+1","Ball Lightning","Stack"],"picked":"SKIP","floor":48}],"player_experience":808546,"relics_obtained":[{"floor":6.0,"key":"Lizard Tail"},{"floor":9.0,"key":"Whetstone"},{"floor":26.0,"key":"Bag of Marbles"},{"floor":28.0,"key":"StrikeDummy"},{"floor":30.0,"key":"Enchiridion"},{"floor":36.0,"key":"Emotion Chip"},{"floor":40,"key":"Potion Belt"},{"floor":42,"key":"Orichalcum"}],"event_choices":[{"damage_healed":0.0,"max_hp_gain":0.0,"max_hp_loss":0.0,"gold_gain":0.0,"event_name":"Liars Game","player_choice":"Ignored","floor":2.0,"gold_loss":0.0,"damage_taken":0.0},{"damage_healed":0.0,"max_hp_gain":0.0,"max_hp_loss":0.0,"gold_gain":0.0,"cards_transformed":["Strike_B"],"event_name":"Living Wall","player_choice":"Change","floor":3.0,"gold_loss":0.0,"damage_taken":0.0,"cards_obtained":["Multi-Cast"]},{"damage_healed":0.0,"max_hp_gain":5.0,"max_hp_loss":0.0,"gold_gain":0.0,"event_name":"Big Fish","player_choice":"Donut","floor":4.0,"gold_loss":0.0,"damage_taken":0.0},{"damage_healed":0.0,"max_hp_gain":0.0,"max_hp_loss":0.0,"gold_gain":0.0,"event_name":"Shining Light","player_choice":"Entered Light","floor":11.0,"gold_loss":0.0,"damage_taken":23.0,"cards_upgraded":["Defend_B","Defend_B"]},{"damage_healed":0.0,"max_hp_gain":0.0,"max_hp_loss":0.0,"gold_gain":50.0,"event_name":"Golden Shrine","player_choice":"Pray","floor":14.0,"gold_loss":0.0,"damage_taken":0.0},{"damage_healed":0.0,"max_hp_gain":0.0,"max_hp_loss":0.0,"gold_gain":0.0,"event_name":"Vampires","player_choice":"Ignored","floor":21.0,"gold_loss":0.0,"damage_taken":0.0},{"cards_removed":["Defend_B"],"damage_healed":0.0,"max_hp_gain":0.0,"max_hp_loss":0.0,"gold_gain":0.0,"event_name":"Beggar","player_choice":"Gave Gold","floor":25.0,"gold_loss":75.0,"damage_taken":0.0},{"damage_healed":0.0,"max_hp_gain":0.0,"max_hp_loss":0.0,"gold_gain":0.0,"event_name":"Cursed Tome","player_choice":"Obtained Book","floor":30.0,"gold_loss":0.0,"damage_taken":21.0},{"damage_healed":0.0,"max_hp_gain":0.0,"max_hp_loss":0.0,"gold_gain":0.0,"event_name":"Mysterious Sphere","player_choice":"Fight","floor":36.0,"gold_loss":0.0,"damage_taken":0.0},{"damage_healed":0.0,"max_hp_gain":0.0,"max_hp_loss":0.0,"gold_gain":0.0,"event_name":"Tomb of Lord Red Mask","player_choice":"Ignored","floor":37.0,"gold_loss":0.0,"damage_taken":0.0}],"is_beta":true,"boss_relics":[{"not_picked":["Inserter","SacredBark"],"picked":"Runic Pyramid"},{"not_picked":["Calling Bell","Busted Crown"],"picked":"Astrolabe"}],"items_purged_floors":[13,20],"is_endless":false,"potions_floor_spawned":[1,7,24,29,35,36,44,45,47],"killed_by":"Time Eater","ascension_level":20}