{"gold_per_floor":[110,122,122,122,142,142,159,192,261,96,126,26,26,26],"floor_reached":14,"playtime":594,"items_purged":["Strike_G","Strike_G"],"score":196,"play_id":"a47c28b0-cc97-4745-a115-f916d1d4940d","local_time":"20190320102656","is_ascension_mode":true,"campfire_choices":[{"data":"Reflex","floor":6.0,"key":"SMITH"},{"data":"Well Laid Plans","floor":13,"key":"SMITH"}],"neow_cost":"PERCENT_DAMAGE","seed_source_timestamp":586675290820144,"circlet_count":0,"master_deck":["AscendersBane","Defend_G","Defend_G","Defend_G+1","Defend_G","Strike_G","Strike_G+1","Survivor","Neutralize","Malaise","Escape Plan","Reflex+1","Well Laid Plans+1","PiercingWail"],"special_seed":0,"relics":["Ring of the Snake","Tingsha","Bag of Preparation","Matryoshka","Regal Pillow"],"potions_floor_usage":[11],"damage_taken":[{"damage":0.0,"enemies":"2 Louse","floor":1.0,"turns":2.0},{"damage":1.0,"enemies":"Jaw Worm","floor":2.0,"turns":4.0},{"damage":0.0,"enemies":"Cultist","floor":5.0,"turns":4.0},{"damage":0.0,"enemies":"Blue Slaver","floor":7.0,"turns":5.0},{"damage":11.0,"enemies":"Lagavulin","floor":8.0,"turns":6.0},{"damage":10,"enemies":"3 Sentries","floor":11,"turns":9},{"damage":1,"enemies":"Gremlin Gang","floor":14,"turns":3}],"seed_played":"915616278465612335","potions_obtained":[{"floor":1.0,"key":"AttackPotion"},{"floor":7.0,"key":"SkillPotion"}],"is_trial":false,"path_per_floor":["M","M","?","?","M","R","M","E","T","$","E","$","R","M"],"character_chosen":"THE_SILENT","items_purchased":["Well Laid Plans","PowerPotion"],"campfire_rested":0,"item_purchase_floors":[10,10],"current_hp_per_floor":[44,43,23,23,23,23,23,12,12,12,2,2,2,1],"gold":26,"neow_bonus":"TRANSFORM_TWO_CARDS","is_prod":false,"is_daily":false,"chose_seed":false,"campfire_upgraded":2,"win_rate":0,"timestamp":1553048816,"path_taken":["M","M","?","?","M","R","?","E","T","$","E","$","R","M"],"build_version":"2019-03-15","purchased_purges":2,"victory":false,"max_hp_per_floor":[66,66,66,66,66,66,66,66,66,66,66,66,66,66],"card_choices":[{"not_picked":["Blur","Poisoned Stab"],"picked":"Escape Plan","floor":1.0},{"not_picked":["Quick Slash","Slice"],"picked":"Reflex","floor":2.0},{"not_picked":["Dagger Spray","Flying Knee","Cloak And Dagger"],"picked":"SKIP","floor":5.0},{"not_picked":["Dodge and Roll","Cloak And Dagger","Poisoned Stab"],"picked":"SKIP","floor":7.0},{"not_picked":["Distraction","Dagger Throw","Flying Knee"],"picked":"SKIP","floor":8.0},{"not_picked":["Doppelganger","All Out Attack"],"picked":"PiercingWail","floor":11}],"player_experience":2953421,"relics_obtained":[{"floor":8.0,"key":"Bag of Preparation"},{"floor":9.0,"key":"Matryoshka"},{"floor":11,"key":"Regal Pillow"}],"event_choices":[{"damage_healed":0.0,"max_hp_gain":0.0,"max_hp_loss":0.0,"gold_gain":0.0,"event_name":"Shining Light","player_choice":"Entered Light","floor":3.0,"gold_loss":0.0,"damage_taken":20.0,"cards_upgraded":["Strike_G","Defend_G"]},{"cards_removed":["Poisoned Stab"],"damage_healed":0.0,"max_hp_gain":0.0,"max_hp_loss":0.0,"gold_gain":0.0,"event_name":"WeMeetAgain","player_choice":"Gave Card","floor":4.0,"gold_loss":0.0,"damage_taken":0.0,"relics_obtained":["Tingsha"]}],"is_beta":true,"boss_relics":[],"items_purged_floors":[10,12],"is_endless":false,"potions_floor_spawned":[1,7],"killed_by":"Gremlin Gang","ascension_level":20}