{"gold_per_floor":[365,16,35,55,55,55,85,85,85,10,26,39,56,11,11,115,115,129,228,22,33,33,33,33,51,77,77,96,21,37,37,37,137,137,150,163,75,75,92,119,134,160,206,306,11,11,31,31,31,31],"floor_reached":51,"playtime":3419,"items_purged":["Strike_P","Strike_P","Defend_P","Strike_P","Weave+1","TalkToTheHand+1"],"score":1286,"play_id":"40647df0-1d99-4edf-8270-059e2470c14f","local_time":"20190911110319","is_ascension_mode":true,"campfire_choices":[{"data":"Vigilance","floor":6.0,"key":"SMITH"},{"data":"EmptyFist","floor":8.0,"key":"SMITH"},{"data":"TalkToTheHand","floor":15.0,"key":"SMITH"},{"data":"FlowState","floor":24.0,"key":"SMITH"},{"data":"EmptyMind","floor":27.0,"key":"SMITH"},{"data":"Meditate","floor":32.0,"key":"SMITH"},{"data":"Finesse","floor":46,"key":"SMITH"},{"data":"EmptyBody","floor":49,"key":"SMITH"}],"neow_cost":"TEN_PERCENT_HP_LOSS","seed_source_timestamp":2323703535732100,"circlet_count":0,"master_deck":["AscendersBane","Vigilance+1","EmptyFist+1","Adaptation+1","Finesse+1","EmptyBody+1","EmptyMind+1","Fasting","Protect","FlowState+1","Meditate+1","Establishment"],"special_seed":0,"relics":["PureWater","Membership Card","Omamori","Mercury Hourglass","Ancient Tea Set","Runic Dome","Orrery","Art of War","Akabeko","Pandora\u0027s Box","Darkstone Periapt","InkBottle","Blood Vial","Pocketwatch","PrismaticShard","Whetstone"],"potions_floor_usage":[50,50,50],"damage_taken":[{"damage":3.0,"enemies":"Jaw Worm","floor":1.0,"turns":5.0},{"damage":0.0,"enemies":"Small Slimes","floor":3.0,"turns":2.0},{"damage":6.0,"enemies":"2 Louse","floor":4.0,"turns":3.0},{"damage":22.0,"enemies":"Gremlin Nob","floor":7.0,"turns":5.0},{"damage":2.0,"enemies":"2 Fungi Beasts","floor":11.0,"turns":4.0},{"damage":13.0,"enemies":"Lots of Slimes","floor":12.0,"turns":4.0},{"damage":0.0,"enemies":"Large Slime","floor":13.0,"turns":4.0},{"damage":2.0,"enemies":"Hexaghost","floor":16.0,"turns":7.0},{"damage":0.0,"enemies":"Spheric Guardian","floor":18.0,"turns":4.0},{"damage":10.0,"enemies":"Chosen","floor":21.0,"turns":3.0},{"damage":0.0,"enemies":"3 Cultists","floor":25.0,"turns":3.0},{"damage":0.0,"enemies":"Snake Plant","floor":28.0,"turns":4.0},{"damage":13.0,"enemies":"Chosen and Byrds","floor":30.0,"turns":2.0},{"damage":11.0,"enemies":"Champ","floor":33.0,"turns":3.0},{"damage":3.0,"enemies":"Orb Walker","floor":35.0,"turns":3.0},{"damage":6.0,"enemies":"3 Shapes","floor":36.0,"turns":4.0},{"damage":14.0,"enemies":"Sphere and 2 Shapes","floor":39.0,"turns":2.0},{"damage":0,"enemies":"Nemesis","floor":40,"turns":3},{"damage":0,"enemies":"Jaw Worm Horde","floor":41,"turns":1},{"damage":10,"enemies":"Giant Head","floor":42,"turns":2},{"damage":0,"enemies":"Mind Bloom Boss Battle","floor":44,"turns":1},{"damage":0,"enemies":"Maw","floor":47,"turns":1},{"damage":0,"enemies":"Donu and Deca","floor":50,"turns":1}],"seed_played":"-4558251587700796670","potions_obtained":[{"floor":1.0,"key":"AttackPotion"},{"floor":3.0,"key":"SkillPotion"},{"floor":12.0,"key":"Weak Potion"},{"floor":16.0,"key":"Block Potion"},{"floor":18.0,"key":"Regen Potion"},{"floor":25.0,"key":"Dexterity Potion"},{"floor":28.0,"key":"Poison Potion"},{"floor":36.0,"key":"LiquidBronze"},{"floor":39.0,"key":"SpeedPotion"}],"is_trial":false,"path_per_floor":["M","$","M","M","?","R","E","R","T","$","M","M","M","$","R","B",null,"M","?","$","M","?","?","R","M","T","R","M","$","M","?","R","B",null,"M","M","$","?","M","E","M","E","T","?","$","R","M","?","R","B",null],"character_chosen":"WATCHER","items_purchased":["Membership Card","Adaptation","Finesse","Omamori","EmptyMind","SteroidPotion","Fasting","FlowState","Orrery","PrismaticShard","DuplicationPotion","Whetstone"],"campfire_rested":0,"item_purchase_floors":[2,2,2,2,10,14,14,20,20,45,45,45],"current_hp_per_floor":[56,56,56,50,43,43,21,21,21,21,19,6,6,6,6,4,45,45,45,45,44,44,44,44,44,44,44,44,44,31,31,31,20,49,46,40,40,40,26,26,26,16,16,18,18,18,20,20,20,22],"gold":31,"neow_bonus":"TWO_FIFTY_GOLD","is_prod":false,"is_daily":false,"chose_seed":false,"campfire_upgraded":8,"win_rate":1,"timestamp":1568170999,"path_taken":["M","$","M","M","?","R","E","R","T","$","M","M","M","?","R","BOSS","M","?","$","M","?","?","R","M","T","R","M","$","M","?","R","BOSS","M","?","$","?","?","E","M","E","T","?","$","R","M","?","R","BOSS"],"build_version":"2019-09-10","purchased_purges":6,"victory":true,"max_hp_per_floor":[59,59,59,59,59,59,59,59,59,59,59,59,59,59,59,59,59,59,59,59,59,59,59,59,59,59,59,59,59,59,59,59,59,59,59,59,59,59,59,59,59,59,59,59,59,59,59,59,59,59],"card_choices":[{"not_picked":["Prostrate","CutThroughFate"],"picked":"EmptyFist","floor":1.0},{"not_picked":["Swivel","FlyingSleeves","BowlingBash"],"picked":"SKIP","floor":3.0},{"not_picked":["JustLucky","ClearTheMind"],"picked":"EmptyBody","floor":4.0},{"not_picked":["FollowUp","Alpha","CrushJoints"],"picked":"SKIP","floor":7.0},{"not_picked":["Tantrum","FlyingSleeves","CrushJoints"],"picked":"SKIP","floor":11.0},{"not_picked":["EmptyBody","BowlingBash","Wireheading"],"picked":"SKIP","floor":12.0},{"not_picked":["InnerPeace","FlurryOfBlows"],"picked":"TalkToTheHand","floor":13.0},{"not_picked":["CutThroughFate","WreathOfFlame"],"picked":"Protect","floor":18.0},{"not_picked":["Devotion","FearNoEvil"],"picked":"Meditate","floor":20.0},{"not_picked":["Worship+1","Halt+1","Ragnarok"],"picked":"SKIP","floor":21.0},{"not_picked":["FlyingSleeves","CleanseEvil","Collect+1"],"picked":"SKIP","floor":25.0},{"not_picked":["EmptyFist","Vengeance","Weave+1"],"picked":"SKIP","floor":28.0},{"not_picked":["EmptyFist","Vengeance"],"picked":"Weave+1","floor":28.0},{"not_picked":["EmptyBody+1","FollowUp"],"picked":"Establishment","floor":30.0},{"not_picked":["Wireheading+1","CrushJoints","Protect+1"],"picked":"SKIP","floor":35.0},{"not_picked":["FlyingSleeves","FearNoEvil+1","EmptyMind"],"picked":"SKIP","floor":36.0},{"not_picked":["Adaptation","EmptyFist+1","CutThroughFate+1"],"picked":"SKIP","floor":39.0},{"not_picked":["EmptyFist","TalkToTheHand","FlowState"],"picked":"SKIP","floor":40},{"not_picked":["EmptyFist","Wireheading+1","Clarity"],"picked":"SKIP","floor":41},{"not_picked":["Weave","Tantrum+1","CrushJoints"],"picked":"SKIP","floor":42},{"not_picked":["Meditate+1","Clash","Adaptation+1"],"picked":"SKIP","floor":47}],"player_experience":3262444,"relics_obtained":[{"floor":7.0,"key":"Mercury Hourglass"},{"floor":9.0,"key":"Ancient Tea Set"},{"floor":26.0,"key":"Art of War"},{"floor":40,"key":"Darkstone Periapt"},{"floor":42,"key":"InkBottle"},{"floor":43,"key":"Blood Vial"},{"floor":44,"key":"Pocketwatch"}],"event_choices":[{"cards_removed":["Defend_P"],"damage_healed":0.0,"max_hp_gain":0.0,"max_hp_loss":0.0,"gold_gain":0.0,"event_name":"Golden Wing","player_choice":"Card Removal","floor":5.0,"gold_loss":0.0,"damage_taken":7.0},{"damage_healed":0.0,"max_hp_gain":0.0,"max_hp_loss":0.0,"gold_gain":99.0,"event_name":"Nest","player_choice":"Stole From Cult","floor":19.0,"gold_loss":0.0,"damage_taken":0.0},{"damage_healed":0.0,"max_hp_gain":0.0,"max_hp_loss":0.0,"gold_gain":0.0,"event_name":"Forgotten Altar","player_choice":"Smashed Altar","floor":22.0,"gold_loss":0.0,"damage_taken":0.0,"cards_obtained":["Decay"]},{"cards_removed":["Eruption"],"damage_healed":0.0,"max_hp_gain":0.0,"max_hp_loss":0.0,"gold_gain":0.0,"event_name":"Back to Basics","player_choice":"Elegance","floor":23.0,"gold_loss":0.0,"damage_taken":0.0},{"damage_healed":0.0,"max_hp_gain":0.0,"max_hp_loss":0.0,"gold_gain":0.0,"event_name":"WeMeetAgain","player_choice":"Gave Potion","floor":31.0,"gold_loss":0.0,"damage_taken":0.0,"relics_obtained":["Akabeko"]},{"damage_healed":0.0,"max_hp_gain":0.0,"max_hp_loss":0.0,"gold_gain":0.0,"event_name":"Match and Keep!","player_choice":"0 cards matched","floor":38.0,"gold_loss":0.0,"damage_taken":0.0,"cards_obtained":[]},{"damage_healed":0,"gold_gain":0,"player_choice":"Fight","damage_taken":0,"max_hp_gain":0,"max_hp_loss":0,"event_name":"MindBloom","floor":44,"gold_loss":0},{"damage_healed":0,"gold_gain":0,"player_choice":"Forge","damage_taken":0,"max_hp_gain":0,"max_hp_loss":0,"event_name":"Accursed Blacksmith","floor":48,"gold_loss":0,"cards_upgraded":["Adaptation"]}],"is_beta":true,"boss_relics":[{"not_picked":["Sozu","Black Star"],"picked":"Runic Dome"},{"not_picked":["Fusion Hammer","Velvet Choker"],"picked":"Pandora\u0027s Box"}],"items_purged_floors":[2,10,20,29,37,45],"is_endless":false,"potions_floor_spawned":[1,3,12,16,18,25,28,36,39],"ascension_level":10}