{"gold_per_floor":[111,36,36,36,53,53,63,63,63,63,63,63,89,89],"floor_reached":14,"playtime":273,"items_purged":["Strike_B"],"score":172,"play_id":"a41b0bed-f815-4650-ac82-2dba955c7715","local_time":"20190531211406","is_ascension_mode":true,"campfire_choices":[{"data":"Turbo","floor":6,"key":"SMITH"},{"data":"Zap","floor":8,"key":"SMITH"},{"data":"Dualcast","floor":10,"key":"SMITH"},{"data":"Hologram","floor":12,"key":"SMITH"}],"neow_cost":"TEN_PERCENT_HP_LOSS","seed_source_timestamp":1164816300864998,"circlet_count":0,"master_deck":["AscendersBane","Defend_B","Defend_B","Defend_B","Zap+1","Dualcast+1","White Noise","Tempest","Turbo+1","Hologram+1","White Noise"],"relics":["Cracked Core","Cables","Pantograph"],"potions_floor_usage":[13],"damage_taken":[{"damage":12,"enemies":"Jaw Worm","floor":1,"turns":2},{"damage":6,"enemies":"Cultist","floor":5,"turns":4},{"damage":0,"enemies":"2 Louse","floor":7,"turns":1},{"damage":35,"enemies":"3 Sentries","floor":13,"turns":8},{"damage":10,"enemies":"Exordium Thugs","floor":14,"turns":1}],"seed_played":"8647280088784882596","potions_obtained":[{"floor":5,"key":"SkillPotion"},{"floor":13,"key":"Fruit Juice"}],"is_trial":false,"path_per_floor":["M","$","?","?","M","R","M","R","T","R","$","R","E","M"],"character_chosen":"DEFECT","items_purchased":[],"campfire_rested":0,"item_purchase_floors":[],"current_hp_per_floor":[52,52,45,45,39,39,39,39,39,39,39,39,9,0],"gold":89,"neow_bonus":"TRANSFORM_TWO_CARDS","is_prod":false,"is_daily":false,"chose_seed":false,"campfire_upgraded":4,"win_rate":0,"timestamp":1559308446,"path_taken":["M","$","?","?","?","R","M","R","T","R","?","R","E","M"],"build_version":"2019-05-28","purchased_purges":1,"victory":false,"max_hp_per_floor":[64,64,64,64,64,64,64,64,64,64,64,64,69,69],"card_choices":[{"not_picked":["Gash","Sweeping Beam","Redo"],"picked":"SKIP","floor":1},{"not_picked":["Go for the Eyes","Rebound"],"picked":"Turbo","floor":5},{"not_picked":["Doom and Gloom","Double Energy"],"picked":"Hologram","floor":7},{"not_picked":["Aggregate","Conserve Battery"],"picked":"White Noise","floor":13}],"player_experience":3062349,"relics_obtained":[{"floor":9,"key":"Cables"},{"floor":13,"key":"Pantograph"}],"event_choices":[{"cards_removed":["Strike_B"],"damage_healed":0,"gold_gain":0,"player_choice":"Card Removal","damage_taken":7,"max_hp_gain":0,"max_hp_loss":0,"event_name":"Golden Wing","floor":3,"gold_loss":0},{"cards_removed":["Strike_B"],"damage_healed":0,"gold_gain":0,"player_choice":"Offered Basic","damage_taken":0,"max_hp_gain":0,"max_hp_loss":0,"event_name":"Bonfire Elementals","floor":4,"gold_loss":0}],"is_beta":true,"boss_relics":[],"items_purged_floors":[2],"is_endless":false,"potions_floor_spawned":[5,13],"killed_by":"Exordium Thugs","ascension_level":20}