{"gold_per_floor":[109,128,128,53,53,83,109,109,133,160,190,217,251,293,305,395,407,432,444,151,51,67,101,434,464,464,499,526,555,584,459,459,536,536,548,548,604,304,322,348,378,378,378,404,436,469,504,532,532,532,532,532,532,13,43,43],"floor_reached":57,"playtime":1975,"items_purged":["Deadly Poison","Choke","Expertise","Acrobatics","Slice+1"],"score":5079,"play_id":"6a66741f-d0ce-4591-ae5b-ba6da74726ac","local_time":"20190816184203","daily_mods":["SealedDeck","Heirloom","Time Dilation","Flight","DeadlyEvents"],"is_ascension_mode":true,"campfire_choices":[{"data":"Calculated Gamble","floor":8.0,"key":"SMITH"},{"data":"Tactician","floor":15,"key":"SMITH"},{"data":"Reflex","floor":32,"key":"SMITH"},{"floor":49,"key":"RECALL"},{"data":"Well Laid Plans","floor":53,"key":"SMITH"}],"neow_cost":"","seed_source_timestamp":0,"circlet_count":0,"master_deck":["AscendersBane","Backflip","Calculated Gamble+1","Reflex+1","Footwork","Tactician+1","Grand Finale+1","Well Laid Plans+1","Acrobatics+1","Purity+1","Escape Plan+1"],"special_seed":0,"relics":["Ring of the Snake","Torii","Bronze Scales","Centennial Puzzle","Singing Bowl","Nunchaku","Calipers","Meat on the Bone","MawBank","Omamori","Black Star","ClockworkSouvenir","Darkstone Periapt","Bag of Preparation","Unceasing Top","Old Coin","PreservedInsect","Bottled Flame","Whetstone","Sundial","Oddly Smooth Stone","Toxic Egg 2","Red Mask","Bag of Marbles","Vajra","Sozu","Shuriken","Tiny Chest","The Courier","Matryoshka","Pear","Potion Belt","Bottled Tornado","Paper Crane","Gremlin Horn","Snake Skull","Regal Pillow","Pen Nib","Anchor","Dodecahedron","Tingsha","Mango","Lantern","Molten Egg 2","TheAbacus","Kunai","Orichalcum","Incense Burner"],"potions_floor_usage":[56,56],"damage_taken":[{"damage":0.0,"enemies":"Cultist","floor":1.0,"turns":1.0},{"damage":0.0,"enemies":"Jaw Worm","floor":2.0,"turns":1.0},{"damage":0.0,"enemies":"Lagavulin","floor":6.0,"turns":3.0},{"damage":0.0,"enemies":"3 Sentries","floor":7.0,"turns":3.0},{"damage":0,"enemies":"Gremlin Nob","floor":10,"turns":1},{"damage":0,"enemies":"3 Sentries","floor":11,"turns":1},{"damage":0,"enemies":"Gremlin Nob","floor":12,"turns":1},{"damage":0,"enemies":"3 Sentries","floor":13,"turns":2},{"damage":0,"enemies":"Lagavulin","floor":14,"turns":2},{"damage":0,"enemies":"Hexaghost","floor":16,"turns":1},{"damage":0,"enemies":"Spheric Guardian","floor":18,"turns":1},{"damage":0,"enemies":"Shell Parasite","floor":22,"turns":1},{"damage":0,"enemies":"Slavers","floor":23,"turns":1},{"damage":0,"enemies":"Gremlin Leader","floor":24,"turns":1},{"damage":0,"enemies":"Slavers","floor":25,"turns":1},{"damage":0,"enemies":"Gremlin Leader","floor":27,"turns":1},{"damage":0,"enemies":"Slavers","floor":28,"turns":1},{"damage":0,"enemies":"Masked Bandits","floor":29,"turns":1},{"damage":0,"enemies":"Book of Stabbing","floor":30,"turns":1},{"damage":0,"enemies":"Champ","floor":33,"turns":1},{"damage":0,"enemies":"3 Darklings","floor":35,"turns":1},{"damage":0,"enemies":"Reptomancer","floor":37,"turns":1},{"damage":0,"enemies":"3 Shapes","floor":39,"turns":1},{"damage":0,"enemies":"Giant Head","floor":40,"turns":1},{"damage":0,"enemies":"Reptomancer","floor":41,"turns":1},{"damage":0,"enemies":"Giant Head","floor":44,"turns":1},{"damage":0,"enemies":"Reptomancer","floor":45,"turns":1},{"damage":0,"enemies":"Giant Head","floor":46,"turns":1},{"damage":0,"enemies":"Nemesis","floor":47,"turns":1},{"damage":0,"enemies":"Reptomancer","floor":48,"turns":1},{"damage":0,"enemies":"Awakened One","floor":50,"turns":2},{"damage":0,"enemies":"Time Eater","floor":51,"turns":1},{"damage":0,"enemies":"Shield and Spear","floor":55,"turns":1},{"damage":0,"enemies":"The Heart","floor":56,"turns":5}],"seed_played":"8222615944000849819","potions_obtained":[{"floor":1.0,"key":"Fire Potion"},{"floor":2.0,"key":"SkillPotion"},{"floor":12,"key":"GhostInAJar"},{"floor":33,"key":"Block Potion"}],"is_trial":true,"path_per_floor":["M","M","?","?","?","E","E","R","T","E","E","E","E","E","R","B",null,"M","?","$","$","M","E","E","E","T","E","E","?","E","$","R","B",null,"M","?","E","$","M","E","E","?","T","E","E","E","E","E","R","B","B",null,"R","$","E","B",null],"character_chosen":"THE_SILENT","items_purchased":["ClockworkSouvenir","Acrobatics+1","Purity+1","TheAbacus","Kunai"],"campfire_rested":0,"item_purchase_floors":[20,38,38,54,54],"current_hp_per_floor":[59,59,64,64,29,29,31,31,31,33,35,37,51,51,51,53,76,78,53,53,53,55,57,59,61,61,61,63,65,67,67,67,69,97,99,108,110,110,112,114,126,126,126,128,130,132,148,148,148,148,148,148,148,148,150,150],"gold":43,"neow_bonus":"","is_prod":false,"is_daily":false,"chose_seed":false,"campfire_upgraded":4,"win_rate":0,"timestamp":1565952123,"path_taken":["M","?","?","?","?","E","E","R","T","E","E","?","E","E","R","BOSS","M","?","$","$","?","E","E","E","T","E","?","?","E","$","R","BOSS","M","?","?","$","?","E","E","?","T","E","E","E","E","?","R","BOSS","BOSS","R","$","E","BOSS"],"build_version":"2019-08-15","purchased_purges":5,"victory":true,"max_hp_per_floor":[66,66,71,71,71,71,73,73,73,75,77,79,81,81,81,83,83,85,90,90,90,92,94,96,98,98,98,100,102,104,104,104,106,106,108,108,110,110,112,114,126,126,126,128,130,132,148,148,148,148,148,148,148,148,150,150],"card_choices":[{"not_picked":["Underhanded Strike","Skewer"],"picked":"Footwork","floor":1.0},{"not_picked":["Bouncing Flask","Predator"],"picked":"Tactician","floor":2.0},{"not_picked":["Bane","PiercingWail","Acrobatics"],"picked":"SKIP","floor":6.0},{"not_picked":["Endless Agony","Bane","Skewer"],"picked":"Singing Bowl","floor":7.0},{"not_picked":["Corpse Explosion","Blur","Flying Knee"],"picked":"Singing Bowl","floor":10},{"not_picked":["Prepared","Burst","Blade Dance"],"picked":"Singing Bowl","floor":11},{"not_picked":["A Thousand Cuts","Wraith Form v2","Skewer"],"picked":"Singing Bowl","floor":12},{"not_picked":["Finisher","A Thousand Cuts","Heel Hook"],"picked":"Singing Bowl","floor":13},{"not_picked":["Dagger Spray","Noxious Fumes"],"picked":"Grand Finale","floor":14},{"not_picked":["Envenom","A Thousand Cuts","Die Die Die"],"picked":"Singing Bowl","floor":16},{"not_picked":["Dash+1","Calculated Gamble","Outmaneuver"],"picked":"Singing Bowl","floor":18},{"not_picked":["PiercingWail+1","Infinite Blades","Blade Dance"],"picked":"Singing Bowl","floor":22},{"not_picked":["Predator","Finisher","Reflex+1"],"picked":"Singing Bowl","floor":23},{"not_picked":["Deadly Poison","Eviscerate","Choke+1"],"picked":"Singing Bowl","floor":24},{"not_picked":["Slice","A Thousand Cuts","Heel Hook"],"picked":"Singing Bowl","floor":25},{"not_picked":["Dagger Throw","Flechettes+1"],"picked":"Well Laid Plans","floor":27},{"not_picked":["Prepared","Deadly Poison","Dagger Throw"],"picked":"Singing Bowl","floor":28},{"not_picked":["Deadly Poison+1","Eviscerate","Dagger Throw"],"picked":"Singing Bowl","floor":29},{"not_picked":["Outmaneuver+1","After Image","Acrobatics+1"],"picked":"Singing Bowl","floor":30},{"not_picked":["Grand Finale","Malaise+1","Adrenaline+1"],"picked":"Singing Bowl","floor":33},{"not_picked":["Crippling Poison+1","Outmaneuver+1","Expertise+1"],"picked":"Singing Bowl","floor":35},{"not_picked":["Blur+1","Tactician+1","Deflect+1"],"picked":"Singing Bowl","floor":37},{"not_picked":["Acrobatics+1","Dagger Throw","Outmaneuver+1"],"picked":"Singing Bowl","floor":39},{"not_picked":["Deflect+1","Die Die Die","Underhanded Strike+1"],"picked":"Singing Bowl","floor":40},{"not_picked":["Well Laid Plans","Dodge and Roll+1","Skewer+1"],"picked":"Singing Bowl","floor":41},{"not_picked":["Adrenaline+1","Leg Sweep+1","Sucker Punch"],"picked":"Singing Bowl","floor":44},{"not_picked":["Sucker Punch","Underhanded Strike","Flechettes"],"picked":"Singing Bowl","floor":45},{"not_picked":["Endless Agony+1","Dodge and Roll+1","Acrobatics+1"],"picked":"Singing Bowl","floor":46},{"not_picked":["Endless Agony","Dagger Spray","Riddle With Holes"],"picked":"Singing Bowl","floor":47},{"not_picked":["Flechettes","Infinite Blades+1"],"picked":"Escape Plan+1","floor":48},{"not_picked":["Tools of the Trade","Poisoned Stab+1","Escape Plan+1"],"picked":"Singing Bowl","floor":55}],"player_experience":3080373,"relics_obtained":[{"floor":6.0,"key":"Centennial Puzzle"},{"floor":7.0,"key":"Singing Bowl"},{"floor":10,"key":"Nunchaku"},{"floor":11,"key":"Calipers"},{"floor":12,"key":"Meat on the Bone"},{"floor":13,"key":"MawBank"},{"floor":14,"key":"Omamori"},{"floor":23,"key":"Darkstone Periapt"},{"floor":23,"key":"Bag of Preparation"},{"floor":24,"key":"Unceasing Top"},{"floor":24,"key":"Old Coin"},{"floor":25,"key":"PreservedInsect"},{"floor":25,"key":"Bottled Flame"},{"floor":26,"key":"Whetstone"},{"floor":27,"key":"Sundial"},{"floor":27,"key":"Oddly Smooth Stone"},{"floor":28,"key":"Toxic Egg 2"},{"floor":29,"key":"Red Mask"},{"floor":30,"key":"Bag of Marbles"},{"floor":30,"key":"Vajra"},{"floor":37,"key":"Shuriken"},{"floor":37,"key":"Tiny Chest"},{"floor":40,"key":"The Courier"},{"floor":40,"key":"Matryoshka"},{"floor":41,"key":"Pear"},{"floor":41,"key":"Potion Belt"},{"floor":43,"key":"Bottled Tornado"},{"floor":43,"key":"Paper Crane"},{"floor":44,"key":"Gremlin Horn"},{"floor":44,"key":"Snake Skull"},{"floor":45,"key":"Regal Pillow"},{"floor":45,"key":"Pen Nib"},{"floor":46,"key":"Anchor"},{"floor":46,"key":"Dodecahedron"},{"floor":47,"key":"Tingsha"},{"floor":47,"key":"Mango"},{"floor":48,"key":"Lantern"},{"floor":48,"key":"Molten Egg 2"},{"floor":55,"key":"Orichalcum"},{"floor":55,"key":"Incense Burner"}],"event_choices":[{"damage_healed":0.0,"max_hp_gain":5.0,"max_hp_loss":0.0,"gold_gain":0.0,"event_name":"Big Fish","player_choice":"Donut","floor":3.0,"gold_loss":0.0,"damage_taken":0.0},{"cards_removed":["Heel Hook"],"damage_healed":0.0,"max_hp_gain":0.0,"max_hp_loss":0.0,"gold_gain":0.0,"event_name":"The Cleric","player_choice":"Card Removal","floor":4.0,"gold_loss":75.0,"damage_taken":0.0},{"damage_healed":0.0,"max_hp_gain":0.0,"max_hp_loss":0.0,"gold_gain":0.0,"event_name":"Scrap Ooze","player_choice":"Success","floor":5.0,"gold_loss":0.0,"damage_taken":35.0,"relics_obtained":["Bronze Scales"]},{"damage_healed":0,"gold_gain":0,"player_choice":"Shed Blood","damage_taken":30,"max_hp_gain":5,"max_hp_loss":0,"event_name":"Forgotten Altar","floor":19,"gold_loss":0},{"damage_healed":0,"gold_gain":0,"player_choice":"Fought Bandits","damage_taken":0,"max_hp_gain":0,"max_hp_loss":0,"event_name":"Masked Bandits","floor":29,"gold_loss":0},{"cards_removed":["Concentrate"],"damage_healed":9,"gold_gain":0,"player_choice":"Offered Uncommon","damage_taken":0,"max_hp_gain":0,"max_hp_loss":0,"event_name":"Bonfire Elementals","floor":36,"gold_loss":0},{"damage_healed":0,"gold_gain":0,"player_choice":"Ignored","damage_taken":0,"max_hp_gain":0,"max_hp_loss":0,"event_name":"Duplicator","floor":42,"gold_loss":0}],"is_beta":true,"boss_relics":[{"not_picked":["White Beast Statue","Runic Dome"],"picked":"Black Star"},{"not_picked":["Busted Crown","Fusion Hammer"],"picked":"Sozu"}],"items_purged_floors":[20,21,31,38,54],"is_endless":false,"potions_floor_spawned":[1,2,11,12,18,28,30,33,37,39,44,45,47],"ascension_level":20}