{"gold_per_floor":[119,132,148,168,49,49,49,67,67,67,67,85,105,120,120,191,191,208,208,208,219,269,269,269,281,306,330,330,330,340,351,351,425,425,435,446,457,457,457,492,503,503],"floor_reached":42,"playtime":1446,"items_purged":["Strike_G"],"score":998,"play_id":"79aaccbd-7237-4d6a-bd49-8314c0446211","local_time":"20190819144240","is_ascension_mode":true,"campfire_choices":[{"data":"Predator","floor":6.0,"key":"SMITH"},{"data":"Doppelganger","floor":11.0,"key":"SMITH"},{"data":"Noxious Fumes","floor":15.0,"key":"SMITH"},{"data":"Well Laid Plans","floor":23.0,"key":"SMITH"},{"data":"Neutralize","floor":29.0,"key":"SMITH"},{"data":"Tactician","floor":32.0,"key":"SMITH"}],"neow_cost":"TEN_PERCENT_HP_LOSS","seed_source_timestamp":384487710417302,"circlet_count":0,"master_deck":["AscendersBane","Strike_G","Strike_G","Defend_G","Defend_G","Defend_G","Defend_G","Defend_G","Survivor","Neutralize+1","Doppelganger+1","Predator+1","Acrobatics","Well Laid Plans+1","Infinite Blades","Finisher","Noxious Fumes+1","After Image","Acrobatics+1","Heel Hook+1","Footwork","Tactician+1","After Image","PiercingWail","Catalyst"],"special_seed":0,"relics":["Ring of the Snake","Mummified Hand","Sozu","Bronze Scales","Vajra","Omamori"],"potions_floor_usage":[],"damage_taken":[{"damage":0.0,"enemies":"2 Louse","floor":1.0,"turns":3.0},{"damage":8.0,"enemies":"Jaw Worm","floor":2.0,"turns":7.0},{"damage":0.0,"enemies":"Small Slimes","floor":3.0,"turns":3.0},{"damage":5.0,"enemies":"2 Fungi Beasts","floor":4.0,"turns":6.0},{"damage":26.0,"enemies":"Exordium Thugs","floor":8.0,"turns":9.0},{"damage":1.0,"enemies":"Exordium Wildlife","floor":12.0,"turns":4.0},{"damage":0.0,"enemies":"2 Fungi Beasts","floor":13.0,"turns":3.0},{"damage":12.0,"enemies":"Gremlin Gang","floor":14.0,"turns":5.0},{"damage":20.0,"enemies":"Slime Boss","floor":16.0,"turns":5.0},{"damage":11.0,"enemies":"Chosen","floor":18.0,"turns":4.0},{"damage":5.0,"enemies":"Shell Parasite","floor":21.0,"turns":3.0},{"damage":0.0,"enemies":"Centurion and Healer","floor":25.0,"turns":4.0},{"damage":0.0,"enemies":"Cultist and Chosen","floor":30.0,"turns":4.0},{"damage":8.0,"enemies":"3 Cultists","floor":31.0,"turns":3.0},{"damage":0.0,"enemies":"Automaton","floor":33.0,"turns":8.0},{"damage":6.0,"enemies":"3 Darklings","floor":35.0,"turns":4.0},{"damage":8.0,"enemies":"Orb Walker","floor":36.0,"turns":3.0},{"damage":23.0,"enemies":"4 Shapes","floor":37.0,"turns":7.0},{"damage":0.0,"enemies":"Nemesis","floor":40.0,"turns":7.0},{"damage":0.0,"enemies":"Sphere and 2 Shapes","floor":41.0,"turns":6.0},{"damage":6,"enemies":"Transient","floor":42,"turns":3}],"seed_played":"-1822522497086761491","potions_obtained":[{"floor":3.0,"key":"Block Potion"},{"floor":4.0,"key":"Regen Potion"},{"floor":12.0,"key":"SteroidPotion"},{"floor":14.0,"key":"Ancient Potion"},{"floor":16.0,"key":"GhostInAJar"}],"is_trial":false,"path_per_floor":["M","M","M","M","$","R","?","M","T","?","R","M","M","M","R","B",null,"M","?","?","M","?","R","?","M","T","T","?","R","M","M","R","B",null,"M","M","M","?","T","E","M","M"],"character_chosen":"THE_SILENT","items_purchased":["Infinite Blades"],"campfire_rested":0,"item_purchase_floors":[5],"current_hp_per_floor":[59,51,51,46,46,46,46,35,35,55,55,54,54,42,42,22,51,40,40,40,35,35,35,35,35,35,35,35,35,35,27,27,27,52,46,38,15,15,15,15,15,9],"gold":503,"neow_bonus":"THREE_RARE_CARDS","is_prod":false,"is_daily":false,"chose_seed":false,"campfire_upgraded":6,"win_rate":0,"timestamp":1566193360,"path_taken":["M","M","M","M","$","R","?","M","T","?","R","M","M","M","R","BOSS","M","?","?","M","?","R","?","?","T","?","?","R","M","?","R","BOSS","M","M","M","?","?","E","?","M"],"build_version":"2019-07-17","purchased_purges":1,"victory":false,"max_hp_per_floor":[60,60,60,60,60,60,60,60,60,60,60,60,60,60,60,60,60,60,60,60,60,60,60,60,60,60,60,60,60,60,60,60,60,60,60,60,60,60,60,60,60,60],"card_choices":[{"not_picked":["Storm of Steel","Envenom"],"picked":"Doppelganger","floor":0.0},{"not_picked":["Prepared","Calculated Gamble"],"picked":"Predator","floor":1.0},{"not_picked":["Blur","Dagger Throw","Quick Slash"],"picked":"SKIP","floor":2.0},{"not_picked":["Dagger Throw","Dagger Spray"],"picked":"Acrobatics","floor":3.0},{"not_picked":["Setup","Accuracy"],"picked":"Well Laid Plans","floor":4.0},{"not_picked":["Setup","Dodge and Roll","PiercingWail"],"picked":"SKIP","floor":8.0},{"not_picked":["Expertise","Flying Knee"],"picked":"Finisher","floor":12.0},{"not_picked":["Crippling Poison","Dagger Spray"],"picked":"Noxious Fumes","floor":13.0},{"not_picked":["Bane","Noxious Fumes","Deflect"],"picked":"SKIP","floor":14.0},{"not_picked":["Malaise","Venomology"],"picked":"After Image","floor":16.0},{"not_picked":["Accuracy","Backstab"],"picked":"Acrobatics+1","floor":18.0},{"not_picked":["Reflex","Dodge and Roll"],"picked":"Heel Hook+1","floor":21.0},{"not_picked":["Flying Knee","Blade Dance"],"picked":"Footwork","floor":25.0},{"not_picked":["Backflip","Skewer"],"picked":"Tactician","floor":30.0},{"not_picked":["Crippling Poison","Concentrate","Distraction"],"picked":"SKIP","floor":31.0},{"not_picked":["Adrenaline","Envenom"],"picked":"After Image","floor":33.0},{"not_picked":["Underhanded Strike","Dagger Throw","PiercingWail"],"picked":"SKIP","floor":35.0},{"not_picked":["Underhanded Strike","Dagger Throw"],"picked":"PiercingWail","floor":35.0},{"not_picked":["Slice","Poisoned Stab+1","Predator"],"picked":"SKIP","floor":36.0},{"not_picked":["Sucker Punch","Outmaneuver","Flying Knee"],"picked":"SKIP","floor":37.0},{"not_picked":["Choke+1","Bane+1"],"picked":"Catalyst","floor":40.0},{"not_picked":["Slice+1","Flying Knee","Expertise"],"picked":"SKIP","floor":41.0}],"player_experience":940226,"relics_obtained":[{"floor":9.0,"key":"Mummified Hand"},{"floor":26.0,"key":"Bronze Scales"},{"floor":27.0,"key":"Vajra"},{"floor":40.0,"key":"Omamori"}],"event_choices":[{"damage_healed":0.0,"max_hp_gain":0.0,"max_hp_loss":0.0,"gold_gain":0.0,"event_name":"Liars Game","player_choice":"Ignored","floor":7.0,"gold_loss":0.0,"damage_taken":0.0},{"damage_healed":20.0,"max_hp_gain":0.0,"max_hp_loss":0.0,"gold_gain":0.0,"event_name":"Big Fish","player_choice":"Banana","floor":10.0,"gold_loss":0.0,"damage_taken":0.0},{"damage_healed":0.0,"max_hp_gain":0.0,"max_hp_loss":0.0,"gold_gain":0.0,"event_name":"Vampires","player_choice":"Ignored","floor":19.0,"gold_loss":0.0,"damage_taken":0.0},{"cards_removed":["Strike_G"],"damage_healed":0.0,"max_hp_gain":0.0,"max_hp_loss":0.0,"gold_gain":0.0,"event_name":"Back to Basics","player_choice":"Elegance","floor":20.0,"gold_loss":0.0,"damage_taken":0.0},{"damage_healed":0.0,"max_hp_gain":0.0,"max_hp_loss":0.0,"gold_gain":50.0,"event_name":"Nest","player_choice":"Stole From Cult","floor":22.0,"gold_loss":0.0,"damage_taken":0.0},{"cards_removed":["Strike_G"],"damage_healed":0.0,"max_hp_gain":0.0,"max_hp_loss":0.0,"gold_gain":0.0,"event_name":"Bonfire Elementals","player_choice":"Offered Basic","floor":24.0,"gold_loss":0.0,"damage_taken":0.0},{"damage_healed":0.0,"max_hp_gain":0.0,"max_hp_loss":0.0,"gold_gain":0.0,"event_name":"N\u0027loth","player_choice":"Ignored","floor":28.0,"gold_loss":0.0,"damage_taken":0.0},{"damage_healed":0.0,"max_hp_gain":0.0,"max_hp_loss":0.0,"gold_gain":0.0,"event_name":"SensoryStone","player_choice":"Memory 1","floor":38.0,"gold_loss":0.0,"damage_taken":0.0}],"is_beta":false,"boss_relics":[{"not_picked":["WristBlade","Lizard Tail"],"picked":"Sozu"},{"not_picked":["Velvet Choker","HoveringKite","Fusion Hammer"]}],"items_purged_floors":[5],"is_endless":false,"potions_floor_spawned":[3,4,12,14,16,18,21,37,40],"killed_by":"Transient","ascension_level":20}