{"gold_per_floor":[113,113,38,58,58,94,112,153,153,153,78,103,103,3,3,101,101,117,130,144,162,37,37,68,91,114,114,114,149,173,213,213,306,306,320,240,263,263,277,202,223,266,266,297,297,297,336,350,350,350,350,350,350,60,93,93],"floor_reached":57,"playtime":2094,"items_purged":["Strike_R","Strike_R","Defend_R","Flame Barrier+1","Pummel+1"],"score":3720,"play_id":"9d2019a5-f291-4595-b20d-9b1ad6595203","local_time":"20190721162412","is_ascension_mode":true,"campfire_choices":[{"data":"Entrench","floor":10.0,"key":"SMITH"},{"data":"Evolve","floor":15.0,"key":"SMITH"},{"floor":23.0,"key":"RECALL"},{"data":"Defend_R","floor":27.0,"key":"SMITH"},{"data":"Defend_R","floor":32.0,"key":"SMITH"},{"data":"Pommel Strike","floor":46.0,"key":"SMITH"}],"neow_cost":"NONE","seed_source_timestamp":707342043410248,"circlet_count":0,"master_deck":["AscendersBane","Defend_R+1","Defend_R+1","Defend_R+1","Entrench+1","Evolve+1","Body Slam+1","Seeing Red+1","True Grit+1","Shockwave+1","Shrug It Off+1","Second Wind+1","Pommel Strike+1","Power Through+1","Feel No Pain"],"special_seed":0,"relics":["Burning Blood","NeowsBlessing","Golden Idol","Toxic Egg 2","Calipers","Pocketwatch","Self Forming Clay","Astrolabe","Mercury Hourglass","Smiling Mask","Shuriken","Art of War","Coffee Dripper","Sundial","Oddly Smooth Stone","Bottled Flame","PreservedInsect","Anchor","Orichalcum"],"potions_floor_usage":[56],"damage_taken":[{"damage":0.0,"enemies":"2 Louse","floor":1.0,"turns":1.0},{"damage":0.0,"enemies":"Small Slimes","floor":4.0,"turns":2.0},{"damage":0.0,"enemies":"Gremlin Nob","floor":6.0,"turns":1.0},{"damage":10.0,"enemies":"Jaw Worm","floor":7.0,"turns":6.0},{"damage":37.0,"enemies":"3 Sentries","floor":8.0,"turns":15.0},{"damage":0.0,"enemies":"Red Slaver","floor":12.0,"turns":7.0},{"damage":0.0,"enemies":"The Guardian","floor":16.0,"turns":19.0},{"damage":0.0,"enemies":"3 Byrds","floor":18.0,"turns":2.0},{"damage":0.0,"enemies":"2 Thieves","floor":19.0,"turns":2.0},{"damage":0.0,"enemies":"Sentry and Sphere","floor":20.0,"turns":2.0},{"damage":0.0,"enemies":"Snecko","floor":21.0,"turns":2.0},{"damage":16.0,"enemies":"Slavers","floor":24.0,"turns":3.0},{"damage":0.0,"enemies":"Centurion and Healer","floor":25.0,"turns":2.0},{"damage":0.0,"enemies":"Book of Stabbing","floor":29.0,"turns":5.0},{"damage":0.0,"enemies":"Sentry and Sphere","floor":30.0,"turns":3.0},{"damage":0.0,"enemies":"Gremlin Leader","floor":31.0,"turns":4.0},{"damage":0.0,"enemies":"Champ","floor":33.0,"turns":5.0},{"damage":0.0,"enemies":"Orb Walker","floor":35.0,"turns":3.0},{"damage":0.0,"enemies":"3 Darklings","floor":37.0,"turns":4.0},{"damage":0.0,"enemies":"Maw","floor":39.0,"turns":4.0},{"damage":17.0,"enemies":"Sphere and 2 Shapes","floor":41.0,"turns":5.0},{"damage":0.0,"enemies":"Nemesis","floor":42.0,"turns":5.0},{"damage":0.0,"enemies":"Giant Head","floor":44.0,"turns":4.0},{"damage":0.0,"enemies":"Reptomancer","floor":47.0,"turns":3.0},{"damage":0.0,"enemies":"3 Darklings","floor":48.0,"turns":5.0},{"damage":0.0,"enemies":"Awakened One","floor":50.0,"turns":4.0},{"damage":0.0,"enemies":"Time Eater","floor":51.0,"turns":5.0},{"damage":0.0,"enemies":"Shield and Spear","floor":55.0,"turns":3.0},{"damage":0,"enemies":"The Heart","floor":56,"turns":7}],"seed_played":"3726147704199401939","potions_obtained":[{"floor":1.0,"key":"GamblersBrew"},{"floor":6.0,"key":"GamblersBrew"},{"floor":16.0,"key":"SteroidPotion"},{"floor":18.0,"key":"SteroidPotion"},{"floor":20.0,"key":"SkillPotion"},{"floor":24.0,"key":"Swift Potion"},{"floor":37.0,"key":"Swift Potion"},{"floor":48.0,"key":"Swift Potion"}],"is_trial":false,"path_per_floor":["M","?","$","M","?","E","M","E","T","R","?","M","?","$","R","B",null,"M","M","M","M","$","R","E","M","T","R","?","E","M","E","R","B",null,"M","$","M","T","M","?","M","E","T","E","?","R","E","M","R","B","B",null,"R","$","E","B",null],"character_chosen":"IRONCLAD","items_purchased":["Shrug It Off+1","Anchor","Feel No Pain"],"campfire_rested":0,"item_purchase_floors":[36,54,54],"current_hp_per_floor":[74,51,51,57,57,63,59,28,28,28,28,34,29,29,29,35,60,66,68,68,68,68,68,58,64,64,64,64,68,68,68,68,68,68,68,68,68,68,68,68,57,63,63,68,68,68,68,68,68,68,68,68,68,68,68,68],"gold":93,"neow_bonus":"THREE_ENEMY_KILL","is_prod":false,"is_daily":false,"chose_seed":false,"campfire_upgraded":5,"win_rate":0,"timestamp":1563697452,"path_taken":["M","?","$","M","?","E","M","E","T","R","?","M","?","$","R","BOSS","M","M","M","M","$","R","E","M","T","R","?","E","M","E","R","BOSS","M","$","M","?","M","?","?","E","T","E","?","R","E","M","R","BOSS","BOSS","R","$","E","BOSS"],"build_version":"2019-07-18","purchased_purges":5,"victory":true,"max_hp_per_floor":[75,75,75,75,68,68,68,68,68,68,68,68,68,68,68,68,68,68,68,68,68,68,68,68,68,68,68,68,68,68,68,68,68,68,68,68,68,68,68,68,68,68,68,68,68,68,68,68,68,68,68,68,68,68,68,68],"card_choices":[{"not_picked":["Pommel Strike","Sword Boomerang"],"picked":"Entrench","floor":1.0},{"not_picked":["Sword Boomerang","Perfected Strike","Barricade"],"picked":"SKIP","floor":4.0},{"not_picked":["Perfected Strike","Wild Strike","Searing Blow"],"picked":"SKIP","floor":6.0},{"not_picked":["Iron Wave","Warcry+1"],"picked":"Flame Barrier+1","floor":7.0},{"not_picked":["Pummel","Whirlwind"],"picked":"Evolve","floor":8.0},{"not_picked":["Fire Breathing","Rampage","Shrug It Off+1"],"picked":"SKIP","floor":12.0},{"not_picked":["Reaper","Berserk"],"picked":"Impervious+1","floor":16.0},{"not_picked":["Flex+1","Cleave"],"picked":"Seeing Red+1","floor":18.0},{"not_picked":["Entrench+1","Flex+1","Clothesline"],"picked":"SKIP","floor":19.0},{"not_picked":["Blood for Blood","Clothesline","Thunderclap"],"picked":"SKIP","floor":20.0},{"not_picked":["Rampage","Perfected Strike","Headbutt"],"picked":"SKIP","floor":21.0},{"not_picked":["Demon Form","Bloodletting+1","Anger"],"picked":"SKIP","floor":24.0},{"not_picked":["Reckless Charge","Wild Strike"],"picked":"True Grit+1","floor":25.0},{"not_picked":["Clothesline","True Grit+1","Feed"],"picked":"SKIP","floor":29.0},{"not_picked":["Flex+1","Wild Strike+1","Headbutt"],"picked":"SKIP","floor":30.0},{"not_picked":["Immolate","Wild Strike","Body Slam"],"picked":"SKIP","floor":31.0},{"not_picked":["Iron Wave","Wild Strike","Flex+1"],"picked":"SKIP","floor":35.0},{"not_picked":["Iron Wave","Metallicize+1","Entrench+1"],"picked":"SKIP","floor":37.0},{"not_picked":["Armaments+1","Combust"],"picked":"Second Wind+1","floor":39.0},{"not_picked":["Shrug It Off+1","Clash","Cleave"],"picked":"SKIP","floor":41.0},{"not_picked":["Combust","Body Slam"],"picked":"Pommel Strike","floor":42.0},{"not_picked":["True Grit+1","Bloodletting+1","Brutality"],"picked":"SKIP","floor":44.0},{"not_picked":["Clash","True Grit+1","Pummel"],"picked":"SKIP","floor":47.0},{"not_picked":["Ghostly Armor+1","Iron Wave"],"picked":"Power Through+1","floor":48.0},{"not_picked":["Hemokinesis","Shrug It Off+1","Cleave+1"],"picked":"SKIP","floor":55.0}],"player_experience":3074810,"relics_obtained":[{"floor":6.0,"key":"Toxic Egg 2"},{"floor":8.0,"key":"Calipers"},{"floor":9.0,"key":"Pocketwatch"},{"floor":24.0,"key":"Mercury Hourglass"},{"floor":26.0,"key":"Smiling Mask"},{"floor":29.0,"key":"Shuriken"},{"floor":31.0,"key":"Art of War"},{"floor":38.0,"key":"Sundial"},{"floor":42.0,"key":"Oddly Smooth Stone"},{"floor":44.0,"key":"Bottled Flame"},{"floor":47.0,"key":"PreservedInsect"},{"floor":55.0,"key":"Orichalcum"}],"event_choices":[{"damage_healed":0.0,"max_hp_gain":0.0,"max_hp_loss":0.0,"gold_gain":0.0,"event_name":"Shining Light","player_choice":"Entered Light","floor":2.0,"gold_loss":0.0,"damage_taken":23.0,"cards_upgraded":["Defend_R","Strike_R"]},{"damage_healed":0.0,"max_hp_gain":0.0,"max_hp_loss":7.0,"gold_gain":0.0,"event_name":"Golden Idol","player_choice":"Lose Max HP","floor":5.0,"gold_loss":0.0,"damage_taken":0.0,"relics_obtained":["Golden Idol"]},{"cards_removed":["Strike_R"],"damage_healed":0.0,"max_hp_gain":0.0,"max_hp_loss":0.0,"gold_gain":0.0,"event_name":"The Cleric","player_choice":"Card Removal","floor":11.0,"gold_loss":75.0,"damage_taken":0.0},{"damage_healed":0.0,"max_hp_gain":0.0,"max_hp_loss":0.0,"gold_gain":0.0,"event_name":"Scrap Ooze","player_choice":"Success","floor":13.0,"gold_loss":0.0,"damage_taken":5.0,"relics_obtained":["Self Forming Clay"]},{"damage_healed":0.0,"max_hp_gain":0.0,"max_hp_loss":0.0,"gold_gain":0.0,"cards_transformed":["Body Slam"],"event_name":"Transmorgrifier","player_choice":"Transformed","floor":28.0,"gold_loss":0.0,"damage_taken":0.0,"cards_obtained":["Shockwave"]},{"cards_removed":["Impervious"],"damage_healed":0.0,"max_hp_gain":0.0,"max_hp_loss":0.0,"gold_gain":0.0,"event_name":"Designer","player_choice":"Single Remove","floor":40.0,"gold_loss":75.0,"damage_taken":0.0},{"damage_healed":0.0,"max_hp_gain":0.0,"max_hp_loss":0.0,"gold_gain":0.0,"event_name":"Tomb of Lord Red Mask","player_choice":"Ignored","floor":45.0,"gold_loss":0.0,"damage_taken":0.0}],"is_beta":true,"boss_relics":[{"not_picked":["Busted Crown","Sozu"],"picked":"Astrolabe"},{"not_picked":["Cursed Key","Runic Dome"],"picked":"Coffee Dripper"}],"items_purged_floors":[3,14,22,36,54],"is_endless":false,"potions_floor_spawned":[1,6,16,18,20,24,31,33,37,42,44,48],"ascension_level":20}