{"gold_per_floor":[109,109,109,109,120,152,152,162,185,185,195,214,274,335,335,440,440,455,17,17,36,46,77,77,77,77,77,77,97,97,123,123,123],"floor_reached":33,"playtime":2497,"items_purged":[],"score":366,"play_id":"894502e6-f112-4f5c-bba0-453858556892","local_time":"20190414072849","is_ascension_mode":true,"campfire_choices":[{"floor":7.0,"key":"REST"},{"floor":10.0,"key":"REST"},{"floor":15.0,"key":"REST"},{"floor":25.0,"key":"REST"},{"floor":28.0,"key":"DIG"},{"floor":32.0,"key":"REST"}],"neow_cost":"NONE","seed_source_timestamp":286843489469241,"circlet_count":0,"master_deck":["Strike_B","Strike_B","Strike_B","Strike_B","Defend_B","Defend_B","Defend_B","Zap+1","Dualcast","Leap","Coolheaded","Tempest","Go for the Eyes","Chill","Cold Snap","Machine Learning","Ball Lightning","Reboot","Hello World","Conserve Battery","RitualDagger","Ball Lightning","Sweeping Beam","Necronomicurse","Reprogram","Amplify"],"special_seed":0,"relics":["Fusion Hammer","The Courier","Potion Belt","Bag of Preparation","Tiny Chest","Black Star","Toolbox","Calipers","Shovel","Bronze Scales","Necronomicon","Art of War","Bottled Tornado","Mummified Hand","Molten Egg 2","Happy Flower"],"potions_floor_usage":[33],"damage_taken":[{"damage":0.0,"enemies":"Small Slimes","floor":1.0,"turns":3.0},{"damage":0.0,"enemies":"Jaw Worm","floor":5.0,"turns":4.0},{"damage":42.0,"enemies":"Gremlin Nob","floor":6.0,"turns":6.0},{"damage":0.0,"enemies":"2 Louse","floor":8.0,"turns":2.0},{"damage":0.0,"enemies":"Looter","floor":11.0,"turns":3.0},{"damage":10.0,"enemies":"Large Slime","floor":12.0,"turns":5.0},{"damage":14.0,"enemies":"Lagavulin Event","floor":13.0,"turns":6.0},{"damage":10.0,"enemies":"Lagavulin","floor":14.0,"turns":7.0},{"damage":23.0,"enemies":"Hexaghost","floor":16.0,"turns":10.0},{"damage":0.0,"enemies":"Spheric Guardian","floor":18.0,"turns":3.0},{"damage":6.0,"enemies":"3 Byrds","floor":21.0,"turns":3.0},{"damage":23.0,"enemies":"Snake Plant","floor":22.0,"turns":6.0},{"damage":0.0,"enemies":"Gremlin Leader","floor":23.0,"turns":8.0},{"damage":16.0,"enemies":"Snecko","floor":29.0,"turns":3.0},{"damage":29.0,"enemies":"Slavers","floor":31.0,"turns":5.0},{"damage":53,"enemies":"Automaton","floor":33,"turns":6}],"seed_played":"233765576142472714","potions_obtained":[{"floor":1.0,"key":"Energy Potion"},{"floor":5.0,"key":"Dexterity Potion"},{"floor":6.0,"key":"Dexterity Potion"},{"floor":14.0,"key":"Fire Potion"},{"floor":21.0,"key":"LiquidBronze"},{"floor":22.0,"key":"Energy Potion"},{"floor":23.0,"key":"Poison Potion"},{"floor":31.0,"key":"GamblersBrew"}],"is_trial":false,"path_per_floor":["M","?","?","T","M","E","R","M","T","R","M","M","?","E","R","B",null,"M","$","?","M","M","E","?","R","T","?","R","M","?","E","R","B"],"character_chosen":"DEFECT","items_purchased":["Toolbox","Calipers","Conserve Battery"],"campfire_rested":5,"item_purchase_floors":[19,19,19],"current_hp_per_floor":[75,75,68,68,68,26,48,48,48,70,70,60,46,36,58,35,75,75,75,69,63,40,40,24,46,46,46,46,30,30,1,23,0],"gold":123,"neow_bonus":"BOSS_RELIC","is_prod":false,"is_daily":false,"chose_seed":false,"campfire_upgraded":0,"win_rate":0,"timestamp":1555252129,"path_taken":["M","?","?","?","M","E","R","M","T","R","M","M","?","E","R","BOSS","M","$","?","M","M","E","?","R","T","?","R","M","?","E","R","BOSS"],"build_version":"2019-01-23","purchased_purges":0,"victory":false,"max_hp_per_floor":[75,75,75,75,75,75,75,75,75,75,75,75,75,75,75,75,75,75,75,75,75,75,75,75,75,75,75,75,75,75,75,75,75],"card_choices":[{"not_picked":["Hologram","Force Field"],"picked":"Leap","floor":1.0},{"not_picked":["Turbo","Undo"],"picked":"Coolheaded","floor":5.0},{"not_picked":["Cold Snap","Go for the Eyes"],"picked":"Tempest","floor":6.0},{"not_picked":["Gash","Force Field"],"picked":"Go for the Eyes","floor":8.0},{"not_picked":["Steam","Darkness"],"picked":"Chill","floor":11.0},{"not_picked":["Beam Cell","Turbo"],"picked":"Cold Snap","floor":12.0},{"not_picked":["Capacitor","Barrage"],"picked":"Machine Learning","floor":13.0},{"not_picked":["Go for the Eyes","Lockon"],"picked":"Ball Lightning","floor":14.0},{"not_picked":["Meteor Strike","Fission"],"picked":"Reboot","floor":16.0},{"not_picked":["Leap","Rebound"],"picked":"Hello World","floor":18.0},{"not_picked":["Tempest","Turbo","Hologram"],"picked":"SKIP","floor":21.0},{"not_picked":["Beam Cell","Aggregate"],"picked":"Ball Lightning","floor":22.0},{"not_picked":["Chaos","Steam"],"picked":"Sweeping Beam","floor":23.0},{"not_picked":["Coolheaded","Lockon"],"picked":"Reprogram","floor":29.0},{"not_picked":["Static Discharge","Hologram"],"picked":"Amplify","floor":31.0}],"player_experience":406644,"relics_obtained":[{"floor":6.0,"key":"The Courier"},{"floor":9.0,"key":"Potion Belt"},{"floor":14.0,"key":"Tiny Chest"},{"floor":23.0,"key":"Shovel"},{"floor":23.0,"key":"Bronze Scales"},{"floor":24.0,"key":"Necronomicon"},{"floor":26.0,"key":"Art of War"},{"floor":28.0,"key":"Bottled Tornado"},{"floor":31.0,"key":"Molten Egg 2"},{"floor":31.0,"key":"Happy Flower"}],"event_choices":[{"damage_healed":0.0,"max_hp_gain":0.0,"max_hp_loss":0.0,"gold_gain":0.0,"event_name":"Living Wall","player_choice":"Grow","floor":2.0,"gold_loss":0.0,"damage_taken":0.0,"cards_upgraded":["Zap"]},{"cards_removed":["Defend_B"],"damage_healed":0.0,"max_hp_gain":0.0,"max_hp_loss":0.0,"gold_gain":0.0,"event_name":"Golden Wing","player_choice":"Card Removal","floor":3.0,"gold_loss":0.0,"damage_taken":7.0},{"damage_healed":0.0,"max_hp_gain":0.0,"max_hp_loss":0.0,"gold_gain":0.0,"event_name":"Dead Adventurer","player_choice":"Searched \u00272\u0027 times","floor":13.0,"gold_loss":0.0,"damage_taken":0.0,"relics_obtained":["Bag of Preparation"]},{"damage_healed":0.0,"max_hp_gain":0.0,"max_hp_loss":0.0,"gold_gain":0.0,"event_name":"Nest","player_choice":"Joined the Cult","floor":20.0,"gold_loss":0.0,"damage_taken":6.0,"cards_obtained":["RitualDagger"]},{"damage_healed":0.0,"max_hp_gain":0.0,"max_hp_loss":0.0,"gold_gain":0.0,"event_name":"Cursed Tome","player_choice":"Obtained Book","floor":24.0,"gold_loss":0.0,"damage_taken":16.0},{"damage_healed":0.0,"max_hp_gain":0.0,"max_hp_loss":0.0,"gold_gain":0.0,"event_name":"Ghosts","player_choice":"Ignored","floor":27.0,"gold_loss":0.0,"damage_taken":0.0},{"damage_healed":0.0,"max_hp_gain":0.0,"max_hp_loss":0.0,"gold_gain":0.0,"event_name":"WeMeetAgain","player_choice":"Gave Potion","floor":30.0,"gold_loss":0.0,"damage_taken":0.0,"relics_obtained":["Mummified Hand"]}],"is_beta":false,"boss_relics":[{"not_picked":["Snecko Eye","Tiny House"],"picked":"Black Star"}],"items_purged_floors":[],"is_endless":false,"potions_floor_spawned":[1,5,6,14,21,22,23,31],"killed_by":"Automaton","ascension_level":3}