{"gold_per_floor":[117,135,135,10,28,56,73,73,149,49,49,67,105,105,105,105],"floor_reached":16,"playtime":598,"items_purged":["Strike_R","Strike_R"],"score":138,"play_id":"2a449db2-f3de-4239-ba83-8d58521b47d9","local_time":"20190524225853","is_ascension_mode":true,"campfire_choices":[{"data":"Armaments","floor":11,"key":"SMITH"},{"floor":15,"key":"REST"}],"neow_cost":"NONE","seed_source_timestamp":540708827477000,"circlet_count":0,"master_deck":["Strike_R","Strike_R","Strike_R","Defend_R","Defend_R","Defend_R","Defend_R","Bash","Sword Boomerang","Clothesline","Barricade","Armaments+1","Immolate","Thunderclap","Ghostly Armor","Offering"],"relics":["Burning Blood","Charon\u0027s Ashes","Golden Idol","Kunai","Vajra"],"potions_floor_usage":[6,12,16],"damage_taken":[{"damage":1,"enemies":"Cultist","floor":1,"turns":3},{"damage":6,"enemies":"2 Louse","floor":2,"turns":3},{"damage":12,"enemies":"Jaw Worm","floor":5,"turns":2},{"damage":32,"enemies":"Lagavulin","floor":6,"turns":6},{"damage":0,"enemies":"Large Slime","floor":7,"turns":5},{"damage":0,"enemies":"Exordium Wildlife","floor":12,"turns":2},{"damage":14,"enemies":"Gremlin Nob","floor":13,"turns":3},{"damage":61,"enemies":"The Guardian","floor":16,"turns":14}],"seed_played":"7554030249022722894","potions_obtained":[{"floor":5,"key":"Regen Potion"},{"floor":6,"key":"AttackPotion"}],"is_trial":false,"path_per_floor":["M","M","?","$","M","E","M","?","T","$","R","M","E","?","R","B"],"character_chosen":"IRONCLAD","items_purchased":["Dexterity Potion"],"campfire_rested":1,"item_purchase_floors":[4],"current_hp_per_floor":[80,80,80,80,74,53,59,39,39,39,39,45,37,37,61,0],"gold":105,"neow_bonus":"THREE_CARDS","is_prod":false,"is_daily":false,"chose_seed":false,"campfire_upgraded":1,"win_rate":0,"timestamp":1558731533,"path_taken":["M","?","?","$","M","E","?","?","T","$","R","M","E","?","R","BOSS"],"build_version":"2019-05-24","purchased_purges":2,"victory":false,"max_hp_per_floor":[80,80,80,80,80,80,80,80,80,80,80,80,80,80,80,80],"card_choices":[{"not_picked":["True Grit","Twin Strike"],"picked":"Sword Boomerang","floor":0},{"not_picked":["Wild Strike","Rupture"],"picked":"Clothesline","floor":1},{"not_picked":["Sword Boomerang","Flex"],"picked":"Barricade","floor":2},{"not_picked":["Warcry","Wild Strike"],"picked":"Thunderclap","floor":5},{"not_picked":["Headbutt","Clash"],"picked":"Ghostly Armor","floor":6},{"not_picked":["Warcry","Clothesline"],"picked":"Offering","floor":7},{"not_picked":["True Grit","Feel No Pain","Warcry"],"picked":"SKIP","floor":12},{"not_picked":["Thunderclap","Clothesline","Heavy Blade"],"picked":"SKIP","floor":13}],"player_experience":349397,"relics_obtained":[{"floor":6,"key":"Charon\u0027s Ashes"},{"floor":9,"key":"Kunai"},{"floor":13,"key":"Vajra"}],"event_choices":[{"damage_healed":0,"gold_gain":0,"player_choice":"2 cards matched","damage_taken":0,"max_hp_gain":0,"max_hp_loss":0,"event_name":"Match and Keep!","floor":3,"gold_loss":0,"cards_obtained":["Armaments","Immolate"]},{"damage_healed":0,"gold_gain":0,"player_choice":"Take Damage","damage_taken":20,"relics_obtained":["Golden Idol"],"max_hp_gain":0,"max_hp_loss":0,"event_name":"Golden Idol","floor":8,"gold_loss":0},{"damage_healed":0,"gold_gain":0,"player_choice":"Fled","damage_taken":0,"max_hp_gain":0,"max_hp_loss":0,"event_name":"Scrap Ooze","floor":14,"gold_loss":0}],"is_beta":true,"boss_relics":[],"items_purged_floors":[4,10],"is_endless":false,"potions_floor_spawned":[5,6],"killed_by":"The Guardian","ascension_level":5}