{"gold_per_floor":[144,23,68,16,61,106,106,196,196,53,98,98,188,233,233,533,533,578,605,605,605,650,650,565,610,610,12,12,102,27,72,72,372,372,417,462,507,507,107,107,197,242,267,357,402,402,447,492,492,492],"floor_reached":51,"playtime":3077,"items_purged":["Strike_R","Strike_R","Strike_R"],"score":789,"play_id":"3a0e2d8c-c8b9-491e-b8ac-11b73dcc7fc6","local_time":"20190522183814","daily_mods":["Heirloom","Time Dilation","Midas"],"is_ascension_mode":false,"campfire_choices":[{"floor":7.0,"key":"REST"},{"floor":15.0,"key":"REST"},{"floor":23,"key":"REST"},{"floor":32,"key":"REST"},{"floor":40,"key":"REST"},{"floor":46,"key":"REST"},{"floor":49,"key":"REST"}],"neow_cost":"","seed_source_timestamp":0,"circlet_count":0,"master_deck":["Strike_R+1","Strike_R","Defend_R","Defend_R","Defend_R","Bash","Rampage","Inflame","Clothesline","Flex","Heavy Blade","Pummel+1","Offering","Shockwave","Clash","Cleave","Brutality","Flex","Spot Weakness","Intimidate+1","Shrug It Off","Armaments","Ghostly Armor+1","Exhume","Battle Trance+1","Discovery","Dropkick","Fire Breathing+1","Whirlwind","Shrug It Off+1"],"special_seed":18038,"relics":["Burning Blood","Gambling Chip","Whetstone","Anchor","Happy Flower","Mark of Pain","Red Mask","FossilizedHelix","Blue Candle","Bag of Preparation","Mango","Orichalcum","Meat on the Bone","Sozu","Strange Spoon","Centennial Puzzle","Bag of Marbles","Lantern"],"potions_floor_usage":[33,50,50],"damage_taken":[{"damage":11.0,"enemies":"Jaw Worm","floor":1.0,"turns":3.0},{"damage":10.0,"enemies":"Small Slimes","floor":3.0,"turns":3.0},{"damage":0.0,"enemies":"Cultist","floor":5.0,"turns":2.0},{"damage":8.0,"enemies":"Large Slime","floor":6.0,"turns":4.0},{"damage":21.0,"enemies":"Gremlin Nob","floor":8.0,"turns":4.0},{"damage":6.0,"enemies":"3 Louse","floor":11.0,"turns":1.0},{"damage":19.0,"enemies":"Lagavulin","floor":13.0,"turns":3.0},{"damage":6.0,"enemies":"Lots of Slimes","floor":14.0,"turns":1.0},{"damage":19.0,"enemies":"Hexaghost","floor":16.0,"turns":5.0},{"damage":7.0,"enemies":"Shell Parasite","floor":18.0,"turns":2.0},{"damage":9.0,"enemies":"Masked Bandits","floor":19.0,"turns":3.0},{"damage":6,"enemies":"2 Thieves","floor":22,"turns":2},{"damage":5,"enemies":"Shelled Parasite and Fungi","floor":25,"turns":3},{"damage":24,"enemies":"Gremlin Leader","floor":29,"turns":5},{"damage":5,"enemies":"3 Cultists","floor":31,"turns":4},{"damage":59,"enemies":"Automaton","floor":33,"turns":9},{"damage":38,"enemies":"3 Shapes","floor":35,"turns":6},{"damage":0,"enemies":"3 Darklings","floor":36,"turns":2},{"damage":1,"enemies":"Transient","floor":37,"turns":5},{"damage":0,"enemies":"Reptomancer","floor":41,"turns":2},{"damage":20,"enemies":"Maw","floor":42,"turns":5},{"damage":37,"enemies":"Giant Head","floor":44,"turns":8},{"damage":30,"enemies":"Spire Growth","floor":45,"turns":4},{"damage":1,"enemies":"Transient","floor":47,"turns":5},{"damage":0,"enemies":"Writhing Mass","floor":48,"turns":1},{"damage":27,"enemies":"Donu and Deca","floor":50,"turns":7}],"seed_played":"7337043475493984283","potions_obtained":[{"floor":1.0,"key":"Poison Potion"},{"floor":6.0,"key":"Weak Potion"},{"floor":8.0,"key":"EssenceOfSteel"},{"floor":11.0,"key":"LiquidBronze"},{"floor":14.0,"key":"Block Potion"},{"floor":19.0,"key":"GamblersBrew"},{"floor":25,"key":"BloodPotion"}],"is_trial":false,"path_per_floor":["M","$","M","$","M","M","R","E","T","$","M","?","E","M","R","B",null,"M","?","?","?","M","R","?","M","T","$","?","E","$","M","R","B",null,"M","M","M","?","$","R","E","M","T","E","M","R","M","M","R","B",null],"character_chosen":"IRONCLAD","items_purchased":["Rampage","Inflame","Flex","Shockwave","Bag of Preparation","Mango","Armaments","LiquidBronze","Dropkick","Strange Spoon"],"campfire_rested":7,"item_purchase_floors":[2,2,4,10,27,27,27,30,39,39],"current_hp_per_floor":[75,75,71,71,77,75,80,65,65,65,65,58,45,45,69,56,80,79,76,76,76,76,80,80,80,80,94,94,76,76,77,94,53,94,62,68,73,73,73,94,94,80,80,61,49,77,82,88,94,73],"gold":492,"neow_bonus":"","is_prod":false,"is_daily":true,"chose_seed":false,"campfire_upgraded":0,"win_rate":0,"timestamp":1558543094,"path_taken":["M","$","M","$","M","M","R","E","T","$","M","?","E","M","R","BOSS","M","?","?","?","M","R","?","M","T","$","?","E","$","?","R","BOSS","M","M","M","?","$","R","E","M","T","E","M","R","M","M","R","BOSS"],"build_version":"2019-05-07","purchased_purges":3,"victory":true,"max_hp_per_floor":[80,80,80,80,80,80,80,80,80,80,80,80,80,80,80,80,80,80,80,80,80,80,80,80,80,80,94,94,94,94,94,94,94,94,94,94,94,94,94,94,94,94,94,94,94,94,94,94,94,94],"card_choices":[{"not_picked":["Dual Wield","Uppercut","Blood for Blood"],"picked":"SKIP","floor":1.0},{"not_picked":["True Grit","Twin Strike"],"picked":"Clothesline","floor":3.0},{"not_picked":["Double Tap","Clash"],"picked":"Heavy Blade","floor":5.0},{"not_picked":["Havoc","Perfected Strike"],"picked":"Pummel","floor":6.0},{"not_picked":["Shrug It Off","Wild Strike"],"picked":"Offering","floor":8.0},{"not_picked":["Metallicize","Dual Wield"],"picked":"Clash","floor":11.0},{"not_picked":["Fire Breathing","Pommel Strike"],"picked":"Cleave","floor":13.0},{"not_picked":["Burning Pact","Sword Boomerang","Evolve"],"picked":"SKIP","floor":14.0},{"not_picked":["Fiend Fire","Offering"],"picked":"Brutality","floor":16.0},{"not_picked":["Clothesline+1","Second Wind","Feel No Pain"],"picked":"SKIP","floor":18.0},{"not_picked":["Iron Wave","Disarm"],"picked":"Flex","floor":19.0},{"not_picked":["True Grit","Thunderclap"],"picked":"Intimidate+1","floor":22},{"not_picked":["Clothesline","Pommel Strike"],"picked":"Shrug It Off","floor":25},{"not_picked":["Flex","Searing Blow","Perfected Strike"],"picked":"SKIP","floor":29},{"not_picked":["Flex","Havoc"],"picked":"Ghostly Armor+1","floor":31},{"not_picked":["Bludgeon","Barricade"],"picked":"Exhume","floor":33},{"not_picked":["Clothesline+1","Rampage"],"picked":"Battle Trance+1","floor":35},{"not_picked":["Anger","Ghostly Armor","Twin Strike+1"],"picked":"SKIP","floor":36},{"not_picked":["Dual Wield","Headbutt+1","Heavy Blade"],"picked":"SKIP","floor":37},{"not_picked":["The Bomb","Purity"],"picked":"Discovery","floor":38},{"not_picked":["Corruption+1","Iron Wave+1"],"picked":"Fire Breathing+1","floor":41},{"not_picked":["Clash","Wild Strike+1","Entrench"],"picked":"SKIP","floor":42},{"not_picked":["Sword Boomerang+1","Anger"],"picked":"Whirlwind","floor":44},{"not_picked":["Wild Strike+1","True Grit","Headbutt+1"],"picked":"SKIP","floor":45},{"not_picked":["Shrug It Off","Second Wind","Heavy Blade"],"picked":"SKIP","floor":47},{"not_picked":["Twin Strike","Combust+1"],"picked":"Shrug It Off+1","floor":48}],"player_experience":321450,"relics_obtained":[{"floor":8.0,"key":"Whetstone"},{"floor":9.0,"key":"Anchor"},{"floor":13.0,"key":"Happy Flower"},{"floor":19.0,"key":"Red Mask"},{"floor":26,"key":"Blue Candle"},{"floor":29,"key":"Meat on the Bone"},{"floor":41,"key":"Centennial Puzzle"},{"floor":43,"key":"Bag of Marbles"},{"floor":44,"key":"Lantern"}],"event_choices":[{"cards_removed":["Defend_R"],"damage_healed":0.0,"max_hp_gain":0.0,"max_hp_loss":0.0,"gold_gain":0.0,"event_name":"Golden Wing","player_choice":"Card Removal","floor":12.0,"gold_loss":0.0,"damage_taken":7.0},{"damage_healed":0.0,"max_hp_gain":0.0,"max_hp_loss":0.0,"gold_gain":0.0,"event_name":"Masked Bandits","player_choice":"Fought Bandits","floor":19.0,"gold_loss":0.0,"damage_taken":0.0},{"damage_healed":0.0,"max_hp_gain":0.0,"max_hp_loss":0.0,"gold_gain":0.0,"event_name":"The Mausoleum","player_choice":"Ignored","floor":20.0,"gold_loss":0.0,"damage_taken":0.0},{"damage_healed":0.0,"max_hp_gain":0.0,"max_hp_loss":0.0,"gold_gain":0.0,"event_name":"The Library","player_choice":"Read","floor":21.0,"gold_loss":0.0,"damage_taken":0.0,"cards_obtained":["Spot Weakness"]},{"damage_healed":0,"gold_gain":0,"player_choice":"Obtained Relic","damage_taken":0,"relics_obtained":["FossilizedHelix"],"max_hp_gain":0,"max_hp_loss":0,"event_name":"Addict","floor":24,"gold_loss":85},{"damage_healed":0,"gold_gain":0,"player_choice":"Gave Potion","damage_taken":0,"relics_obtained":["Orichalcum"],"max_hp_gain":0,"max_hp_loss":0,"event_name":"WeMeetAgain","floor":28,"gold_loss":0},{"damage_healed":0,"gold_gain":0,"player_choice":"Memory 1","damage_taken":0,"max_hp_gain":0,"max_hp_loss":0,"event_name":"SensoryStone","floor":38,"gold_loss":0}],"is_beta":true,"boss_relics":[{"not_picked":["White Beast Statue","Coffee Dripper"],"picked":"Mark of Pain"},{"not_picked":["Astrolabe","Runic Pyramid"],"picked":"Sozu"}],"items_purged_floors":[10,27,39],"is_endless":false,"potions_floor_spawned":[1,6,8,11,14,19,22,25,35,37,41],"ascension_level":0}