{"gold_per_floor":[118,137,65,77,94,94,44,44,44,44,63,77,105,122,122,220,220,239,239,249,174,5,5,25,25,49,49,63,74,101,117,117,219,219,231,231,251,251,61,71,71,91,140,162,194,226,238,250,262,274],"floor_reached":50,"playtime":9100,"items_purged":[],"score":477,"play_id":"ee451ca9-daf4-4b25-a079-d6a436d1bec9","local_time":"20180913175041","is_ascension_mode":false,"campfire_choices":[{"data":"Dualcast","floor":6,"key":"SMITH"},{"data":"Zap","floor":8,"key":"SMITH"},{"data":"Scrape","floor":15,"key":"SMITH"},{"data":"Loop","floor":23,"key":"SMITH"},{"data":"Glacier","floor":25,"key":"SMITH"},{"floor":27,"key":"REST"},{"floor":32,"key":"REST"},{"data":"Steam","floor":41,"key":"SMITH"},{"data":"Electrodynamics","floor":47,"key":"SMITH"},{"floor":49,"key":"REST"}],"neow_cost":"","seed_source_timestamp":12951946088947,"circlet_count":0,"master_deck":["Strike_B","Strike_B","Strike_B","Defend_B","Defend_B","Defend_B","Zap+1","Dualcast+1","Rip and Tear","Go for the Eyes","Glacier+1","Scrape+1","Gash","Beam Cell","Steam+1","Loop+1","White Noise+1","Electrodynamics+1","Go for the Eyes+1","Redo+1","Gash","Gash+1","Chill+1","Fusion+1","Steam+1","Stack+1","Madness+1","Madness+1","Lockon+1","Blizzard+1","Auto Shields+1","Reprogram+1","Chill+1"],"relics":["Cracked Core","Orichalcum","Toxic Egg 2","Inserter","Pen Nib","Centennial Puzzle","Red Mask","Nuclear Battery","Blood Vial","ClockworkSouvenir","MawBank"],"potions_floor_usage":[13,13,16,16,33,33,42,48,50],"damage_taken":[{"damage":5,"enemies":"Cultist","floor":1,"turns":4},{"damage":3,"enemies":"Jaw Worm","floor":2,"turns":3},{"damage":0,"enemies":"2 Louse","floor":4,"turns":1},{"damage":4,"enemies":"Large Slime","floor":5,"turns":5},{"damage":3,"enemies":"Exordium Wildlife","floor":11,"turns":4},{"damage":4,"enemies":"Red Slaver","floor":12,"turns":2},{"damage":7,"enemies":"Lagavulin","floor":13,"turns":6},{"damage":0,"enemies":"Large Slime","floor":14,"turns":3},{"damage":29,"enemies":"Hexaghost","floor":16,"turns":9},{"damage":1,"enemies":"2 Thieves","floor":18,"turns":3},{"damage":6,"enemies":"Chosen","floor":20,"turns":5},{"damage":18,"enemies":"Sentry and Sphere","floor":24,"turns":4},{"damage":1,"enemies":"Centurion and Healer","floor":28,"turns":4},{"damage":14,"enemies":"Snecko","floor":29,"turns":5},{"damage":15,"enemies":"Masked Bandits","floor":30,"turns":4},{"damage":9,"enemies":"Cultist and Chosen","floor":31,"turns":6},{"damage":50,"enemies":"Automaton","floor":33,"turns":10},{"damage":1,"enemies":"3 Darklings","floor":35,"turns":6},{"damage":3,"enemies":"Orb Walker","floor":37,"turns":3},{"damage":1,"enemies":"4 Shapes","floor":40,"turns":5},{"damage":0,"enemies":"Transient","floor":42,"turns":5},{"damage":3,"enemies":"Sphere and 2 Shapes","floor":44,"turns":4},{"damage":1,"enemies":"Spire Growth","floor":45,"turns":5},{"damage":28,"enemies":"Maw","floor":46,"turns":9},{"damage":0,"enemies":"Jaw Worm Horde","floor":48,"turns":2},{"damage":90,"enemies":"Donu and Deca","floor":50,"turns":9}],"seed_played":"1838664231474148262","potions_obtained":[{"floor":1,"key":"Regen Potion"},{"floor":5,"key":"Dexterity Potion"},{"floor":12,"key":"Strength Potion"},{"floor":13,"key":"Fruit Juice"},{"floor":20,"key":"FearPotion"},{"floor":30,"key":"SmokeBomb"},{"floor":31,"key":"GamblersBrew"},{"floor":33,"key":"Block Potion"},{"floor":37,"key":"Fire Potion"},{"floor":44,"key":"Poison Potion"},{"floor":46,"key":"Energy Potion"}],"is_trial":false,"path_per_floor":["M","M","$","M","M","R","?","R","T","?","M","M","E","M","R","B",null,"M","?","M","?","$","R","M","R","T","R","M","M","?","M","R","B",null,"M","?","M","?","$","M","R","M","T","M","M","M","R","M","R"],"character_chosen":"DEFECT","items_purchased":["Glacier","Pen Nib","Gash","ClockworkSouvenir"],"campfire_rested":3,"item_purchase_floors":[3,22,22,39],"current_hp_per_floor":[70,67,67,67,63,63,63,63,63,68,65,61,74,74,74,45,85,84,68,62,62,62,62,44,44,44,71,70,56,41,39,66,16,90,89,78,75,75,75,76,76,78,78,77,78,52,52,54,81,0],"gold":274,"neow_bonus":"","is_prod":false,"is_daily":false,"chose_seed":false,"campfire_upgraded":7,"win_rate":0.0,"timestamp":1536853841,"path_taken":["M","?","?","M","M","R","?","R","T","?","?","M","E","M","R","BOSS","M","?","M","?","$","R","M","R","T","R","?","M","?","M","R","BOSS","M","?","M","?","$","M","R","M","T","M","M","?","R","M","R","BOSS"],"build_version":"2018-09-12","purchased_purges":0,"victory":false,"max_hp_per_floor":[75,75,75,75,75,75,75,75,75,80,80,80,85,85,85,85,85,85,90,90,90,90,90,90,90,90,90,90,90,90,90,90,90,90,90,90,90,90,90,90,90,90,90,90,90,90,90,90,90,90],"card_choices":[{"not_picked":["Redo","Barrage"],"picked":"Rip and Tear","floor":1},{"not_picked":["Defragment","Conserve Battery"],"picked":"Go for the Eyes","floor":2},{"not_picked":["Hello World","Leap"],"picked":"Scrape","floor":4},{"not_picked":["Sweeping Beam","Compile Driver"],"picked":"Gash","floor":5},{"not_picked":["Streamline","Ball Lightning"],"picked":"Beam Cell","floor":11},{"not_picked":["Chaos","Hologram"],"picked":"Steam","floor":12},{"not_picked":["Multi-Cast","Conserve Battery"],"picked":"Loop","floor":13},{"not_picked":["Sweeping Beam","Coolheaded+1"],"picked":"White Noise+1","floor":14},{"not_picked":["All For One","Thunder Strike"],"picked":"Electrodynamics","floor":16},{"not_picked":["Hello World","Beam Cell"],"picked":"Go for the Eyes+1","floor":18},{"not_picked":["Static Discharge","Steam+1"],"picked":"Redo+1","floor":20},{"not_picked":["Steam Power+1","Amplify+1"],"picked":"Gash+1","floor":24},{"not_picked":["Gash+1","Ball Lightning+1"],"picked":"Chill+1","floor":28},{"not_picked":["Ball Lightning","Coolheaded+1"],"picked":"Fusion+1","floor":29},{"not_picked":["Coolheaded+1","Redo+1"],"picked":"Steam+1","floor":30},{"not_picked":["Compile Driver","Beam Cell","Cold Snap"],"picked":"SKIP","floor":31},{"not_picked":["Ball Lightning","Leap+1"],"picked":"Stack+1","floor":35},{"not_picked":["Stack+1","Capacitor"],"picked":"Lockon+1","floor":37},{"not_picked":["White Noise+1","Streamline+1"],"picked":"Blizzard+1","floor":40},{"not_picked":["Compile Driver+1","Streamline"],"picked":"Auto Shields+1","floor":42},{"not_picked":["Heatsinks+1","Compile Driver"],"picked":"Reprogram+1","floor":44},{"not_picked":["Gash","White Noise+1"],"picked":"Chill+1","floor":45},{"not_picked":["Conserve Battery+1","Compile Driver","Loop"],"picked":"SKIP","floor":46}],"player_experience":134416,"relics_obtained":[{"floor":9,"key":"Orichalcum"},{"floor":13,"key":"Toxic Egg 2"},{"floor":26,"key":"Centennial Puzzle"},{"floor":30,"key":"Red Mask"},{"floor":43,"key":"MawBank"}],"event_choices":[{"event_name":"The Cleric","player_choice":"Card Removal","floor":7,"damage_taken":0},{"event_name":"Big Fish","player_choice":"Donut","floor":10,"damage_taken":0},{"event_name":"Forgotten Altar","player_choice":"Shed Blood","floor":19,"damage_taken":0},{"event_name":"Beggar","player_choice":"Gave Gold","floor":21,"damage_taken":0},{"event_name":"Masked Bandits","player_choice":"Fought Bandits","floor":30,"damage_taken":0},{"event_name":"Winding Halls","player_choice":"Embrace Madness","floor":36,"damage_taken":0},{"event_name":"WeMeetAgain","player_choice":"Potion","floor":38,"damage_taken":0}],"is_beta":true,"boss_relics":[{"not_picked":["Sozu","Cursed Key"],"picked":"Inserter"},{"not_picked":["Eternal Feather","Tiny House"],"picked":"Nuclear Battery"}],"items_purged_floors":[],"is_endless":false,"potions_floor_spawned":[1,5,12,13,20,30,31,33,37,44,46,48],"killed_by":"Donu and Deca","ascension_level":0}