{"gold_per_floor":[116,128,145,157,167,167,197,197,223,249,249,263,0,13,13,111,111,128,128,2,2,13,39,39,54,54,54,71,36,36,55,55,151,151,162,262,282,22,40,40,54,54,77,88,107,121,135,35,35,35],"floor_reached":50,"playtime":5421,"items_purged":["Decay","Parasite"],"score":675,"play_id":"87d5fb41-cda8-4719-b4b5-553d3af5e101","local_time":"20190415155638","is_ascension_mode":true,"campfire_choices":[{"data":"Bash","floor":6.0,"key":"SMITH"},{"data":"Armaments","floor":8.0,"key":"SMITH"},{"floor":15.0,"key":"RECALL"},{"floor":24.0,"key":"REST"},{"data":"Limit Break","floor":27.0,"key":"SMITH"},{"data":"True Grit","floor":32.0,"key":"SMITH"},{"data":"Armaments","floor":40.0,"key":"SMITH"},{"data":"Clothesline","floor":42.0,"key":"SMITH"},{"floor":49.0,"key":"REST"}],"neow_cost":"NONE","seed_source_timestamp":399637483722206,"circlet_count":0,"master_deck":["Strike_R","Strike_R","Strike_R","Strike_R","Strike_R","Defend_R","Defend_R","Defend_R","Defend_R","Bash+1","Headbutt","Wild Strike","Thunderclap","Pummel","Armaments+1","Armaments+1","Armaments+1","Fiend Fire","Flex","Immolate","Cleave+1","True Grit+1","Limit Break+1","Iron Wave","Pummel+1","Searing Blow","Spot Weakness","Sword Boomerang+1","Feed","Clothesline+1","Rage","Armaments+1","Shrug It Off","Parasite"],"special_seed":0,"relics":["Burning Blood","Mango","Happy Flower","Bag of Preparation","Singing Bowl","White Beast Statue","Vajra","Eternal Feather","Shuriken","Red Skull"],"potions_floor_usage":[50,50],"damage_taken":[{"damage":4.0,"enemies":"Jaw Worm","floor":1.0,"turns":4.0},{"damage":6.0,"enemies":"2 Louse","floor":2.0,"turns":4.0},{"damage":0.0,"enemies":"Small Slimes","floor":3.0,"turns":2.0},{"damage":5.0,"enemies":"3 Louse","floor":4.0,"turns":3.0},{"damage":6.0,"enemies":"Gremlin Gang","floor":5.0,"turns":3.0},{"damage":45.0,"enemies":"3 Sentries","floor":7.0,"turns":9.0},{"damage":28.0,"enemies":"Gremlin Nob","floor":10.0,"turns":4.0},{"damage":1.0,"enemies":"Exordium Wildlife","floor":12.0,"turns":3.0},{"damage":1.0,"enemies":"Looter","floor":14.0,"turns":3.0},{"damage":47.0,"enemies":"Hexaghost","floor":16.0,"turns":10.0},{"damage":9.0,"enemies":"Shell Parasite","floor":18.0,"turns":3.0},{"damage":14.0,"enemies":"Chosen","floor":22.0,"turns":4.0},{"damage":40.0,"enemies":"Gremlin Leader","floor":23.0,"turns":7.0},{"damage":2.0,"enemies":"Centurion and Healer","floor":25.0,"turns":3.0},{"damage":0.0,"enemies":"3 Cultists","floor":28.0,"turns":2.0},{"damage":0.0,"enemies":"Cultist and Chosen","floor":31.0,"turns":4.0},{"damage":40.0,"enemies":"Champ","floor":33.0,"turns":5.0},{"damage":21.0,"enemies":"3 Shapes","floor":35.0,"turns":6.0},{"damage":13.0,"enemies":"3 Darklings","floor":37.0,"turns":4.0},{"damage":10.0,"enemies":"4 Shapes","floor":39.0,"turns":6.0},{"damage":48.0,"enemies":"Writhing Mass","floor":41.0,"turns":6.0},{"damage":26.0,"enemies":"Transient","floor":44.0,"turns":5.0},{"damage":38.0,"enemies":"Sphere and 2 Shapes","floor":45.0,"turns":6.0},{"damage":22.0,"enemies":"3 Darklings","floor":46.0,"turns":3.0},{"damage":23.0,"enemies":"Writhing Mass","floor":47.0,"turns":3.0},{"damage":90,"enemies":"Awakened One","floor":50,"turns":4}],"seed_played":"-1553259795077833122","potions_obtained":[{"floor":1.0,"key":"GamblersBrew"},{"floor":4.0,"key":"Block Potion"},{"floor":7.0,"key":"Swift Potion"},{"floor":16.0,"key":"Strength Potion"},{"floor":18.0,"key":"Strength Potion"},{"floor":22.0,"key":"Block Potion"},{"floor":23.0,"key":"SteroidPotion"},{"floor":25.0,"key":"Fire Potion"},{"floor":28.0,"key":"Block Potion"},{"floor":31.0,"key":"FairyPotion"},{"floor":33.0,"key":"Block Potion"},{"floor":35.0,"key":"SkillPotion"},{"floor":37.0,"key":"Energy Potion"},{"floor":39.0,"key":"Dexterity Potion"},{"floor":41.0,"key":"AttackPotion"},{"floor":44.0,"key":"Poison Potion"},{"floor":45.0,"key":"FairyPotion"},{"floor":46.0,"key":"Swift Potion"},{"floor":47.0,"key":"SneckoOil"}],"is_trial":false,"path_per_floor":["M","M","M","M","M","R","E","R","T","E","?","M","$","M","R","B",null,"M","?","$","?","M","E","R","M","T","R","M","$","?","M","R","B",null,"M","?","M","$","M","R","M","R","T","M","M","M","M","$","R","B"],"character_chosen":"IRONCLAD","items_purchased":["Singing Bowl","Flex","True Grit","Spot Weakness","Shuriken"],"campfire_rested":2,"item_purchase_floors":[13,13,20,29,38],"current_hp_per_floor":[88,88,88,88,88,88,63,63,63,41,41,46,46,53,53,12,81,78,78,78,78,70,36,67,71,71,71,77,77,77,83,83,49,90,80,80,73,73,71,89,52,70,70,50,21,17,19,19,72,0],"gold":35,"neow_bonus":"TEN_PERCENT_HP_BONUS","is_prod":false,"is_daily":false,"chose_seed":false,"campfire_upgraded":6,"win_rate":0,"timestamp":1555368998,"path_taken":["M","M","M","M","M","R","E","R","T","E","?","M","$","M","R","BOSS","M","?","$","?","M","E","R","M","T","R","M","$","?","M","R","BOSS","M","?","M","$","M","R","M","R","T","M","M","M","?","$","R","BOSS"],"build_version":"2019-01-23","purchased_purges":2,"victory":false,"max_hp_per_floor":[88,88,88,88,88,88,102,102,102,102,102,102,102,104,104,104,104,104,104,104,104,104,104,104,104,104,104,104,104,104,104,104,104,104,109,109,109,109,111,111,116,116,116,116,119,119,121,118,118,118],"card_choices":[{"not_picked":["Intimidate","Second Wind"],"picked":"Headbutt","floor":1.0},{"not_picked":["Headbutt","Burning Pact"],"picked":"Wild Strike","floor":2.0},{"not_picked":["Anger","Wild Strike"],"picked":"Thunderclap","floor":3.0},{"not_picked":["Clothesline","Thunderclap"],"picked":"Pummel","floor":4.0},{"not_picked":["Feel No Pain","Perfected Strike"],"picked":"Armaments","floor":5.0},{"not_picked":["Infernal Blade","Headbutt"],"picked":"Armaments","floor":7.0},{"not_picked":["Heavy Blade","Perfected Strike"],"picked":"Armaments","floor":10.0},{"not_picked":["Iron Wave","Havoc"],"picked":"Fiend Fire","floor":12.0},{"not_picked":["Corruption","Twin Strike","Clash"],"picked":"Singing Bowl","floor":14.0},{"not_picked":["Limit Break","Juggernaut"],"picked":"Immolate","floor":16.0},{"not_picked":["True Grit","Wild Strike"],"picked":"Cleave+1","floor":18.0},{"not_picked":["Dual Wield","Dropkick"],"picked":"Limit Break","floor":22.0},{"not_picked":["Intimidate","Hemokinesis"],"picked":"Iron Wave","floor":23.0},{"not_picked":["Perfected Strike+1","Shrug It Off"],"picked":"Pummel+1","floor":25.0},{"not_picked":["Perfected Strike","Cleave"],"picked":"Searing Blow","floor":28.0},{"not_picked":["Armaments","Havoc"],"picked":"Sword Boomerang+1","floor":31.0},{"not_picked":["Berserk","Dark Embrace"],"picked":"Feed","floor":33.0},{"not_picked":["Battle Trance+1","True Grit","Iron Wave+1"],"picked":"Singing Bowl","floor":35.0},{"not_picked":["True Grit","Corruption+1"],"picked":"Clothesline","floor":37.0},{"not_picked":["Havoc","Clothesline","Anger"],"picked":"Singing Bowl","floor":39.0},{"not_picked":["Seeing Red","Exhume","Sword Boomerang"],"picked":"Singing Bowl","floor":41.0},{"not_picked":["Twin Strike+1","Clash"],"picked":"Rage","floor":44.0},{"not_picked":["Fire Breathing","Ghostly Armor"],"picked":"Armaments+1","floor":45.0},{"not_picked":["Evolve","Clothesline+1"],"picked":"Shrug It Off","floor":46.0},{"not_picked":["Evolve","Armaments","Twin Strike"],"picked":"Singing Bowl","floor":47.0}],"player_experience":435898,"relics_obtained":[{"floor":7.0,"key":"Mango"},{"floor":9.0,"key":"Happy Flower"},{"floor":10.0,"key":"Bag of Preparation"},{"floor":23.0,"key":"Vajra"},{"floor":43.0,"key":"Red Skull"}],"event_choices":[{"damage_healed":0.0,"max_hp_gain":0.0,"max_hp_loss":0.0,"gold_gain":0.0,"event_name":"Living Wall","player_choice":"Grow","floor":11.0,"gold_loss":0.0,"damage_taken":0.0,"cards_upgraded":["Armaments"]},{"damage_healed":0.0,"max_hp_gain":0.0,"max_hp_loss":0.0,"gold_gain":0.0,"event_name":"Forgotten Altar","player_choice":"Smashed Altar","floor":19.0,"gold_loss":0.0,"damage_taken":0.0,"cards_obtained":["Decay"]},{"damage_healed":0.0,"max_hp_gain":0.0,"max_hp_loss":0.0,"gold_gain":0.0,"event_name":"Beggar","player_choice":"Ignored","floor":21.0,"gold_loss":0.0,"damage_taken":0.0},{"damage_healed":0.0,"max_hp_gain":0.0,"max_hp_loss":0.0,"gold_gain":0.0,"event_name":"Ghosts","player_choice":"Ignored","floor":30.0,"gold_loss":0.0,"damage_taken":0.0},{"damage_healed":0.0,"max_hp_gain":0.0,"max_hp_loss":0.0,"gold_gain":100.0,"event_name":"Golden Shrine","player_choice":"Pray","floor":36.0,"gold_loss":0.0,"damage_taken":0.0}],"is_beta":false,"boss_relics":[{"not_picked":["Philosopher\u0027s Stone","Runic Pyramid"],"picked":"White Beast Statue"},{"not_picked":["Sozu","Calling Bell"],"picked":"Eternal Feather"}],"items_purged_floors":[20,48],"is_endless":false,"potions_floor_spawned":[1,4,7,16,18,22,23,25,28,31,33,35,37,39,41,44,45,46,47],"killed_by":"Awakened One","ascension_level":5}