{"gold_per_floor":[119,294,294,310,328,328,354,354,436,436,436,6,6,6,6,103,103,115,115,5,23,23,23,49,49,49,79,79,20,35,52,52,52],"floor_reached":33,"playtime":2017,"items_purged":["Strike_G","Strike_G"],"score":335,"play_id":"b6da236b-3b3e-47b2-8494-1b23a8da439b","local_time":"20190522193839","is_ascension_mode":true,"campfire_choices":[{"floor":6,"key":"REST"},{"floor":8,"key":"REST"},{"data":"A Thousand Cuts","floor":10,"key":"SMITH"},{"data":"Discovery","floor":13,"key":"SMITH"},{"data":"Neutralize","floor":15,"key":"SMITH"},{"floor":23,"key":"REST"},{"floor":25,"key":"REST"},{"floor":28,"key":"REST"},{"data":"Tools of the Trade","floor":32,"key":"SMITH"}],"neow_cost":"PERCENT_DAMAGE","seed_source_timestamp":330968486263500,"circlet_count":0,"master_deck":["Defend_G+1","Defend_G","Defend_G","Defend_G","Defend_G","Strike_G","Strike_G+1","Strike_G","Survivor","Neutralize+1","A Thousand Cuts+1","Backstab","Doubt","Cloak And Dagger","Tactician","Backflip","Discovery+1","Tools of the Trade+1","Prepared+1","Heel Hook","Sucker Punch+1","Infinite Blades","Dagger Spray+1","Deflect","Reflex","Acrobatics"],"relics":["Ring of the Snake","Question Card","Regal Pillow","The Courier","Letter Opener","Eternal Feather","MutagenicStrength","StoneCalendar","Ancient Tea Set","Art of War"],"potions_floor_usage":[7,16,16,18,24,27],"damage_taken":[{"damage":7,"enemies":"Small Slimes","floor":1,"turns":5},{"damage":5,"enemies":"Jaw Worm","floor":4,"turns":7},{"damage":0,"enemies":"2 Louse","floor":5,"turns":3},{"damage":24,"enemies":"3 Sentries","floor":7,"turns":11},{"damage":21,"enemies":"Slime Boss","floor":16,"turns":8},{"damage":24,"enemies":"Chosen","floor":18,"turns":8},{"damage":39,"enemies":"Spheric Guardian","floor":21,"turns":6},{"damage":35,"enemies":"Gremlin Leader","floor":24,"turns":6},{"damage":45,"enemies":"Book of Stabbing","floor":27,"turns":7},{"damage":3,"enemies":"Cultist and Chosen","floor":30,"turns":3},{"damage":27,"enemies":"Centurion and Healer","floor":31,"turns":6},{"damage":57,"enemies":"Automaton","floor":33,"turns":6}],"seed_played":"3336084625901622794","potions_obtained":[{"floor":1,"key":"EssenceOfSteel"},{"floor":16,"key":"Regen Potion"},{"floor":21,"key":"Strength Potion"},{"floor":24,"key":"Regen Potion"},{"floor":30,"key":"Swift Potion"}],"is_trial":false,"path_per_floor":["M","?","T","M","M","R","E","R","T","R","?","$","R","?","R","B",null,"M","?","$","M","?","R","E","R","T","E","R","$","M","M","R","B"],"character_chosen":"THE_SILENT","items_purchased":["Discovery","Letter Opener","SkillPotion","GhostInAJar","Heel Hook","Deflect","Block Potion"],"campfire_rested":5,"item_purchase_floors":[12,12,12,12,20,29,29],"current_hp_per_floor":[42,42,42,37,37,58,34,70,70,70,70,70,70,56,56,35,70,55,55,55,16,16,64,29,70,70,35,70,70,67,40,55,0],"gold":52,"neow_bonus":"THREE_RARE_CARDS","is_prod":false,"is_daily":false,"chose_seed":false,"campfire_upgraded":4,"win_rate":0,"timestamp":1558546719,"path_taken":["M","?","?","M","M","R","E","R","T","R","?","$","R","?","R","BOSS","M","?","$","M","?","R","E","R","T","E","R","$","M","M","R","BOSS"],"build_version":"2019-05-07","purchased_purges":2,"victory":false,"max_hp_per_floor":[70,70,70,70,70,70,70,70,70,70,70,70,70,70,70,70,70,70,70,70,70,70,70,70,70,70,70,70,70,70,70,70,70],"card_choices":[{"not_picked":["Night Terror","Storm of Steel"],"picked":"A Thousand Cuts","floor":0},{"not_picked":["Tactician","Underhanded Strike"],"picked":"Backstab","floor":1},{"not_picked":["Dagger Spray","Blade Dance","Bane"],"picked":"Cloak And Dagger","floor":4},{"not_picked":["Flechettes","Blur","Masterful Stab"],"picked":"Tactician","floor":5},{"not_picked":["Setup","Expertise","Underhanded Strike"],"picked":"Backflip","floor":7},{"not_picked":["Grand Finale","Doppelganger","Phantasmal Killer"],"picked":"Tools of the Trade","floor":16},{"not_picked":["Deflect","Backflip","Bane"],"picked":"Prepared+1","floor":18},{"not_picked":["Dagger Spray","Dagger Throw","Cloak And Dagger"],"picked":"Sucker Punch+1","floor":21},{"not_picked":["Predator","Flying Knee+1","Bouncing Flask+1"],"picked":"Infinite Blades","floor":24},{"not_picked":["Envenom","Riddle With Holes","Dagger Throw"],"picked":"Dagger Spray+1","floor":27},{"not_picked":["Backflip","Underhanded Strike+1","All Out Attack"],"picked":"Reflex","floor":30},{"not_picked":["Noxious Fumes","Prepared","Reflex"],"picked":"Acrobatics","floor":31}],"player_experience":325635,"relics_obtained":[{"floor":3,"key":"Question Card"},{"floor":7,"key":"Regal Pillow"},{"floor":9,"key":"The Courier"},{"floor":24,"key":"StoneCalendar"},{"floor":26,"key":"Ancient Tea Set"},{"floor":27,"key":"Art of War"}],"event_choices":[{"damage_healed":0,"gold_gain":175,"player_choice":"AGREE","damage_taken":0,"max_hp_gain":0,"max_hp_loss":0,"event_name":"Liars Game","floor":2,"gold_loss":0,"cards_obtained":["Doubt"]},{"damage_healed":0,"gold_gain":0,"player_choice":"Fled","damage_taken":0,"max_hp_gain":0,"max_hp_loss":0,"event_name":"Scrap Ooze","floor":11,"gold_loss":0},{"damage_healed":0,"gold_gain":0,"player_choice":"Entered Light","damage_taken":14,"max_hp_gain":0,"max_hp_loss":0,"event_name":"Shining Light","floor":14,"gold_loss":0,"cards_upgraded":["Strike_G","Defend_G"]},{"damage_healed":0,"gold_gain":0,"player_choice":"Ignored","damage_taken":0,"max_hp_gain":0,"max_hp_loss":0,"event_name":"Ghosts","floor":19,"gold_loss":0},{"damage_healed":0,"gold_gain":0,"player_choice":"Inject Mutagens","damage_taken":0,"relics_obtained":["MutagenicStrength"],"max_hp_gain":0,"max_hp_loss":0,"event_name":"Drug Dealer","floor":22,"gold_loss":0}],"is_beta":true,"boss_relics":[{"not_picked":["Pandora\u0027s Box","White Beast Statue"],"picked":"Eternal Feather"}],"items_purged_floors":[12,20],"is_endless":false,"potions_floor_spawned":[1,16,21,24,30],"killed_by":"Automaton","ascension_level":4}