{"gold_per_floor":[109,109,109,127,139,139,139,139,139,157,1,11,37,53,53,127,127,141,159,174,174,1,1,30,30,57,57,86,96,0,15,15,91,91,102,117,117,117,137,169,169,187,187,212,212,247,35,35,35,35,35],"floor_reached":51,"playtime":2748,"items_purged":[],"score":1600,"play_id":"e6431d04-f2cc-4870-9616-1eb3285fec90","local_time":"20190527144924","is_ascension_mode":true,"campfire_choices":[{"data":"Whirlwind","floor":6.0,"key":"SMITH"},{"data":"Bash","floor":8.0,"key":"SMITH"},{"floor":15.0,"key":"REST"},{"data":"Demon Form","floor":23.0,"key":"SMITH"},{"data":"Shrug It Off","floor":25.0,"key":"SMITH"},{"data":"Metallicize","floor":27.0,"key":"SMITH"},{"data":"Shrug It Off","floor":32.0,"key":"SMITH"},{"data":"Juggernaut","floor":41.0,"key":"SMITH"},{"data":"Shockwave","floor":45.0,"key":"SMITH"},{"data":"Battle Trance","floor":49.0,"key":"SMITH"}],"neow_cost":"NONE","seed_source_timestamp":19016105288194,"circlet_count":0,"master_deck":["AscendersBane","Strike_R+1","Strike_R","Strike_R","Strike_R","Strike_R","Defend_R","Defend_R","Defend_R","Defend_R+1","Bash+1","Shrug It Off+1","Whirlwind+1","Twin Strike","Juggernaut+1","Demon Form+1","Heavy Blade+1","Bludgeon+1","Battle Trance+1","Metallicize+1","Sword Boomerang+1","Pummel+1","Shrug It Off+1","Iron Wave+1","Reaper+1","Shockwave+1","Shockwave+1","Feed+1","Evolve+1","Dual Wield+1","Heavy Blade+1","Bludgeon+1","Demon Form+1","Doubt"],"special_seed":0,"relics":["Burning Blood","Bag of Preparation","Question Card","Mercury Hourglass","Molten Egg 2","Coffee Dripper","Enchiridion","PreservedInsect","Strawberry","Pen Nib","Vajra","Snecko Eye","Shuriken","Toxic Egg 2","Meat on the Bone","Blue Candle","DollysMirror"],"potions_floor_usage":[],"damage_taken":[{"damage":7.0,"enemies":"Small Slimes","floor":1.0,"turns":3.0},{"damage":3.0,"enemies":"2 Louse","floor":4.0,"turns":3.0},{"damage":0.0,"enemies":"Jaw Worm","floor":5.0,"turns":4.0},{"damage":0.0,"enemies":"3 Louse","floor":10.0,"turns":1.0},{"damage":6.0,"enemies":"Looter","floor":12.0,"turns":3.0},{"damage":27.0,"enemies":"Lagavulin","floor":13.0,"turns":6.0},{"damage":10.0,"enemies":"Red Slaver","floor":14.0,"turns":3.0},{"damage":25.0,"enemies":"Hexaghost","floor":16.0,"turns":8.0},{"damage":0.0,"enemies":"3 Byrds","floor":18.0,"turns":3.0},{"damage":0.0,"enemies":"Chosen","floor":19.0,"turns":3.0},{"damage":0.0,"enemies":"3 Cultists","floor":20.0,"turns":3.0},{"damage":10.0,"enemies":"Gremlin Leader","floor":24.0,"turns":4.0},{"damage":26.0,"enemies":"Slavers","floor":28.0,"turns":3.0},{"damage":16.0,"enemies":"Shelled Parasite and Fungi","floor":29.0,"turns":3.0},{"damage":3.0,"enemies":"Centurion and Healer","floor":31.0,"turns":4.0},{"damage":24.0,"enemies":"Champ","floor":33.0,"turns":7.0},{"damage":0.0,"enemies":"3 Darklings","floor":35.0,"turns":3.0},{"damage":12.0,"enemies":"3 Shapes","floor":36.0,"turns":4.0},{"damage":17.0,"enemies":"3 Darklings","floor":39.0,"turns":5.0},{"damage":0.0,"enemies":"Giant Head","floor":40.0,"turns":4.0},{"damage":31.0,"enemies":"Jaw Worm Horde","floor":42.0,"turns":3.0},{"damage":0.0,"enemies":"Nemesis","floor":44.0,"turns":3.0},{"damage":30.0,"enemies":"Giant Head","floor":46.0,"turns":5.0},{"damage":74.0,"enemies":"Time Eater","floor":50.0,"turns":6.0},{"damage":53,"enemies":"Donu and Deca","floor":51,"turns":4}],"seed_played":"-7060317409989414718","potions_obtained":[{"floor":4.0,"key":"Ancient Potion"},{"floor":12.0,"key":"SkillPotion"},{"floor":18.0,"key":"Block Potion"},{"floor":24.0,"key":"SteroidPotion"},{"floor":33.0,"key":"Fire Potion"},{"floor":36.0,"key":"Regen Potion"},{"floor":40.0,"key":"Fire Potion"},{"floor":42.0,"key":"Poison Potion"}],"is_trial":false,"path_per_floor":["M","?","?","M","M","R","$","R","T","M","$","M","E","M","R","B",null,"M","M","M","?","$","R","E","R","T","R","E","M","?","M","R","B",null,"M","M","$","?","M","E","R","M","T","E","R","E","$","?","R","B","B"],"character_chosen":"IRONCLAD","items_purchased":["Juggernaut","PreservedInsect","DollysMirror"],"campfire_rested":1,"item_purchase_floors":[11,22,47],"current_hp_per_floor":[67,44,26,29,35,35,35,35,35,41,41,41,20,16,38,19,61,67,73,75,54,54,54,57,57,57,57,37,27,27,30,30,12,65,82,76,76,76,75,82,82,57,57,63,63,50,50,82,82,26,0],"gold":35,"neow_bonus":"RANDOM_COMMON_RELIC","is_prod":false,"is_daily":false,"chose_seed":false,"campfire_upgraded":9,"win_rate":0,"timestamp":1558961364,"path_taken":["M","?","?","?","M","R","$","R","T","M","$","M","E","M","R","BOSS","M","M","M","?","$","R","E","R","T","R","E","M","?","M","R","BOSS","M","M","$","?","M","E","R","?","T","E","R","E","$","?","R","BOSS","BOSS"],"build_version":"2019-01-23","purchased_purges":0,"victory":false,"max_hp_per_floor":[75,75,75,75,75,75,75,75,75,75,75,75,75,75,75,75,75,75,75,75,75,75,75,82,82,82,82,82,82,82,82,82,82,82,82,82,82,82,82,82,82,82,82,82,82,82,82,82,82,82,82],"card_choices":[{"not_picked":["True Grit","Pommel Strike"],"picked":"Shrug It Off","floor":1.0},{"not_picked":["Pommel Strike","Sword Boomerang","Shrug It Off"],"picked":"Whirlwind","floor":4.0},{"not_picked":["True Grit","Heavy Blade","Dual Wield","Body Slam"],"picked":"SKIP","floor":5.0},{"not_picked":["True Grit","Heavy Blade","Dual Wield","Body Slam"],"picked":"SKIP","floor":5.0},{"not_picked":["Second Wind","Heavy Blade","Iron Wave"],"picked":"Twin Strike","floor":10.0},{"not_picked":["Anger","Wild Strike","Twin Strike"],"picked":"Demon Form","floor":12.0},{"not_picked":["True Grit","Armaments","Body Slam","Warcry"],"picked":"SKIP","floor":13.0},{"not_picked":["Whirlwind+1","Body Slam+1","Combust"],"picked":"Heavy Blade+1","floor":14.0},{"not_picked":["Brutality","Barricade","Juggernaut"],"picked":"Bludgeon+1","floor":16.0},{"not_picked":["Body Slam+1","Anger+1","Heavy Blade+1"],"picked":"Battle Trance","floor":18.0},{"not_picked":["Cleave+1","Intimidate","Searing Blow+1"],"picked":"Metallicize","floor":19.0},{"not_picked":["Dropkick+1","Perfected Strike+1","Double Tap"],"picked":"Sword Boomerang+1","floor":20.0},{"not_picked":["Flex","Entrench","Second Wind","Intimidate"],"picked":"SKIP","floor":24.0},{"not_picked":["Twin Strike+1","Metallicize","Feel No Pain+1"],"picked":"Pummel+1","floor":28.0},{"not_picked":["Pummel+1","Body Slam+1","Anger+1"],"picked":"Shrug It Off","floor":29.0},{"not_picked":["Flame Barrier","Anger+1","Demon Form"],"picked":"Iron Wave+1","floor":31.0},{"not_picked":["Fiend Fire+1","Juggernaut","Double Tap"],"picked":"Reaper+1","floor":33.0},{"not_picked":["Pommel Strike+1","Reckless Charge+1","Feel No Pain"],"picked":"Shockwave","floor":35.0},{"not_picked":["Dual Wield+1","Second Wind","True Grit+1"],"picked":"Shockwave+1","floor":36.0},{"not_picked":["Shrug It Off","Seeing Red","Thunderclap+1"],"picked":"Feed+1","floor":39.0},{"not_picked":["Power Through","Spot Weakness+1","Infernal Blade+1"],"picked":"Evolve+1","floor":40.0},{"not_picked":["True Grit","Wild Strike+1","Bloodletting"],"picked":"Dual Wield+1","floor":42.0},{"not_picked":["Headbutt+1","Iron Wave+1","Cleave+1"],"picked":"Heavy Blade+1","floor":44.0},{"not_picked":["Iron Wave+1","Perfected Strike+1","Sword Boomerang+1"],"picked":"Bludgeon+1","floor":46.0}],"player_experience":98252,"relics_obtained":[{"floor":9.0,"key":"Mercury Hourglass"},{"floor":13.0,"key":"Molten Egg 2"},{"floor":21.0,"key":"Enchiridion"},{"floor":24.0,"key":"Strawberry"},{"floor":26.0,"key":"Pen Nib"},{"floor":28.0,"key":"Vajra"},{"floor":40.0,"key":"Shuriken"},{"floor":43.0,"key":"Toxic Egg 2"},{"floor":44.0,"key":"Meat on the Bone"},{"floor":46.0,"key":"Blue Candle"}],"event_choices":[{"damage_healed":0.0,"max_hp_gain":0.0,"max_hp_loss":0.0,"gold_gain":0.0,"event_name":"Shining Light","player_choice":"Entered Light","floor":2.0,"gold_loss":0.0,"damage_taken":23.0,"cards_upgraded":["Strike_R","Defend_R"]},{"damage_healed":0.0,"max_hp_gain":0.0,"max_hp_loss":0.0,"gold_gain":0.0,"event_name":"Scrap Ooze","player_choice":"Success","floor":3.0,"gold_loss":0.0,"damage_taken":18.0,"relics_obtained":["Question Card"]},{"damage_healed":0.0,"max_hp_gain":0.0,"max_hp_loss":0.0,"gold_gain":0.0,"event_name":"Cursed Tome","player_choice":"Obtained Book","floor":21.0,"gold_loss":0.0,"damage_taken":21.0},{"damage_healed":0.0,"max_hp_gain":0.0,"max_hp_loss":0.0,"gold_gain":0.0,"event_name":"Masked Bandits","player_choice":"Paid Fearfully","floor":30.0,"gold_loss":96.0,"damage_taken":0.0},{"damage_healed":0.0,"max_hp_gain":0.0,"max_hp_loss":0.0,"gold_gain":0.0,"event_name":"SecretPortal","player_choice":"Ignored","floor":38.0,"gold_loss":0.0,"damage_taken":0.0},{"damage_healed":32.0,"max_hp_gain":0.0,"max_hp_loss":0.0,"gold_gain":0.0,"event_name":"MindBloom","player_choice":"Heal","floor":48.0,"gold_loss":0.0,"damage_taken":0.0,"cards_obtained":["Doubt"]}],"is_beta":false,"boss_relics":[{"not_picked":["Runic Cube","Runic Dome"],"picked":"Coffee Dripper"},{"not_picked":["Sozu","Eternal Feather"],"picked":"Snecko Eye"}],"items_purged_floors":[],"is_endless":false,"potions_floor_spawned":[4,12,14,18,24,33,36,40,42],"killed_by":"Donu and Deca","ascension_level":20}