{"gold_per_floor":[113,113,131,145,165,165,200,200,225,225,252,269,285,250,250,352,352,364,383,402,12,27,27,57,57,131,131,148,148,182,107,107,212,212,224,238,238,258,275,303,323,353,353,353,366,378,397,397,397,397,397,397,122,157,157],"floor_reached":56,"playtime":9277,"items_purged":["Parasite"],"score":1577,"play_id":"c1881f4a-7e10-4ccc-8eec-5aeef8336ded","local_time":"20190607223252","is_ascension_mode":true,"campfire_choices":[{"data":"Bash","floor":6.0,"key":"SMITH"},{"data":"Feed","floor":8.0,"key":"SMITH"},{"data":"Metallicize","floor":10.0,"key":"SMITH"},{"floor":15.0,"key":"RECALL"},{"data":"True Grit","floor":23.0,"key":"SMITH"},{"data":"Flame Barrier","floor":25.0,"key":"SMITH"},{"data":"Clothesline","floor":27.0,"key":"SMITH"},{"floor":32.0,"key":"REST"},{"floor":44.0,"key":"REST"},{"floor":49.0,"key":"REST"},{"data":"Demon Form","floor":52,"key":"SMITH"}],"neow_cost":"NONE","seed_source_timestamp":0,"circlet_count":0,"master_deck":["Strike_R","Strike_R","Defend_R","Defend_R","Defend_R","Defend_R","Bash+1","Metallicize+1","Armaments","Rampage","Feed+1","Flame Barrier+1","Clothesline+1","Demon Form+1","Headbutt","True Grit+1","Impervious","Shrug It Off","Sentinel","True Grit+1","Reaper","Juggernaut","Pummel","Shrug It Off","Whirlwind","True Grit+1","Armaments+1","True Grit+1","Headbutt","Feel No Pain","Corruption+1","Headbutt+1"],"special_seed":0,"relics":["Burning Blood","Dream Catcher","Bag of Preparation","Strawberry","Sozu","Ice Cream","Sundial","Red Mask","Lizard Tail","Mercury Hourglass","Bag of Marbles","Dead Branch","Sling","Torii"],"potions_floor_usage":[],"damage_taken":[{"damage":18.0,"enemies":"Jaw Worm","floor":1.0,"turns":5.0},{"damage":5.0,"enemies":"Small Slimes","floor":3.0,"turns":5.0},{"damage":1.0,"enemies":"2 Louse","floor":4.0,"turns":2.0},{"damage":0.0,"enemies":"2 Fungi Beasts","floor":5.0,"turns":4.0},{"damage":33.0,"enemies":"3 Sentries","floor":7.0,"turns":12.0},{"damage":25.0,"enemies":"Gremlin Nob","floor":11.0,"turns":5.0},{"damage":4.0,"enemies":"Blue Slaver","floor":12.0,"turns":4.0},{"damage":8.0,"enemies":"Gremlin Gang","floor":13.0,"turns":5.0},{"damage":32.0,"enemies":"Hexaghost","floor":16.0,"turns":12.0},{"damage":15.0,"enemies":"Shell Parasite","floor":18.0,"turns":5.0},{"damage":15.0,"enemies":"Chosen","floor":19.0,"turns":6.0},{"damage":18.0,"enemies":"Shelled Parasite and Fungi","floor":20.0,"turns":7.0},{"damage":3.0,"enemies":"Cultist and Chosen","floor":22.0,"turns":8.0},{"damage":3.0,"enemies":"Book of Stabbing","floor":24.0,"turns":7.0},{"damage":1.0,"enemies":"Snecko","floor":28.0,"turns":4.0},{"damage":60.0,"enemies":"Masked Bandits","floor":30.0,"turns":8.0},{"damage":78.0,"enemies":"Champ","floor":33.0,"turns":13.0},{"damage":25.0,"enemies":"3 Darklings","floor":35.0,"turns":8.0},{"damage":16.0,"enemies":"Orb Walker","floor":36.0,"turns":6.0},{"damage":14.0,"enemies":"3 Darklings","floor":38.0,"turns":7.0},{"damage":0.0,"enemies":"Maw","floor":39.0,"turns":8.0},{"damage":49.0,"enemies":"Nemesis","floor":40.0,"turns":17.0},{"damage":20.0,"enemies":"Sphere and 2 Shapes","floor":41.0,"turns":8.0},{"damage":56.0,"enemies":"Reptomancer","floor":42.0,"turns":11.0},{"damage":3.0,"enemies":"4 Shapes","floor":45.0,"turns":9.0},{"damage":30.0,"enemies":"Transient","floor":46.0,"turns":5.0},{"damage":25.0,"enemies":"Writhing Mass","floor":47.0,"turns":5.0},{"damage":126,"enemies":"Awakened One","floor":50,"turns":10},{"damage":6,"enemies":"Shield and Spear","floor":54,"turns":5},{"damage":21,"enemies":"The Heart","floor":55,"turns":7}],"seed_played":"-4350483980186517270","potions_obtained":[{"floor":1.0,"key":"Block Potion"},{"floor":4.0,"key":"SpeedPotion"},{"floor":7.0,"key":"SneckoOil"},{"floor":11.0,"key":"LiquidBronze"},{"floor":16.0,"key":"SpeedPotion"}],"is_trial":false,"path_per_floor":["M","?","M","M","M","R","E","R","T","R","E","M","M","?","R","B",null,"M","M","M","$","M","R","E","R","T","R","M","?","?","?","R","B",null,"M","M","?","M","M","E","M","E","T","R","M","M","M","?","R","B",null,"R","$","E","B",null],"character_chosen":"IRONCLAD","items_purchased":["Impervious","Ice Cream","Sling"],"campfire_rested":3,"item_purchase_floors":[21,21,53],"current_hp_per_floor":[76,69,70,75,81,81,54,54,54,54,42,48,50,75,75,49,103,98,89,81,81,88,88,91,91,91,91,96,96,42,42,76,23,115,100,94,94,86,96,74,60,10,10,48,63,39,20,20,58,29,127,127,124,124,109],"gold":157,"neow_bonus":"TEN_PERCENT_HP_BONUS","is_prod":false,"is_daily":false,"chose_seed":false,"campfire_upgraded":7,"win_rate":0,"timestamp":1559939572,"path_taken":["M","?","M","M","M","R","E","R","T","R","E","M","M","?","R","BOSS","M","M","M","$","M","R","E","R","T","R","M","?","?","?","R","BOSS","M","M","?","?","M","E","M","E","T","R","M","M","M","?","R","BOSS","R","$","E","BOSS"],"build_version":"2019-01-23","purchased_purges":1,"victory":true,"max_hp_per_floor":[88,88,88,88,88,88,88,88,88,88,95,99,103,103,103,103,103,107,107,111,111,115,115,115,115,115,115,115,115,115,115,115,115,115,119,123,123,123,127,127,127,127,127,127,127,127,127,127,127,127,127,127,124,124,124],"card_choices":[{"not_picked":["Twin Strike","Clash"],"picked":"Metallicize","floor":1.0},{"not_picked":["Sentinel","Seeing Red"],"picked":"Armaments","floor":3.0},{"not_picked":["Clothesline","Reckless Charge"],"picked":"Rampage","floor":4.0},{"not_picked":["Havoc","Dual Wield","Perfected Strike"],"picked":"SKIP","floor":5.0},{"not_picked":["Warcry","Searing Blow"],"picked":"Feed","floor":7.0},{"not_picked":["Headbutt","Iron Wave"],"picked":"Flame Barrier","floor":11.0},{"not_picked":["Infernal Blade","Iron Wave","Clash"],"picked":"SKIP","floor":12.0},{"not_picked":["Bloodletting","Blood for Blood"],"picked":"Clothesline","floor":13.0},{"not_picked":["Fiend Fire","Barricade"],"picked":"Demon Form","floor":16.0},{"not_picked":["Anger","Perfected Strike+1"],"picked":"Headbutt","floor":18.0},{"not_picked":["Thunderclap+1","Spot Weakness+1","Corruption+1"],"picked":"SKIP","floor":19.0},{"not_picked":["Spot Weakness","Searing Blow"],"picked":"True Grit","floor":20.0},{"not_picked":["Dual Wield","Wild Strike+1"],"picked":"Shrug It Off","floor":22.0},{"not_picked":["Reckless Charge","Wild Strike+1"],"picked":"Sentinel","floor":24.0},{"not_picked":["Armaments+1","Clash"],"picked":"True Grit+1","floor":28.0},{"not_picked":["Perfected Strike","Pommel Strike"],"picked":"Reaper","floor":30.0},{"not_picked":["Feed","Limit Break"],"picked":"Juggernaut","floor":33.0},{"not_picked":["Warcry+1","Cleave"],"picked":"Pummel","floor":35.0},{"not_picked":["Corruption+1","Warcry"],"picked":"Shrug It Off","floor":36.0},{"not_picked":["Burning Pact","Havoc+1"],"picked":"Whirlwind","floor":38.0},{"not_picked":["Warcry","Flex+1"],"picked":"True Grit+1","floor":39.0},{"not_picked":["Demon Form","Cleave+1"],"picked":"Armaments+1","floor":40.0},{"not_picked":["Twin Strike","Rampage","Iron Wave"],"picked":"SKIP","floor":41.0},{"not_picked":["Searing Blow+1","Evolve+1"],"picked":"True Grit+1","floor":42.0},{"not_picked":["Havoc","Reckless Charge"],"picked":"Headbutt","floor":44.0},{"not_picked":["Cleave","Body Slam+1"],"picked":"Feel No Pain","floor":45.0},{"not_picked":["Combust","Seeing Red+1"],"picked":"Corruption+1","floor":46.0},{"not_picked":["Corruption","Iron Wave+1"],"picked":"Headbutt+1","floor":47.0},{"not_picked":["Reaper","Wild Strike","Blood for Blood"],"picked":"SKIP","floor":54}],"player_experience":380820,"relics_obtained":[{"floor":7.0,"key":"Dream Catcher"},{"floor":9.0,"key":"Bag of Preparation"},{"floor":11.0,"key":"Strawberry"},{"floor":24.0,"key":"Sundial"},{"floor":30.0,"key":"Red Mask"},{"floor":40.0,"key":"Mercury Hourglass"},{"floor":42.0,"key":"Bag of Marbles"},{"floor":43.0,"key":"Dead Branch"},{"floor":54,"key":"Torii"}],"event_choices":[{"cards_removed":["Strike_R"],"damage_healed":0.0,"max_hp_gain":0.0,"max_hp_loss":0.0,"gold_gain":0.0,"event_name":"Golden Wing","player_choice":"Card Removal","floor":2.0,"gold_loss":0.0,"damage_taken":7.0},{"damage_healed":25.0,"max_hp_gain":0.0,"max_hp_loss":0.0,"gold_gain":0.0,"event_name":"The Cleric","player_choice":"Healed","floor":14.0,"gold_loss":35.0,"damage_taken":0.0},{"damage_healed":0.0,"max_hp_gain":0.0,"max_hp_loss":0.0,"gold_gain":0.0,"event_name":"Vampires","player_choice":"Ignored","floor":29.0,"gold_loss":0.0,"damage_taken":0.0},{"damage_healed":0.0,"max_hp_gain":0.0,"max_hp_loss":0.0,"gold_gain":0.0,"event_name":"Masked Bandits","player_choice":"Fought Bandits","floor":30.0,"gold_loss":0.0,"damage_taken":0.0},{"cards_removed":["Strike_R"],"damage_healed":0.0,"max_hp_gain":0.0,"max_hp_loss":0.0,"gold_gain":0.0,"event_name":"Beggar","player_choice":"Gave Gold","floor":31.0,"gold_loss":75.0,"damage_taken":0.0},{"cards_removed":["Strike_R"],"damage_healed":0.0,"max_hp_gain":0.0,"max_hp_loss":0.0,"gold_gain":0.0,"event_name":"Bonfire Elementals","player_choice":"Offered Basic","floor":37.0,"gold_loss":0.0,"damage_taken":0.0},{"damage_healed":0.0,"max_hp_gain":0.0,"max_hp_loss":0.0,"gold_gain":0.0,"event_name":"Mysterious Sphere","player_choice":"Ignored","floor":48.0,"gold_loss":0.0,"damage_taken":0.0}],"is_beta":false,"boss_relics":[{"not_picked":["Tiny House","Mark of Pain"],"picked":"Sozu"},{"not_picked":["Pandora\u0027s Box","Runic Cube"],"picked":"Lizard Tail"}],"items_purged_floors":[53],"is_endless":false,"potions_floor_spawned":[1,4,7,11,16,22,30,36,39,40,42,47,54],"ascension_level":4}