{"gold_per_floor":[112,66,16,28,38,70,70,105,105,105,105,105,105,138,138,241,241,241,241,241,241,241,241,241,241,241,23,23,23,23,23,23,23,23,23,23,23,23,23,23,23,23,23,23,23,23,23,23,23,23],"floor_reached":51,"playtime":2745,"items_purged":["Strike_G"],"score":929,"play_id":"702ef6b5-5241-4972-8a87-b94d67992ee7","local_time":"20190606211842","is_ascension_mode":true,"campfire_choices":[{"data":"Catalyst","floor":7.0,"key":"SMITH"},{"floor":11.0,"key":"REST"},{"data":"Dagger Spray","floor":12.0,"key":"SMITH"},{"data":"Well Laid Plans","floor":13.0,"key":"SMITH"},{"data":"Footwork","floor":15.0,"key":"SMITH"},{"floor":24.0,"key":"REST"},{"data":"Cloak And Dagger","floor":29.0,"key":"SMITH"},{"floor":32.0,"key":"REST"},{"data":"Leg Sweep","floor":40,"key":"SMITH"},{"floor":42,"key":"REST"},{"data":"Catalyst","floor":45,"key":"SMITH"},{"data":"Catalyst","floor":47,"key":"SMITH"},{"floor":49,"key":"REST"}],"neow_cost":"NONE","seed_source_timestamp":32592952003187,"circlet_count":0,"master_deck":["Defend_G","Defend_G","Defend_G+1","Defend_G","Defend_G","Strike_G","Strike_G","Strike_G","Survivor","Neutralize+1","Catalyst+1","Poisoned Stab+1","Slice","Poisoned Stab","Dagger Spray+1","Well Laid Plans+1","Footwork+1","Malaise","Deadly Poison","RitualDagger+1","Catalyst+1","Cloak And Dagger+1","Cloak And Dagger+1","Dodge and Roll","Calculated Gamble","Flying Knee+1","Die Die Die","Poisoned Stab+1","PiercingWail+1","PiercingWail+1","Leg Sweep+1","Dodge and Roll+1","Catalyst+1","Bane+1","Glass Knife+1"],"special_seed":0,"relics":["Ring of the Snake","Gremlin Horn","The Specimen","WingedGreaves","Sundial","Ectoplasm","Whetstone","Lantern","Oddly Smooth Stone","Vajra","Letter Opener","Sozu","Molten Egg 2","Bottled Tornado","Boot"],"potions_floor_usage":[33,50],"damage_taken":[{"damage":6.0,"enemies":"Cultist","floor":1.0,"turns":4.0},{"damage":0.0,"enemies":"Small Slimes","floor":4.0,"turns":3.0},{"damage":2.0,"enemies":"Jaw Worm","floor":5.0,"turns":4.0},{"damage":6.0,"enemies":"3 Sentries","floor":6.0,"turns":7.0},{"damage":22.0,"enemies":"Gremlin Nob","floor":8.0,"turns":4.0},{"damage":11.0,"enemies":"3 Sentries","floor":14.0,"turns":5.0},{"damage":1.0,"enemies":"Hexaghost","floor":16.0,"turns":8.0},{"damage":10.0,"enemies":"Spheric Guardian","floor":18.0,"turns":6.0},{"damage":6.0,"enemies":"3 Byrds","floor":22.0,"turns":2.0},{"damage":20.0,"enemies":"Slavers","floor":23.0,"turns":4.0},{"damage":4.0,"enemies":"Book of Stabbing","floor":25.0,"turns":5.0},{"damage":19.0,"enemies":"Gremlin Leader","floor":28.0,"turns":6.0},{"damage":0.0,"enemies":"Snake Plant","floor":30.0,"turns":2.0},{"damage":22.0,"enemies":"Slavers","floor":31.0,"turns":4.0},{"damage":11,"enemies":"Collector","floor":33,"turns":8},{"damage":11,"enemies":"Orb Walker","floor":35,"turns":5},{"damage":9,"enemies":"3 Darklings","floor":36,"turns":5},{"damage":5,"enemies":"Maw","floor":37,"turns":8},{"damage":15,"enemies":"Sphere and 2 Shapes","floor":39,"turns":6},{"damage":0,"enemies":"Reptomancer","floor":41,"turns":4},{"damage":3,"enemies":"Spire Growth","floor":44,"turns":6},{"damage":0,"enemies":"Jaw Worm Horde","floor":46,"turns":3},{"damage":2,"enemies":"Giant Head","floor":48,"turns":9},{"damage":40,"enemies":"Time Eater","floor":50,"turns":16}],"seed_played":"-2359315628580687203","potions_obtained":[{"floor":0.0,"key":"SmokeBomb"},{"floor":0.0,"key":"SteroidPotion"},{"floor":0.0,"key":"Swift Potion"},{"floor":5.0,"key":"Ancient Potion"},{"floor":16.0,"key":"LiquidBronze"},{"floor":18.0,"key":"EssenceOfSteel"},{"floor":28.0,"key":"SneckoOil"},{"floor":31.0,"key":"Explosive Potion"},{"floor":33,"key":"GamblersBrew"}],"is_trial":false,"path_per_floor":["M","$","?","M","M","E","R","E","T","?","R","R","R","E","R","B",null,"M","?","?","?","M","E","R","E","T","$","E","R","M","E","R","B",null,"M","M","M","?","M","R","E","R","T","M","R","M","R","E","R","B",null],"character_chosen":"THE_SILENT","items_purchased":["Poisoned Stab","Cloak And Dagger","Regen Potion","Dodge and Roll"],"campfire_rested":5,"item_purchase_floors":[2,27,27,27],"current_hp_per_floor":[64,64,64,64,62,56,56,34,34,20,41,41,41,30,30,29,70,60,54,54,54,48,28,49,45,45,45,41,41,41,19,40,29,70,59,50,45,45,30,30,30,51,51,48,48,48,48,46,67,27],"gold":23,"neow_bonus":"THREE_SMALL_POTIONS","is_prod":false,"is_daily":false,"chose_seed":false,"campfire_upgraded":8,"win_rate":1,"timestamp":1559873922,"path_taken":["M","?","?","M","M","E","R","E","T","?","R","R","R","E","R","BOSS","M","?","?","?","M","E","R","E","T","$","E","R","M","E","R","BOSS","M","M","M","?","M","R","E","R","T","M","R","M","R","E","R","BOSS"],"build_version":"2019-01-23","purchased_purges":1,"victory":true,"max_hp_per_floor":[70,70,70,70,70,70,70,70,70,70,70,70,70,70,70,70,70,70,70,70,70,70,70,70,70,70,70,70,70,70,70,70,70,70,70,70,70,70,70,70,70,70,70,70,70,70,70,70,70,70],"card_choices":[{"not_picked":["Prepared","Skewer"],"picked":"Catalyst","floor":1.0},{"not_picked":["Prepared","Backflip"],"picked":"Slice","floor":4.0},{"not_picked":["Sucker Punch","Blade Dance"],"picked":"Poisoned Stab","floor":5.0},{"not_picked":["Wraith Form v2","Crippling Poison"],"picked":"Dagger Spray","floor":6.0},{"not_picked":["Eviscerate","Storm of Steel"],"picked":"Well Laid Plans","floor":8.0},{"not_picked":["Blade Dance","Underhanded Strike"],"picked":"Footwork","floor":14.0},{"not_picked":["Wraith Form v2","Tools of the Trade"],"picked":"Malaise","floor":16.0},{"not_picked":["Tactician+1","Poisoned Stab"],"picked":"Deadly Poison","floor":18.0},{"not_picked":["Slice+1","Blade Dance+1"],"picked":"Cloak And Dagger+1","floor":22.0},{"not_picked":["Blade Dance","Prepared","Deadly Poison"],"picked":"SKIP","floor":23.0},{"not_picked":["Sucker Punch","Skewer","Blade Dance"],"picked":"SKIP","floor":25.0},{"not_picked":["Sucker Punch","Distraction"],"picked":"Calculated Gamble","floor":28.0},{"not_picked":["Terror","Backflip"],"picked":"Flying Knee+1","floor":30.0},{"not_picked":["A Thousand Cuts","Eviscerate+1","Blade Dance"],"picked":"SKIP","floor":31.0},{"not_picked":["Burst","Storm of Steel"],"picked":"Die Die Die","floor":33},{"not_picked":["Backflip","Deflect"],"picked":"Poisoned Stab+1","floor":35},{"not_picked":["Sucker Punch+1","Blade Dance"],"picked":"PiercingWail+1","floor":36},{"not_picked":["Cloak And Dagger","Dagger Throw+1"],"picked":"PiercingWail+1","floor":37},{"not_picked":["Distraction","Riddle With Holes+1"],"picked":"Leg Sweep","floor":39},{"not_picked":["Masterful Stab+1","Underhanded Strike"],"picked":"Dodge and Roll+1","floor":41},{"not_picked":["Dagger Spray+1","Dagger Throw+1"],"picked":"Catalyst","floor":44},{"not_picked":["Eviscerate+1","Poisoned Stab+1"],"picked":"Bane+1","floor":46},{"not_picked":["Dash+1","Cloak And Dagger+1"],"picked":"Glass Knife+1","floor":48}],"player_experience":22797,"relics_obtained":[{"floor":6.0,"key":"Gremlin Horn"},{"floor":8.0,"key":"The Specimen"},{"floor":9.0,"key":"WingedGreaves"},{"floor":14.0,"key":"Sundial"},{"floor":23.0,"key":"Whetstone"},{"floor":25.0,"key":"Lantern"},{"floor":26.0,"key":"Oddly Smooth Stone"},{"floor":28.0,"key":"Vajra"},{"floor":31.0,"key":"Letter Opener"},{"floor":41,"key":"Molten Egg 2"},{"floor":43,"key":"Bottled Tornado"},{"floor":48,"key":"Boot"}],"event_choices":[{"cards_removed":["Strike_G"],"damage_healed":0.0,"max_hp_gain":0.0,"max_hp_loss":0.0,"gold_gain":0.0,"event_name":"The Cleric","player_choice":"Card Removal","floor":3.0,"gold_loss":50.0,"damage_taken":0.0},{"damage_healed":0.0,"max_hp_gain":0.0,"max_hp_loss":0.0,"gold_gain":0.0,"event_name":"Shining Light","player_choice":"Entered Light","floor":10.0,"gold_loss":0.0,"damage_taken":14.0,"cards_upgraded":["Neutralize","Defend_G"]},{"damage_healed":0.0,"max_hp_gain":0.0,"max_hp_loss":0.0,"gold_gain":0.0,"event_name":"Nest","player_choice":"Joined the Cult","floor":19.0,"gold_loss":0.0,"damage_taken":6.0,"cards_obtained":["RitualDagger"]},{"damage_healed":0.0,"max_hp_gain":0.0,"max_hp_loss":0.0,"gold_gain":0.0,"event_name":"Cursed Tome","player_choice":"Ignored","floor":20.0,"gold_loss":0.0,"damage_taken":0.0},{"damage_healed":0.0,"max_hp_gain":0.0,"max_hp_loss":0.0,"gold_gain":0.0,"event_name":"The Library","player_choice":"Read","floor":21.0,"gold_loss":0.0,"damage_taken":0.0,"cards_obtained":["Catalyst"]},{"damage_healed":0,"gold_gain":0,"player_choice":"Got Potions","damage_taken":0,"max_hp_gain":0,"max_hp_loss":0,"event_name":"Lab","floor":38,"gold_loss":0}],"is_beta":false,"boss_relics":[{"not_picked":["Calling Bell","Lizard Tail"],"picked":"Ectoplasm"},{"not_picked":["Black Star","White Beast Statue"],"picked":"Sozu"}],"items_purged_floors":[27],"is_endless":false,"potions_floor_spawned":[5,16,18,28,31,33,39,41,46,48],"ascension_level":2}