{"gold_per_floor":[114,64,11,26,41,41,41,79,104,104,123,123,123,142,142,267,267,286,59,59,59,32,32,51,70,95,95,95,114,114,133,133,258,258,277,2,2,21,96,96,20,39,89,89,108,108,127,146,146,146],"floor_reached":51,"playtime":4560,"items_purged":[],"score":871,"play_id":"a83c3b0d-102e-46d0-b2d5-b1b218b3dee7","local_time":"20180914004151","daily_mods":["Insanity","Terminal","Hoarder"],"is_ascension_mode":false,"campfire_choices":[{"data":"Defragment","floor":7.0,"key":"SMITH"},{"data":"Chill","floor":10.0,"key":"SMITH"},{"data":"Seek","floor":13.0,"key":"SMITH"},{"floor":15.0,"key":"REST"},{"data":"Chill","floor":23.0,"key":"SMITH"},{"floor":27.0,"key":"REST"},{"floor":30.0,"key":"REST"},{"data":"Seek","floor":32.0,"key":"SMITH"},{"floor":40.0,"key":"REST"},{"data":"Aggregate","floor":46.0,"key":"SMITH"},{"data":"Aggregate","floor":49.0,"key":"SMITH"}],"neow_cost":"","seed_source_timestamp":0,"circlet_count":0,"master_deck":["Glacier+1","Defragment+1","BootSequence+1","All For One+1","Recycle+1","Chill+1","FTL+1","Go for the Eyes+1","Seek+1","Barrage+1","Zap+1","Rainbow+1","Defend_B+1","Multi-Cast+1","Auto Shields+1","Hologram+1","Auto Shields+1","Static Discharge+1","Gash+1","Compile Driver+1","Genetic Algorithm+1","Electrodynamics+1","Consume+1","Hyperbeam+1","Sunder+1","Seek+1","Streamline+1","Static Discharge+1","Scrape+1","FTL+1","Seek+1","Genetic Algorithm+1","Amplify+1","Auto Shields+1","Heatsinks+1","Dualcast+1","Aggregate+1","Compile Driver+1","Sunder+1","Cold Snap+1","Rip and Tear+1","Cold Snap+1","Compile Driver+1","Stack+1","Static Discharge+1","Chaos+1","All For One+1","Meteor Strike+1","Stack+1","Reprogram+1","Steam+1","Steam+1","Turbo+1","Turbo+1","Turbo+1","Cold Snap+1","Cold Snap+1","Cold Snap+1","Aggregate+1","Aggregate+1","Aggregate+1","White Noise+1","White Noise+1","White Noise+1","Pain","Pain","Echo Form+1","Echo Form+1","Echo Form+1","Steam Power+1","Steam Power+1","Steam Power+1","Chill+1","Chill+1","Chill+1","RitualDagger+1","RitualDagger+1","RitualDagger+1","Defragment+1","Defragment+1","Defragment+1","Stack+1","Stack+1","Stack+1","Defragment+1","Defragment+1","Defragment+1","Double Energy+1","Double Energy+1","Double Energy+1","Skim+1","Skim+1","Skim+1","Aggregate","Aggregate+1","Aggregate+1","Conserve Battery+1","Conserve Battery+1","Conserve Battery+1","Tempest+1","Tempest+1","Tempest+1","Coolheaded+1","Coolheaded+1","Coolheaded+1"],"special_seed":17787,"relics":["Cracked Core","Golden Idol","PreservedInsect","Whetstone","WarpedTongs","Inserter","Oddly Smooth Stone","Juzu Bracelet","Runic Dome","Chemical X","Mark of the Bloom","Potion Belt","Spirit Poop"],"potions_floor_usage":[50,50,50],"damage_taken":[{"damage":0.0,"enemies":"Small Slimes","floor":1.0,"turns":1.0},{"damage":0.0,"enemies":"Jaw Worm","floor":4.0,"turns":3.0},{"damage":0.0,"enemies":"Cultist","floor":5.0,"turns":2.0},{"damage":0.0,"enemies":"3 Sentries","floor":8.0,"turns":5.0},{"damage":0.0,"enemies":"2 Fungi Beasts","floor":11.0,"turns":3.0},{"damage":6.0,"enemies":"Exordium Wildlife","floor":14.0,"turns":1.0},{"damage":37.0,"enemies":"The Guardian","floor":16.0,"turns":9.0},{"damage":0.0,"enemies":"Spheric Guardian","floor":18.0,"turns":3.0},{"damage":15.0,"enemies":"Shell Parasite","floor":24.0,"turns":6.0},{"damage":17.0,"enemies":"Snake Plant","floor":25.0,"turns":11.0},{"damage":5.0,"enemies":"Snecko","floor":29.0,"turns":4.0},{"damage":8.0,"enemies":"3 Cultists","floor":31.0,"turns":6.0},{"damage":15.0,"enemies":"Champ","floor":33.0,"turns":10.0},{"damage":2.0,"enemies":"3 Shapes","floor":35.0,"turns":6.0},{"damage":3.0,"enemies":"3 Darklings","floor":38.0,"turns":8.0},{"damage":4.0,"enemies":"Sphere and 2 Shapes","floor":42.0,"turns":5.0},{"damage":10.0,"enemies":"Reptomancer","floor":45.0,"turns":6.0},{"damage":2.0,"enemies":"Maw","floor":47.0,"turns":8.0},{"damage":0.0,"enemies":"Jaw Worm Horde","floor":48.0,"turns":3.0},{"damage":5,"enemies":"Awakened One","floor":50,"turns":11}],"seed_played":"-5730593417143265092","potions_obtained":[{"floor":1.0,"key":"Strength Potion"},{"floor":11.0,"key":"Weak Potion"},{"floor":25.0,"key":"SpeedPotion"},{"floor":29.0,"key":"Regen Potion"},{"floor":45.0,"key":"SteroidPotion"},{"floor":48.0,"key":"AttackPotion"}],"is_trial":false,"path_per_floor":["M","?","$","M","M","?","R","E","T","R","M","?","R","M","R","B",null,"M","$","?","?","$","R","M","M","T","R","?","M","R","M","R","B",null,"M","$","?","M","?","R","$","M","T","?","M","R","M","M","R","B"],"character_chosen":"DEFECT","items_purchased":["Turbo","Oddly Smooth Stone","Chill","Stack","Chemical X","Skim","Aggregate"],"campfire_rested":4,"item_purchase_floors":[3,19,19,22,36,36,41],"current_hp_per_floor":[73,72,71,70,69,52,52,52,52,52,52,52,52,46,59,29,57,56,55,49,49,49,49,34,17,17,31,31,26,39,31,31,16,40,38,38,37,34,31,31,31,27,27,27,17,17,15,15,15,10],"gold":146,"neow_bonus":"","is_prod":false,"is_daily":true,"chose_seed":false,"campfire_upgraded":7,"win_rate":0,"timestamp":1536878511,"path_taken":["M","?","$","M","M","?","R","E","T","R","?","?","R","M","R","BOSS","M","$","?","?","$","R","M","M","T","R","?","M","R","M","R","BOSS","M","$","?","M","?","R","$","M","T","?","M","R","M","M","R","BOSS"],"build_version":"2018-09-12","purchased_purges":0,"victory":true,"max_hp_per_floor":[73,72,71,70,69,68,67,66,65,64,63,62,61,60,59,58,57,56,55,54,53,52,51,50,49,48,47,46,45,44,43,42,41,40,39,38,37,36,35,34,33,32,31,30,29,28,27,26,25,24],"card_choices":[{"not_picked":["Fusion","Coolheaded"],"picked":"Steam","floor":1.0},{"not_picked":["Ball Lightning","Genetic Algorithm"],"picked":"Cold Snap","floor":4.0},{"not_picked":["Barrage","Sweeping Beam","Scrape"],"picked":"SKIP","floor":5.0},{"not_picked":["Ball Lightning","Rebound"],"picked":"Aggregate","floor":8.0},{"not_picked":["Genetic Algorithm","Hologram"],"picked":"White Noise","floor":11.0},{"not_picked":["Recycle","Redo","Beam Cell"],"picked":"SKIP","floor":14.0},{"not_picked":["Creative AI","Hyperbeam"],"picked":"Echo Form","floor":16.0},{"not_picked":["FTL+1","Sweeping Beam"],"picked":"Steam Power+1","floor":18.0},{"not_picked":["Gash","Coolheaded","Turbo"],"picked":"SKIP","floor":24.0},{"not_picked":["Sweeping Beam","Tempest+1"],"picked":"Defragment+1","floor":25.0},{"not_picked":["Scrape","Streamline","Gash"],"picked":"SKIP","floor":29.0},{"not_picked":["Leap","Melter","Sweeping Beam"],"picked":"SKIP","floor":31.0},{"not_picked":["Steam","Glacier+1"],"picked":"Double Energy","floor":35.0},{"not_picked":["Storm","Redo+1","Barrage+1"],"picked":"SKIP","floor":38.0},{"not_picked":["Go for the Eyes+1","Coolheaded+1"],"picked":"Conserve Battery+1","floor":42.0},{"not_picked":["Beam Cell","Sweeping Beam+1","Scrape"],"picked":"SKIP","floor":45.0},{"not_picked":["Thunder Strike","Lockon+1"],"picked":"Tempest+1","floor":47.0},{"not_picked":["Ball Lightning+1","Beam Cell"],"picked":"Coolheaded+1","floor":48.0}],"player_experience":156580,"relics_obtained":[{"floor":8.0,"key":"PreservedInsect"},{"floor":9.0,"key":"Whetstone"},{"floor":26.0,"key":"Juzu Bracelet"},{"floor":43.0,"key":"Potion Belt"}],"event_choices":[{"event_name":"The Cleric","player_choice":"Card Removal","floor":2.0,"damage_taken":0.0},{"event_name":"Golden Idol","player_choice":"Take Damage","floor":6.0,"damage_taken":0.0},{"event_name":"Accursed Blacksmith","player_choice":"Rummage","floor":12.0,"damage_taken":0.0},{"event_name":"Nest","player_choice":"Joined the Cult","floor":20.0,"damage_taken":0.0},{"event_name":"Duplicator","player_choice":"One dupe","floor":21.0,"damage_taken":0.0},{"event_name":"Beggar","player_choice":"Ignored","floor":28.0,"damage_taken":0.0},{"event_name":"MindBloom","player_choice":"Upgrade","floor":37.0,"damage_taken":0.0},{"event_name":"FaceTrader","player_choice":"Touch","floor":39.0,"damage_taken":0.0},{"event_name":"Bonfire Elementals","player_choice":"CURSE","floor":44.0,"damage_taken":0.0}],"is_beta":true,"boss_relics":[{"not_picked":["Busted Crown","Ectoplasm"],"picked":"Inserter"},{"not_picked":["Coffee Dripper","Eternal Feather"],"picked":"Runic Dome"}],"items_purged_floors":[],"is_endless":false,"potions_floor_spawned":[1,11,25,29,31,38,45,48],"ascension_level":0}