{"gold_per_floor":[115,290,290,310,74,113,113,38,38,56,56,56,76,110,110,235,235,224,71,84,84,102,102,133,133,184,219,244,244,263,302,302,423,423,442,442,90,109,133,133,157,157,183,183,207,231,269,40,40,40,40,40,5,46,46],"floor_reached":55,"playtime":5344,"items_purged":["Doubt","Strike_B","Parasite"],"score":1490,"play_id":"91603931-7c0f-4b72-9018-0073d1bad01a","local_time":"20190519141607","is_ascension_mode":true,"campfire_choices":[{"data":"Zap","floor":7.0,"key":"SMITH"},{"data":"Defragment","floor":12.0,"key":"SMITH"},{"data":"Buffer","floor":15.0,"key":"SMITH"},{"floor":23.0,"key":"REST"},{"floor":25.0,"key":"REST"},{"data":"Coolheaded","floor":29.0,"key":"SMITH"},{"floor":32.0,"key":"REST"},{"floor":40,"key":"RECALL"},{"data":"Reboot","floor":44,"key":"SMITH"},{"floor":49,"key":"REST"},{"data":"Echo Form","floor":52,"key":"SMITH"}],"neow_cost":"NONE","seed_source_timestamp":0,"circlet_count":0,"master_deck":["AscendersBane","Strike_B","Strike_B","Strike_B","Defend_B","Defend_B+1","Defend_B","Defend_B+1","Zap+1","Dualcast+1","Deep Breath","Cold Snap","Defragment+1","Chill","Coolheaded+1","Reprogram","BootSequence","Buffer+1","Echo Form+1","Conserve Battery","Go for the Eyes","Doom and Gloom","Defragment+1","Reboot+1","Leap+1","Buffer+1","Biased Cognition","BootSequence+1","Sunder","Coolheaded"],"special_seed":0,"relics":["Cracked Core","Golden Idol","Bottled Tornado","Pear","Boot","Busted Crown","Nilry\u0027s Codex","Anchor","Mummified Hand","Red Mask","Eternal Feather","DollysMirror","Omamori","War Paint","Kunai"],"potions_floor_usage":[45,47,50,50],"damage_taken":[{"damage":8.0,"enemies":"Small Slimes","floor":1.0,"turns":3.0},{"damage":10.0,"enemies":"Jaw Worm","floor":4.0,"turns":3.0},{"damage":30.0,"enemies":"Gremlin Nob","floor":6.0,"turns":5.0},{"damage":0.0,"enemies":"2 Louse","floor":10.0,"turns":2.0},{"damage":0.0,"enemies":"Blue Slaver","floor":13.0,"turns":3.0},{"damage":3.0,"enemies":"Lagavulin","floor":14.0,"turns":8.0},{"damage":17.0,"enemies":"The Guardian","floor":16.0,"turns":14.0},{"damage":7.0,"enemies":"2 Thieves","floor":18.0,"turns":4.0},{"damage":24.0,"enemies":"3 Byrds","floor":20.0,"turns":5.0},{"damage":0.0,"enemies":"Shelled Parasite and Fungi","floor":22.0,"turns":8.0},{"damage":13.0,"enemies":"Book of Stabbing","floor":24.0,"turns":10.0},{"damage":13.0,"enemies":"Slavers","floor":27.0,"turns":6.0},{"damage":6.0,"enemies":"Snecko","floor":28.0,"turns":9.0},{"damage":0.0,"enemies":"Chosen and Byrds","floor":30.0,"turns":6.0},{"damage":0.0,"enemies":"Masked Bandits","floor":31.0,"turns":4.0},{"damage":39.0,"enemies":"Collector","floor":33.0,"turns":11.0},{"damage":0,"enemies":"3 Darklings","floor":35,"turns":8},{"damage":0,"enemies":"3 Shapes","floor":38,"turns":5},{"damage":0,"enemies":"Writhing Mass","floor":39,"turns":11},{"damage":32,"enemies":"Jaw Worm Horde","floor":41,"turns":7},{"damage":6,"enemies":"Transient","floor":45,"turns":5},{"damage":16,"enemies":"Maw","floor":46,"turns":9},{"damage":35,"enemies":"Reptomancer","floor":47,"turns":12},{"damage":0,"enemies":"Donu and Deca","floor":50,"turns":14},{"damage":22,"enemies":"Shield and Spear","floor":54,"turns":13},{"damage":56,"enemies":"The Heart","floor":55,"turns":8}],"seed_played":"8023535605072715193","potions_obtained":[{"floor":6.0,"key":"EssenceOfSteel"},{"floor":10.0,"key":"Energy Potion"},{"floor":16.0,"key":"PowerPotion"},{"floor":18.0,"key":"Poison Potion"},{"floor":24.0,"key":"Poison Potion"},{"floor":27.0,"key":"SkillPotion"},{"floor":31.0,"key":"SkillPotion"},{"floor":39,"key":"Dexterity Potion"},{"floor":41,"key":"FocusPotion"},{"floor":42,"key":"Weak Potion"}],"is_trial":false,"path_per_floor":["M","?","?","M","$","E","R","$","T","M","?","R","M","E","R","B",null,"M","$","M","?","M","R","E","R","T","E","M","R","M","?","R","B",null,"M","?","$","M","M","R","M","?","T","R","M","M","E","$","R","B",null,"R","$","E","B"],"character_chosen":"DEFECT","items_purchased":["Defragment","Chill","Coolheaded","BootSequence","Go for the Eyes","DollysMirror","Biased Cognition","Swift Potion","FearPotion","Sunder"],"campfire_rested":4,"item_purchase_floors":[5,5,5,8,19,37,37,48,48,53],"current_hp_per_floor":[60,60,60,50,50,20,20,20,30,30,30,30,30,27,27,10,62,55,55,31,15,15,38,25,48,48,35,29,29,29,29,52,13,63,63,63,63,63,63,78,46,46,46,61,55,39,4,4,41,41,67,76,76,54,0],"gold":46,"neow_bonus":"RANDOM_COLORLESS","is_prod":false,"is_daily":false,"chose_seed":false,"campfire_upgraded":6,"win_rate":0,"timestamp":1558300567,"path_taken":["M","?","?","M","$","E","R","?","T","M","?","R","M","E","R","BOSS","M","$","M","?","M","R","E","R","T","E","M","R","M","?","R","BOSS","M","?","$","M","M","R","M","?","T","R","M","?","E","$","R","BOSS","R","$","E","BOSS"],"build_version":"2019-01-23","purchased_purges":3,"victory":false,"max_hp_per_floor":[75,75,69,69,69,69,69,69,79,79,79,79,79,79,79,79,79,79,79,79,79,79,79,79,79,79,79,79,79,79,79,79,79,79,79,79,79,79,79,79,79,79,79,79,79,79,79,76,76,76,76,76,76,76,76],"card_choices":[{"not_picked":["Beam Cell","Ball Lightning"],"picked":"Cold Snap","floor":1.0},{"not_picked":["Turbo","Streamline","Hologram"],"picked":"SKIP","floor":4.0},{"not_picked":["Leap","Static Discharge"],"picked":"Reprogram","floor":6.0},{"not_picked":["Beam Cell","Barrage","Reprogram"],"picked":"SKIP","floor":10.0},{"not_picked":["Leap","Streamline"],"picked":"Recycle","floor":13.0},{"not_picked":["Stack","Rip and Tear"],"picked":"Buffer","floor":14.0},{"not_picked":["Amplify","Rainbow"],"picked":"Echo Form","floor":16.0},{"not_picked":[],"picked":"Conserve Battery","floor":18.0},{"not_picked":["Static Discharge"],"picked":"SKIP","floor":20.0},{"not_picked":[],"picked":"Doom and Gloom","floor":22.0},{"not_picked":["Steam Power"],"picked":"SKIP","floor":24.0},{"not_picked":[],"picked":"Defragment+1","floor":27.0},{"not_picked":["Steam+1"],"picked":"SKIP","floor":28.0},{"not_picked":["Leap"],"picked":"SKIP","floor":30.0},{"not_picked":[],"picked":"Reboot","floor":33.0},{"not_picked":[],"picked":"Leap+1","floor":35},{"not_picked":[],"picked":"BootSequence+1","floor":38},{"not_picked":["Rip and Tear+1"],"picked":"SKIP","floor":39},{"not_picked":["Storm"],"picked":"SKIP","floor":41},{"not_picked":["Turbo"],"picked":"SKIP","floor":45},{"not_picked":["Darkness"],"picked":"SKIP","floor":46},{"not_picked":["Coolheaded"],"picked":"SKIP","floor":47},{"not_picked":[],"picked":"Coolheaded","floor":54}],"player_experience":649121,"relics_obtained":[{"floor":6.0,"key":"Bottled Tornado"},{"floor":9.0,"key":"Pear"},{"floor":14.0,"key":"Boot"},{"floor":21.0,"key":"Nilry\u0027s Codex"},{"floor":24.0,"key":"Anchor"},{"floor":27.0,"key":"Mummified Hand"},{"floor":31.0,"key":"Red Mask"},{"floor":43,"key":"Omamori"},{"floor":47,"key":"War Paint"},{"floor":54,"key":"Kunai"}],"event_choices":[{"damage_healed":0.0,"max_hp_gain":0.0,"max_hp_loss":0.0,"gold_gain":175.0,"event_name":"Liars Game","player_choice":"AGREE","floor":2.0,"gold_loss":0.0,"damage_taken":0.0,"cards_obtained":["Doubt"]},{"damage_healed":0.0,"max_hp_gain":0.0,"max_hp_loss":6.0,"gold_gain":0.0,"event_name":"Golden Idol","player_choice":"Lose Max HP","floor":3.0,"gold_loss":0.0,"damage_taken":0.0,"relics_obtained":["Golden Idol"]},{"damage_healed":0.0,"max_hp_gain":0.0,"max_hp_loss":0.0,"gold_gain":0.0,"event_name":"Living Wall","player_choice":"Grow","floor":11.0,"gold_loss":0.0,"damage_taken":0.0,"cards_upgraded":["Dualcast"]},{"damage_healed":0.0,"max_hp_gain":0.0,"max_hp_loss":0.0,"gold_gain":0.0,"event_name":"Cursed Tome","player_choice":"Obtained Book","floor":21.0,"gold_loss":0.0,"damage_taken":16.0},{"damage_healed":0.0,"max_hp_gain":0.0,"max_hp_loss":0.0,"gold_gain":0.0,"event_name":"Masked Bandits","player_choice":"Fought Bandits","floor":31.0,"gold_loss":0.0,"damage_taken":0.0},{"cards_removed":["Recycle"],"damage_healed":0,"gold_gain":0,"player_choice":"Removed Skill","damage_taken":0,"max_hp_gain":0,"max_hp_loss":0,"event_name":"Falling","floor":36,"gold_loss":0},{"damage_healed":0,"gold_gain":0,"player_choice":"Got Potions","damage_taken":0,"max_hp_gain":0,"max_hp_loss":0,"event_name":"Lab","floor":42,"gold_loss":0}],"is_beta":false,"boss_relics":[{"not_picked":["Snecko Eye","Cursed Key"],"picked":"Busted Crown"},{"not_picked":["FrozenCore","Black Star"],"picked":"Eternal Feather"}],"items_purged_floors":[5,19,48],"is_endless":false,"potions_floor_spawned":[6,10,16,18,24,27,31,39,41],"killed_by":"The Heart","ascension_level":11}