{"gold_per_floor":[365,515,515,533,533,533,195,208,232,265,265,285,285,315,315,315],"floor_reached":16,"playtime":743,"items_purged":["Doubt"],"score":205,"play_id":"3a12a88b-1df9-4ee2-818a-673c9f609596","local_time":"20190429174828","is_ascension_mode":true,"campfire_choices":[{"floor":6.0,"key":"REST"},{"data":"Pommel Strike","floor":11,"key":"SMITH"},{"floor":13,"key":"REST"},{"floor":15,"key":"REST"}],"neow_cost":"CURSE","seed_source_timestamp":0,"circlet_count":0,"master_deck":["AscendersBane","Strike_R","Strike_R","Strike_R","Strike_R","Strike_R","Defend_R","Defend_R","Defend_R","Defend_R","Bash","Regret","Pommel Strike+1","Wild Strike","Evolve","Thunderclap+1","Body Slam+1","Armaments","Anger+1","Bludgeon+1","Clothesline+1"],"special_seed":0,"relics":["Burning Blood","FaceOfCleric","Dream Catcher","Molten Egg 2","Oddly Smooth Stone","Shuriken","Dodecahedron"],"potions_floor_usage":[10,14],"damage_taken":[{"damage":3.0,"enemies":"2 Louse","floor":1.0,"turns":3.0},{"damage":4.0,"enemies":"Cultist","floor":4.0,"turns":3.0},{"damage":15.0,"enemies":"Small Slimes","floor":8.0,"turns":4.0},{"damage":37,"enemies":"3 Sentries","floor":10,"turns":9},{"damage":23,"enemies":"Exordium Wildlife","floor":12,"turns":4},{"damage":31,"enemies":"Gremlin Nob","floor":14,"turns":4},{"damage":52,"enemies":"Slime Boss","floor":16,"turns":7}],"seed_played":"7812803514759928460","potions_obtained":[{"floor":1.0,"key":"BloodPotion"},{"floor":10,"key":"SteroidPotion"},{"floor":12,"key":"FairyPotion"}],"is_trial":false,"path_per_floor":["M","?","?","M","?","R","$","M","T","E","R","M","R","E","R","B"],"character_chosen":"IRONCLAD","items_purchased":["Molten Egg 2"],"campfire_rested":3,"item_purchase_floors":[7],"current_hp_per_floor":[71,71,71,74,39,61,61,53,53,30,30,14,37,13,37,0],"gold":315,"neow_bonus":"TWO_FIFTY_GOLD","is_prod":false,"is_daily":false,"chose_seed":false,"campfire_upgraded":1,"win_rate":0,"timestamp":1556585308,"path_taken":["M","?","?","?","?","R","$","M","T","E","R","M","R","E","R","BOSS"],"build_version":"2019-01-23","purchased_purges":1,"victory":false,"max_hp_per_floor":[75,75,75,76,76,76,76,77,77,78,78,79,79,80,80,80],"card_choices":[{"not_picked":["Sword Boomerang","Sentinel"],"picked":"Pommel Strike","floor":1.0},{"not_picked":["Reckless Charge","Clash"],"picked":"Wild Strike","floor":4.0},{"not_picked":["Anger","Power Through"],"picked":"Evolve","floor":6.0},{"not_picked":["Twin Strike+1","Warcry"],"picked":"Thunderclap+1","floor":8.0},{"not_picked":["Shockwave","Fire Breathing"],"picked":"Body Slam+1","floor":10},{"not_picked":["Seeing Red","True Grit"],"picked":"Armaments","floor":12},{"not_picked":["Sword Boomerang+1","Blood for Blood+1"],"picked":"Anger+1","floor":13},{"not_picked":["Wild Strike+1","Twin Strike+1"],"picked":"Bludgeon+1","floor":14},{"not_picked":["Perfected Strike+1","Feel No Pain"],"picked":"Clothesline+1","floor":15}],"player_experience":766388,"relics_obtained":[{"floor":9.0,"key":"Oddly Smooth Stone"},{"floor":10,"key":"Shuriken"},{"floor":14,"key":"Dodecahedron"}],"event_choices":[{"damage_healed":0.0,"max_hp_gain":0.0,"max_hp_loss":0.0,"gold_gain":150.0,"event_name":"Liars Game","player_choice":"AGREE","floor":2.0,"gold_loss":0.0,"damage_taken":0.0,"cards_obtained":["Doubt"]},{"damage_healed":0.0,"max_hp_gain":0.0,"max_hp_loss":0.0,"gold_gain":0.0,"event_name":"FaceTrader","player_choice":"Trade","floor":3.0,"gold_loss":0.0,"damage_taken":0.0,"relics_obtained":["FaceOfCleric"]},{"damage_healed":0.0,"max_hp_gain":0.0,"max_hp_loss":0.0,"gold_gain":0.0,"event_name":"Scrap Ooze","player_choice":"Success","floor":5.0,"gold_loss":0.0,"damage_taken":35.0,"relics_obtained":["Dream Catcher"]}],"is_beta":false,"boss_relics":[],"items_purged_floors":[7],"is_endless":false,"potions_floor_spawned":[1,10,12],"killed_by":"Slime Boss","ascension_level":18}