{"gold_per_floor":[118,14,14,32,32,90,90,122,145,179,195,195,51,68,68,163,163,180,180,197,297,308,308,308,321,321,20,20,48,48,78,78,173,173,185,198,213,213,231,231,262,274,286,298,88,107,131,165,165,165,165,165,89,114,114],"floor_reached":56,"playtime":3942,"items_purged":["Strike_G"],"score":1499,"play_id":"ce212c31-2dc9-4b35-bffb-4fe50c48273c","local_time":"20190517115412","is_ascension_mode":true,"campfire_choices":[{"floor":7.0,"key":"REST"},{"floor":12.0,"key":"REST"},{"data":"Dagger Spray","floor":15.0,"key":"SMITH"},{"data":"Catalyst","floor":24.0,"key":"SMITH"},{"floor":28.0,"key":"REST"},{"data":"Catalyst","floor":30.0,"key":"SMITH"},{"floor":32.0,"key":"REST"},{"floor":40.0,"key":"REST"},{"data":"Leg Sweep","floor":42.0,"key":"SMITH"},{"floor":44.0,"key":"RECALL"},{"floor":49.0,"key":"REST"},{"data":"Malaise","floor":52.0,"key":"SMITH"}],"neow_cost":"NONE","seed_source_timestamp":9413822512249,"circlet_count":0,"master_deck":["Defend_G","Defend_G+1","Defend_G","Defend_G","Defend_G","Strike_G","Strike_G+1","Strike_G","Survivor+1","Neutralize+1","Deadly Poison","Dagger Spray+1","Deadly Poison","Poisoned Stab","All Out Attack","Flying Knee+1","Bane","Terror","Adrenaline+1","PiercingWail","Catalyst+1","Catalyst+1","Bouncing Flask+1","Leg Sweep+1","Malaise+1","Footwork+1","Setup+1","Acrobatics+1","Caltrops","Venomology","PiercingWail+1","Well Laid Plans","Leg Sweep+1"],"special_seed":0,"relics":["Ring of the Snake","Tiny Chest","Happy Flower","Ancient Tea Set","Turnip","Whetstone","Velvet Choker","Blood Vial","StoneCalendar","Bottled Lightning","The Specimen","War Paint","Mercury Hourglass","Lantern","Snecko Eye","Kunai","MawBank","Bronze Scales","Snake Skull","Bottled Flame","Pen Nib"],"potions_floor_usage":[55,55],"damage_taken":[{"damage":0.0,"enemies":"2 Louse","floor":1.0,"turns":4.0},{"damage":0.0,"enemies":"Small Slimes","floor":4.0,"turns":2.0},{"damage":35.0,"enemies":"3 Sentries","floor":6.0,"turns":7.0},{"damage":17.0,"enemies":"Lagavulin","floor":8.0,"turns":7.0},{"damage":16.0,"enemies":"3 Sentries","floor":10.0,"turns":6.0},{"damage":0.0,"enemies":"Cultist","floor":11.0,"turns":2.0},{"damage":0.0,"enemies":"Red Slaver","floor":14.0,"turns":2.0},{"damage":16.0,"enemies":"Slime Boss","floor":16.0,"turns":8.0},{"damage":0.0,"enemies":"3 Byrds","floor":18.0,"turns":2.0},{"damage":0.0,"enemies":"Spheric Guardian","floor":20.0,"turns":3.0},{"damage":17.0,"enemies":"Colosseum Slavers","floor":21.0,"turns":4.0},{"damage":10.0,"enemies":"Colosseum Nobs","floor":21.0,"turns":4.0},{"damage":5.0,"enemies":"Snake Plant","floor":22.0,"turns":4.0},{"damage":2.0,"enemies":"Cultist and Chosen","floor":25.0,"turns":5.0},{"damage":28.0,"enemies":"Book of Stabbing","floor":29.0,"turns":4.0},{"damage":1.0,"enemies":"Gremlin Leader","floor":31.0,"turns":3.0},{"damage":38.0,"enemies":"Champ","floor":33.0,"turns":7.0},{"damage":0.0,"enemies":"Orb Walker","floor":35.0,"turns":2.0},{"damage":17.0,"enemies":"3 Darklings","floor":36.0,"turns":4.0},{"damage":1.0,"enemies":"Jaw Worm Horde","floor":37.0,"turns":4.0},{"damage":7.0,"enemies":"Writhing Mass","floor":39.0,"turns":3.0},{"damage":7.0,"enemies":"Nemesis","floor":41.0,"turns":3.0},{"damage":1.0,"enemies":"Maw","floor":46.0,"turns":4.0},{"damage":25.0,"enemies":"Reptomancer","floor":48.0,"turns":3.0},{"damage":42.0,"enemies":"Donu and Deca","floor":50.0,"turns":7.0},{"damage":21.0,"enemies":"Shield and Spear","floor":54.0,"turns":4.0},{"damage":36,"enemies":"The Heart","floor":55,"turns":5}],"seed_played":"7128013537544119312","potions_obtained":[{"floor":1.0,"key":"Fruit Juice"},{"floor":10.0,"key":"FearPotion"},{"floor":14.0,"key":"EssenceOfSteel"},{"floor":16.0,"key":"GhostInAJar"},{"floor":18.0,"key":"Explosive Potion"},{"floor":20.0,"key":"EssenceOfSteel"},{"floor":25.0,"key":"Dexterity Potion"},{"floor":29.0,"key":"LiquidBronze"},{"floor":35.0,"key":"GamblersBrew"},{"floor":37.0,"key":"Poison Potion"}],"is_trial":false,"path_per_floor":["M","$","?","M","?","E","R","E","T","E","M","R","$","M","R","B",null,"M","?","M","?","M","?","R","M","T","$","R","E","R","E","R","B",null,"M","M","M","T","M","R","E","R","T","R","$","M","T","E","R","B",null,"R","$","E","B",null],"character_chosen":"THE_SILENT","items_purchased":["Dagger Spray","Deadly Poison","Whetstone","Catalyst","War Paint","Bronze Scales","Caltrops","Well Laid Plans"],"campfire_rested":6,"item_purchase_floors":[2,2,13,27,27,45,45,53],"current_hp_per_floor":[68,68,61,61,61,26,48,31,31,15,15,37,37,37,37,21,62,62,62,64,41,38,38,38,38,38,38,60,34,34,35,57,21,62,64,49,50,50,45,67,62,62,62,62,62,63,63,40,62,22,62,62,62,43,9],"gold":114,"neow_bonus":"UPGRADE_CARD","is_prod":false,"is_daily":false,"chose_seed":false,"campfire_upgraded":5,"win_rate":0,"timestamp":1558086852,"path_taken":["M","$","?","M","?","E","R","E","T","E","M","R","$","M","R","BOSS","M","?","M","?","M","?","R","M","T","$","R","E","R","E","R","BOSS","M","?","M","?","M","R","E","R","T","R","$","M","?","E","R","BOSS","R","$","E","BOSS"],"build_version":"2019-01-23","purchased_purges":1,"victory":true,"max_hp_per_floor":[75,75,75,75,75,75,75,75,75,75,75,75,75,75,75,75,75,75,75,75,75,75,75,75,75,75,75,75,75,75,75,75,75,75,75,75,75,75,75,75,75,75,75,75,75,75,75,75,75,75,75,75,75,75,75],"card_choices":[{"not_picked":["Setup","Dagger Throw"],"picked":"Deadly Poison","floor":1.0},{"not_picked":["Acrobatics","Infinite Blades"],"picked":"Poisoned Stab","floor":4.0},{"not_picked":["Choke","Deadly Poison"],"picked":"All Out Attack","floor":6.0},{"not_picked":["Underhanded Strike","Poisoned Stab"],"picked":"Flying Knee","floor":8.0},{"not_picked":["Malaise","Slice"],"picked":"Bane","floor":10.0},{"not_picked":["Choke","Predator","Slice"],"picked":"SKIP","floor":11.0},{"not_picked":["Cloak And Dagger","Flying Knee"],"picked":"Terror","floor":14.0},{"not_picked":["Doppelganger","Phantasmal Killer"],"picked":"Adrenaline","floor":16.0},{"not_picked":["Dagger Throw+1","Poisoned Stab","Bane+1"],"picked":"SKIP","floor":18.0},{"not_picked":["Cloak And Dagger","Backflip"],"picked":"PiercingWail","floor":20.0},{"not_picked":["Backflip","Backstab"],"picked":"Catalyst","floor":22.0},{"not_picked":["Storm of Steel","Quick Slash","Distraction+1"],"picked":"SKIP","floor":25.0},{"not_picked":["Noxious Fumes","Dagger Spray"],"picked":"Bouncing Flask+1","floor":29.0},{"not_picked":["Dodge and Roll","Infinite Blades"],"picked":"Leg Sweep","floor":31.0},{"not_picked":["Venomology","Adrenaline"],"picked":"Malaise","floor":33.0},{"not_picked":["PiercingWail","Cloak And Dagger","Bane+1"],"picked":"SKIP","floor":35.0},{"not_picked":["Dagger Throw+1","Skewer","Quick Slash+1"],"picked":"SKIP","floor":36.0},{"not_picked":["Deflect+1","Deadly Poison"],"picked":"Footwork+1","floor":37.0},{"not_picked":["Slice+1","Cloak And Dagger"],"picked":"Setup+1","floor":39.0},{"not_picked":["Blade Dance","Deflect+1"],"picked":"Acrobatics+1","floor":41.0},{"not_picked":["Dagger Spray+1","Prepared"],"picked":"Venomology","floor":46.0},{"not_picked":["Poisoned Stab+1","Sucker Punch"],"picked":"PiercingWail+1","floor":48.0},{"not_picked":["A Thousand Cuts","Deflect+1"],"picked":"Leg Sweep+1","floor":54.0}],"player_experience":213180,"relics_obtained":[{"floor":6.0,"key":"Tiny Chest"},{"floor":8.0,"key":"Happy Flower"},{"floor":9.0,"key":"Ancient Tea Set"},{"floor":10.0,"key":"Turnip"},{"floor":21.0,"key":"StoneCalendar"},{"floor":21.0,"key":"Bottled Lightning"},{"floor":26.0,"key":"The Specimen"},{"floor":29.0,"key":"Mercury Hourglass"},{"floor":31.0,"key":"Lantern"},{"floor":38.0,"key":"Kunai"},{"floor":41.0,"key":"MawBank"},{"floor":47.0,"key":"Snake Skull"},{"floor":48.0,"key":"Bottled Flame"},{"floor":54.0,"key":"Pen Nib"}],"event_choices":[{"cards_removed":["Strike_G"],"damage_healed":0.0,"max_hp_gain":0.0,"max_hp_loss":0.0,"gold_gain":0.0,"event_name":"Golden Wing","player_choice":"Card Removal","floor":3.0,"gold_loss":0.0,"damage_taken":7.0},{"damage_healed":0.0,"max_hp_gain":0.0,"max_hp_loss":0.0,"gold_gain":0.0,"event_name":"Living Wall","player_choice":"Grow","floor":5.0,"gold_loss":0.0,"damage_taken":0.0,"cards_upgraded":["Neutralize"]},{"damage_healed":0.0,"max_hp_gain":0.0,"max_hp_loss":0.0,"gold_gain":0.0,"event_name":"The Mausoleum","player_choice":"Opened","floor":19.0,"gold_loss":0.0,"damage_taken":0.0,"relics_obtained":["Blood Vial"],"cards_obtained":["Writhe"]},{"damage_healed":0.0,"max_hp_gain":0.0,"max_hp_loss":0.0,"gold_gain":0.0,"event_name":"Colosseum","player_choice":"Fight","floor":21.0,"gold_loss":0.0,"damage_taken":0.0},{"damage_healed":0.0,"max_hp_gain":0.0,"max_hp_loss":0.0,"gold_gain":0.0,"event_name":"Colosseum","player_choice":"Fought Nobs","floor":21.0,"gold_loss":0.0,"damage_taken":0.0},{"cards_removed":["Writhe"],"damage_healed":0.0,"max_hp_gain":0.0,"max_hp_loss":0.0,"gold_gain":0.0,"event_name":"Purifier","player_choice":"Purged","floor":23.0,"gold_loss":0.0,"damage_taken":0.0}],"is_beta":false,"boss_relics":[{"not_picked":["Ectoplasm","Orrery"],"picked":"Velvet Choker"},{"not_picked":["Philosopher\u0027s Stone","Lizard Tail"],"picked":"Snecko Eye"}],"items_purged_floors":[27],"is_endless":false,"potions_floor_spawned":[1,10,14,16,18,20,25,29,35,37,39],"ascension_level":6}