{"gold_per_floor":[109,284,284,28,48,82,101,116,116,116,134,154,179,192,192,289,289,307,38,50,61,61,61,95,75,75,75,87,112,131,145,145,241,241,254,268,286,55,66,66,96,96,96,96,96,123,135,155,155,155],"floor_reached":50,"playtime":6735,"items_purged":["Strike_R","Strike_R"],"score":719,"play_id":"ae64720b-9dcf-41c1-92b9-d4b3a592fd4f","local_time":"20190519135909","is_ascension_mode":true,"campfire_choices":[{"floor":10,"key":"RECALL"},{"data":"Inflame","floor":15,"key":"SMITH"},{"data":"Headbutt","floor":23,"key":"SMITH"},{"data":"Bash","floor":27,"key":"SMITH"},{"data":"Barricade","floor":32,"key":"SMITH"},{"data":"Reaper","floor":40,"key":"SMITH"},{"data":"Demon Form","floor":42,"key":"SMITH"},{"floor":44,"key":"REST"},{"floor":49,"key":"REST"}],"neow_cost":"NONE","seed_source_timestamp":887317360700,"circlet_count":0,"master_deck":["Strike_R","Strike_R","Strike_R+1","Defend_R","Defend_R","Defend_R","Defend_R","Bash+1","Feed","Headbutt+1","Flex+1","Inflame+1","Power Through+1","Flame Barrier+1","Reaper+1","Immolate+1","Headbutt","True Grit+1","Demon Form+1","Spot Weakness+1","Shockwave+1","Barricade+1","Body Slam+1","Bludgeon","Spot Weakness+1","Armaments+1","Shrug It Off+1","Entrench+1","Battle Trance+1","Shrug It Off+1"],"relics":["Burning Blood","Spirit Poop","Toxic Egg 2","Mummified Hand","Letter Opener","Velvet Choker","Du-Vu Doll","Matryoshka","Smiling Mask","Lizard Tail","Red Skull","Singing Bowl","Whetstone","Bottled Tornado","The Courier"],"potions_floor_usage":[6,12,18,24,28,28,29,41,41,46,50],"damage_taken":[{"damage":0,"enemies":"2 Louse","floor":1,"turns":3},{"damage":1,"enemies":"Cultist","floor":5,"turns":3},{"damage":50,"enemies":"3 Sentries","floor":6,"turns":16},{"damage":7,"enemies":"Small Slimes","floor":7,"turns":2},{"damage":7,"enemies":"Looter","floor":8,"turns":3},{"damage":3,"enemies":"Exordium Thugs","floor":11,"turns":5},{"damage":1,"enemies":"Exordium Wildlife","floor":12,"turns":6},{"damage":15,"enemies":"Lagavulin","floor":13,"turns":5},{"damage":18,"enemies":"Large Slime","floor":14,"turns":7},{"damage":34,"enemies":"The Guardian","floor":16,"turns":14},{"damage":4,"enemies":"Chosen","floor":18,"turns":6},{"damage":0,"enemies":"3 Byrds","floor":20,"turns":2},{"damage":19,"enemies":"Cultist and Chosen","floor":21,"turns":6},{"damage":29,"enemies":"Book of Stabbing","floor":24,"turns":6},{"damage":5,"enemies":"Centurion and Healer","floor":28,"turns":4},{"damage":63,"enemies":"Gremlin Leader","floor":29,"turns":9},{"damage":10,"enemies":"Chosen and Byrds","floor":30,"turns":8},{"damage":33,"enemies":"Cultist and Chosen","floor":31,"turns":7},{"damage":64,"enemies":"Collector","floor":33,"turns":12},{"damage":26,"enemies":"3 Darklings","floor":35,"turns":5},{"damage":13,"enemies":"Orb Walker","floor":36,"turns":4},{"damage":19,"enemies":"Maw","floor":37,"turns":9},{"damage":40,"enemies":"Sphere and 2 Shapes","floor":39,"turns":6},{"damage":54,"enemies":"Nemesis","floor":41,"turns":11},{"damage":114,"enemies":"Reptomancer","floor":46,"turns":8},{"damage":54,"enemies":"Transient","floor":47,"turns":5},{"damage":30,"enemies":"4 Shapes","floor":48,"turns":11},{"damage":102,"enemies":"Time Eater","floor":50,"turns":13}],"seed_played":"6591370656344834412","potions_obtained":[{"floor":5,"key":"SpeedPotion"},{"floor":7,"key":"SkillPotion"},{"floor":13,"key":"Ancient Potion"},{"floor":18,"key":"GamblersBrew"},{"floor":20,"key":"Regen Potion"},{"floor":24,"key":"SteroidPotion"},{"floor":25,"key":"Block Potion"},{"floor":36,"key":"Weak Potion"},{"floor":37,"key":"Fire Potion"},{"floor":41,"key":"Strength Potion"},{"floor":48,"key":"Regen Potion"}],"is_trial":false,"path_per_floor":["M","?","?","$","M","E","M","M","T","R","M","M","E","M","R","B",null,"M","$","M","M","?","R","E","?","T","R","M","E","M","M","R","B",null,"M","M","M","$","M","R","E","R","T","R","?","E","M","M","R","B"],"character_chosen":"IRONCLAD","items_purchased":["Toxic Egg 2","True Grit+1","Demon Form","Entrench+1","Red Skull"],"campfire_rested":2,"item_purchase_floors":[4,19,19,38,38],"current_hp_per_floor":[83,83,83,83,86,45,47,46,46,46,52,57,51,42,42,21,101,104,104,104,102,80,80,60,60,60,60,76,68,76,68,68,40,127,107,100,109,109,78,78,30,30,30,69,69,60,14,22,63,0],"gold":155,"neow_bonus":"ONE_RANDOM_RARE_CARD","is_prod":false,"is_daily":false,"chose_seed":false,"campfire_upgraded":6,"win_rate":0,"timestamp":1558267149,"path_taken":["M","?","?","$","M","E","M","M","T","R","?","?","E","M","R","BOSS","M","$","M","M","?","R","E","?","T","R","M","E","M","?","R","BOSS","M","M","M","$","M","R","E","R","T","R","?","E","M","M","R","BOSS"],"build_version":"2019-01-23","purchased_purges":2,"victory":false,"max_hp_per_floor":[83,83,83,83,86,89,92,92,92,92,95,95,98,101,101,101,101,104,104,104,107,112,112,115,115,115,115,118,121,124,127,127,127,127,127,127,130,130,133,133,133,133,133,133,133,135,137,137,137,137],"card_choices":[{"not_picked":["Thunderclap","Clash"],"picked":"Headbutt","floor":1},{"not_picked":["Thunderclap","Twin Strike"],"picked":"Flex+1","floor":5},{"not_picked":["Sword Boomerang","Fire Breathing","Reckless Charge"],"picked":"SKIP","floor":6},{"not_picked":["Pummel","Reckless Charge"],"picked":"Inflame","floor":7},{"not_picked":["Clothesline","Iron Wave"],"picked":"Power Through+1","floor":8},{"not_picked":["Perfected Strike","Warcry+1"],"picked":"Flame Barrier+1","floor":11},{"not_picked":["Fire Breathing","Clash","Intimidate+1"],"picked":"SKIP","floor":12},{"not_picked":["Clash","Flame Barrier+1"],"picked":"Reaper","floor":13},{"not_picked":["Twin Strike","Wild Strike","Clash"],"picked":"SKIP","floor":14},{"not_picked":["Brutality","Bludgeon"],"picked":"Immolate","floor":16},{"not_picked":["Flex+1","Twin Strike"],"picked":"Headbutt","floor":18},{"not_picked":["Rage+1","Evolve"],"picked":"Spot Weakness+1","floor":20},{"not_picked":["Perfected Strike","Havoc+1","Warcry+1"],"picked":"SKIP","floor":21},{"not_picked":["Clothesline","Wild Strike"],"picked":"Shockwave+1","floor":24},{"not_picked":["Shrug It Off+1","Wild Strike"],"picked":"Barricade","floor":28},{"not_picked":["Headbutt","Cleave"],"picked":"Body Slam","floor":29},{"not_picked":["Wild Strike+1","Clash","Brutality"],"picked":"SKIP","floor":30},{"not_picked":["Iron Wave","Heavy Blade","Clothesline"],"picked":"SKIP","floor":31},{"not_picked":["Reaper","Immolate"],"picked":"Bludgeon","floor":33},{"not_picked":["Sever Soul","Havoc+1"],"picked":"Spot Weakness+1","floor":35},{"not_picked":["Warcry+1","Body Slam"],"picked":"Armaments+1","floor":36},{"not_picked":["Cleave","Havoc+1"],"picked":"Shrug It Off+1","floor":37},{"not_picked":["Whirlwind","Spot Weakness+1","Second Wind+1"],"picked":"SKIP","floor":39},{"not_picked":["Warcry+1","Feed"],"picked":"Battle Trance+1","floor":41},{"not_picked":["Bloodletting+1","Combust+1","Intimidate+1"],"picked":"Singing Bowl","floor":46},{"not_picked":["Wild Strike","Shockwave+1","Flex+1"],"picked":"Singing Bowl","floor":47},{"not_picked":["Corruption","Clash+1"],"picked":"Shrug It Off+1","floor":48}],"player_experience":300941,"relics_obtained":[{"floor":6,"key":"Mummified Hand"},{"floor":13,"key":"Letter Opener"},{"floor":24,"key":"Du-Vu Doll"},{"floor":26,"key":"Matryoshka"},{"floor":29,"key":"Smiling Mask"},{"floor":41,"key":"Singing Bowl"},{"floor":43,"key":"Whetstone"},{"floor":43,"key":"Bottled Tornado"},{"floor":46,"key":"The Courier"}],"event_choices":[{"damage_healed":0,"gold_gain":175,"player_choice":"AGREE","damage_taken":0,"max_hp_gain":0,"max_hp_loss":0,"event_name":"Liars Game","floor":2,"gold_loss":0,"cards_obtained":["Doubt"]},{"cards_removed":["Doubt"],"damage_healed":0,"gold_gain":0,"player_choice":"Offered Curse","damage_taken":0,"relics_obtained":["Spirit Poop"],"max_hp_gain":0,"max_hp_loss":0,"event_name":"Bonfire Elementals","floor":3,"gold_loss":0},{"damage_healed":0,"gold_gain":0,"player_choice":"Shed Blood","damage_taken":27,"max_hp_gain":5,"max_hp_loss":0,"event_name":"Forgotten Altar","floor":22,"gold_loss":0},{"damage_healed":0,"gold_gain":0,"player_choice":"Bought 1 Potion","damage_taken":0,"max_hp_gain":0,"max_hp_loss":0,"event_name":"The Woman in Blue","floor":25,"gold_loss":0},{"damage_healed":0,"gold_gain":0,"player_choice":"Upgraded","damage_taken":0,"max_hp_gain":0,"max_hp_loss":0,"event_name":"Upgrade Shrine","floor":45,"gold_loss":0,"cards_upgraded":["Body Slam"]}],"is_beta":false,"boss_relics":[{"not_picked":["White Beast Statue","Coffee Dripper"],"picked":"Velvet Choker"},{"not_picked":["Runic Pyramid","Tiny House"],"picked":"Lizard Tail"}],"items_purged_floors":[19,38],"is_endless":false,"potions_floor_spawned":[5,7,13,18,20,24,36,37,41,48],"killed_by":"Time Eater","ascension_level":4}