{"gold_per_floor":[109,89,18,38,38,64,64,84,84,84,119,9,39,55,55,154,154,169,169,185,200,200,226,246,246,246,11,11,39,52,68,68,163,163,179,179,38,57,357,383,398,398,425,425,460,470,470],"floor_reached":47,"playtime":4258,"items_purged":["Strike_G","Strike_G","Strike_G"],"score":596,"play_id":"ef0e029b-4ecb-4031-8be2-43f92424b1e6","local_time":"20181205220844","is_ascension_mode":true,"campfire_choices":[{"data":"A Thousand Cuts","floor":7.0,"key":"SMITH"},{"data":"Neutralize","floor":10.0,"key":"SMITH"},{"floor":15.0,"key":"REST"},{"floor":25,"key":"REST"},{"floor":28,"key":"REST"},{"floor":32,"key":"REST"},{"floor":42,"key":"RECALL"},{"floor":44,"key":"REST"}],"neow_cost":"NONE","seed_source_timestamp":89222768893036,"circlet_count":0,"master_deck":["Defend_G","Defend_G","Defend_G","Defend_G","Defend_G","Survivor","Neutralize+1","Caltrops","A Thousand Cuts+1","Cloak And Dagger+1","Blur","Backflip","Dagger Spray+1","PiercingWail+1","Outmaneuver+1","Burst+1","Heel Hook+1","Blade Dance+1","Backflip+1","Finisher","Well Laid Plans","Infinite Blades","Footwork","Discovery+1","Setup+1","Blur+1","Backstab+1","After Image","Blade Dance+1","Footwork","Deflect+1","Envenom","Accuracy+1","Leg Sweep+1"],"special_seed":0,"relics":["Ring of the Snake","NeowsBlessing","The Courier","Smiling Mask","Toxic Egg 2","Empty Cage","Bottled Tornado","Question Card","Torii","Snake Skull","WristBlade","Boot","Whetstone","Sundial"],"potions_floor_usage":[23,23,29,31,31,40,40,45,47],"damage_taken":[{"damage":0.0,"enemies":"Jaw Worm","floor":1.0,"turns":1.0},{"damage":0.0,"enemies":"Cultist","floor":4.0,"turns":1.0},{"damage":0.0,"enemies":"Lagavulin","floor":6.0,"turns":1.0},{"damage":0.0,"enemies":"2 Louse","floor":8.0,"turns":3.0},{"damage":25.0,"enemies":"Gremlin Nob","floor":11.0,"turns":5.0},{"damage":16.0,"enemies":"Lagavulin","floor":13.0,"turns":8.0},{"damage":4.0,"enemies":"Red Slaver","floor":14.0,"turns":5.0},{"damage":12.0,"enemies":"The Guardian","floor":16.0,"turns":14.0},{"damage":25.0,"enemies":"Spheric Guardian","floor":18.0,"turns":10.0},{"damage":6.0,"enemies":"3 Byrds","floor":20.0,"turns":5.0},{"damage":8.0,"enemies":"Snake Plant","floor":21.0,"turns":5.0},{"damage":20,"enemies":"Gremlin Leader","floor":23,"turns":8},{"damage":10,"enemies":"Shelled Parasite and Fungi","floor":24,"turns":7},{"damage":31,"enemies":"Slavers","floor":29,"turns":6},{"damage":0,"enemies":"3 Cultists","floor":30,"turns":4},{"damage":0,"enemies":"Snake Plant","floor":31,"turns":5},{"damage":28,"enemies":"Collector","floor":33,"turns":13},{"damage":12,"enemies":"3 Darklings","floor":35,"turns":5},{"damage":11,"enemies":"3 Shapes","floor":38,"turns":3},{"damage":15,"enemies":"Nemesis","floor":40,"turns":9},{"damage":11,"enemies":"Jaw Worm Horde","floor":41,"turns":3},{"damage":18,"enemies":"Reptomancer","floor":45,"turns":7},{"damage":12,"enemies":"4 Shapes","floor":46,"turns":5},{"damage":34,"enemies":"Maw","floor":47,"turns":7}],"seed_played":"3051235239824822250","potions_obtained":[{"floor":1.0,"key":"Energy Potion"},{"floor":2.0,"key":"Poison Potion"},{"floor":11.0,"key":"LiquidBronze"},{"floor":14.0,"key":"SkillPotion"},{"floor":18.0,"key":"Dexterity Potion"},{"floor":20.0,"key":"FearPotion"},{"floor":24,"key":"Explosive Potion"},{"floor":29,"key":"GhostInAJar"},{"floor":30,"key":"FearPotion"},{"floor":35,"key":"Weak Potion"},{"floor":41,"key":"Ancient Potion"},{"floor":45,"key":"AttackPotion"},{"floor":46,"key":"GamblersBrew"}],"is_trial":false,"path_per_floor":["M","?","$","M","$","E","R","M","T","R","E","$","E","M","R","B",null,"M","?","M","M","T","E","M","R","T","$","R","E","M","M","R","B",null,"M","?","$","M","?","E","M","R","T","R","E","M","M"],"character_chosen":"THE_SILENT","items_purchased":["Caltrops","Backflip","Dagger Spray","Infinite Blades","Footwork","Discovery+1","Footwork","Regen Potion"],"campfire_rested":5,"item_purchase_floors":[3,12,12,27,27,27,37,37],"current_hp_per_floor":[70,70,70,70,70,70,70,70,70,70,45,45,29,25,46,34,70,45,45,39,31,31,11,1,22,22,22,43,12,12,12,33,5,70,58,58,58,47,47,47,36,36,36,57,39,27,0],"gold":470,"neow_bonus":"THREE_ENEMY_KILL","is_prod":false,"is_daily":false,"chose_seed":false,"campfire_upgraded":2,"win_rate":0,"timestamp":1544044124,"path_taken":["M","?","$","M","$","E","R","M","T","R","E","$","E","?","R","BOSS","M","?","M","?","?","E","M","R","T","$","R","E","M","M","R","BOSS","M","?","$","M","?","E","?","R","T","R","E","M","M"],"build_version":"2018-12-05","purchased_purges":3,"victory":false,"max_hp_per_floor":[70,70,70,70,70,70,70,70,70,70,70,70,70,70,70,70,70,70,70,70,70,70,70,70,70,70,70,70,70,70,70,70,70,70,70,70,70,70,70,70,70,70,70,70,70,70,70],"card_choices":[{"not_picked":["Riddle With Holes","Dodge and Roll","Dagger Throw"],"picked":"SKIP","floor":1.0},{"not_picked":["Quick Slash","Dodge and Roll"],"picked":"Underhanded Strike","floor":4.0},{"not_picked":["Well Laid Plans","Heel Hook"],"picked":"A Thousand Cuts","floor":6.0},{"not_picked":["Skewer","Deflect"],"picked":"Cloak And Dagger","floor":8.0},{"not_picked":["Deadly Poison","All Out Attack"],"picked":"Blur","floor":11.0},{"not_picked":["Tactician","Outmaneuver"],"picked":"PiercingWail","floor":13.0},{"not_picked":["Quick Slash","Underhanded Strike"],"picked":"Outmaneuver+1","floor":14.0},{"not_picked":["Adrenaline+1","Bullet Time+1"],"picked":"Burst+1","floor":16.0},{"not_picked":["Poisoned Stab","Outmaneuver+1"],"picked":"Heel Hook","floor":18.0},{"not_picked":["Choke","Bouncing Flask+1"],"picked":"Blade Dance+1","floor":20.0},{"not_picked":["Quick Slash+1","Expertise+1"],"picked":"Backflip+1","floor":21.0},{"not_picked":["Quick Slash","Dagger Throw+1"],"picked":"Finisher","floor":23},{"not_picked":["Crippling Poison+1","PiercingWail+1","Outmaneuver+1"],"picked":"Well Laid Plans","floor":24},{"not_picked":["PiercingWail+1","Finisher","Bane"],"picked":"Setup+1","floor":29},{"not_picked":["Cloak And Dagger+1","Backflip+1","PiercingWail+1"],"picked":"Blur+1","floor":30},{"not_picked":["Wraith Form v2","Bane","Quick Slash"],"picked":"Backstab+1","floor":31},{"not_picked":["Adrenaline+1","Venomology+1","Storm of Steel+1"],"picked":"After Image","floor":33},{"not_picked":["Dodge and Roll+1","Flying Knee","Deflect+1"],"picked":"Blade Dance+1","floor":35},{"not_picked":["Catalyst+1","Infinite Blades+1","Bane+1"],"picked":"Deflect+1","floor":38},{"not_picked":["Dodge and Roll+1","Endless Agony","Bane"],"picked":"Envenom","floor":40},{"not_picked":["Cloak And Dagger+1","Finisher","Blur+1"],"picked":"Accuracy+1","floor":41},{"not_picked":["Acrobatics+1","Flying Knee","Setup+1","Endless Agony+1"],"picked":"SKIP","floor":45},{"not_picked":["Dagger Throw","Poisoned Stab+1","Eviscerate+1"],"picked":"Leg Sweep+1","floor":46}],"player_experience":271134,"relics_obtained":[{"floor":6.0,"key":"The Courier"},{"floor":11.0,"key":"Smiling Mask"},{"floor":13.0,"key":"Toxic Egg 2"},{"floor":22.0,"key":"Bottled Tornado"},{"floor":23,"key":"Question Card"},{"floor":26,"key":"Torii"},{"floor":29,"key":"Snake Skull"},{"floor":40,"key":"Boot"},{"floor":43,"key":"Whetstone"},{"floor":45,"key":"Sundial"}],"event_choices":[{"damage_healed":0.0,"max_hp_gain":0.0,"max_hp_loss":0.0,"gold_gain":0.0,"event_name":"The Woman in Blue","player_choice":"Bought 1 Potion","floor":2.0,"gold_loss":0.0,"damage_taken":0.0},{"damage_healed":0.0,"max_hp_gain":0.0,"max_hp_loss":0.0,"gold_gain":0.0,"event_name":"Accursed Blacksmith","player_choice":"Forge","floor":19.0,"gold_loss":0.0,"damage_taken":0.0,"cards_upgraded":["Cloak And Dagger"]},{"cards_removed":["Underhanded Strike"],"damage_healed":0,"gold_gain":0,"player_choice":"Removed Attack","damage_taken":0,"max_hp_gain":0,"max_hp_loss":0,"event_name":"Falling","floor":36,"gold_loss":0},{"damage_healed":0,"gold_gain":300,"player_choice":"Gold","damage_taken":0,"max_hp_gain":0,"max_hp_loss":0,"event_name":"Wheel of Change","floor":39,"gold_loss":0}],"is_beta":true,"boss_relics":[{"not_picked":["Fusion Hammer","Velvet Choker"],"picked":"Empty Cage"},{"not_picked":["Coffee Dripper","Orrery"],"picked":"WristBlade"}],"items_purged_floors":[12,27,37],"is_endless":false,"potions_floor_spawned":[1,11,14,18,20,24,29,30,35,41,45,46],"killed_by":"Maw","ascension_level":1}