{"gold_per_floor":[110,123,123,123,142,173,173,173,173,212,212,227,227,245,245,340,340,358,377,377,302,302,302],"floor_reached":23,"playtime":1224,"items_purged":[],"score":358,"play_id":"1804182b-424a-4e27-a5d1-1c750cd02f08","local_time":"20190522214246","is_ascension_mode":true,"campfire_choices":[{"floor":7.0,"key":"REST"},{"floor":13.0,"key":"REST"},{"floor":15.0,"key":"REST"}],"neow_cost":"NONE","seed_source_timestamp":617114149306517,"circlet_count":0,"master_deck":["AscendersBane","Defend_G","Defend_G","Defend_G","Defend_G","Strike_G","Strike_G","Strike_G","Strike_G","Strike_G","Survivor","Neutralize","Skewer","All Out Attack","Slice","Corpse Explosion","Leg Sweep","Blur","Sucker Punch","Predator","Caltrops","Regret","Envenom","Bouncing Flask","Choke","Predator","Tools of the Trade","Parasite","Clumsy","Deflect+1","Footwork","Ghostly+1","Ghostly+1","Ghostly+1"],"special_seed":0,"relics":["Orrery","Golden Idol","Mercury Hourglass","Potion Belt","Art of War","Bottled Lightning","Oddly Smooth Stone","Calling Bell","Strawberry","Toxic Egg 2","Dead Branch"],"potions_floor_usage":[],"damage_taken":[{"damage":0.0,"enemies":"Jaw Worm","floor":1.0,"turns":4.0},{"damage":0.0,"enemies":"2 Louse","floor":2.0,"turns":2.0},{"damage":0.0,"enemies":"Small Slimes","floor":5.0,"turns":2.0},{"damage":10.0,"enemies":"Lagavulin","floor":6.0,"turns":10.0},{"damage":10.0,"enemies":"Gremlin Nob","floor":10.0,"turns":3.0},{"damage":4.0,"enemies":"Looter","floor":12.0,"turns":3.0},{"damage":5.0,"enemies":"Gremlin Gang","floor":14.0,"turns":2.0},{"damage":28.0,"enemies":"Hexaghost","floor":16.0,"turns":8.0},{"damage":35.0,"enemies":"Spheric Guardian","floor":18.0,"turns":7.0},{"damage":11.0,"enemies":"3 Byrds","floor":19.0,"turns":5.0},{"damage":17,"enemies":"Gremlin Leader","floor":23,"turns":2}],"seed_played":"1006602488234847820","potions_obtained":[{"floor":2.0,"key":"Weak Potion"},{"floor":6.0,"key":"FearPotion"},{"floor":10.0,"key":"Poison Potion"}],"is_trial":false,"path_per_floor":["M","M","?","?","M","E","R","?","T","E","?","M","R","M","R","B",null,"M","M","?","?","?","E"],"character_chosen":"THE_SILENT","items_purchased":[],"campfire_rested":3,"item_purchase_floors":[],"current_hp_per_floor":[59,59,36,25,25,15,34,34,34,24,24,20,39,34,53,25,63,28,17,17,17,17,0],"gold":302,"neow_bonus":"BOSS_RELIC","is_prod":false,"is_daily":false,"chose_seed":false,"campfire_upgraded":0,"win_rate":0,"timestamp":1558528966,"path_taken":["M","M","?","?","?","E","R","?","T","E","?","?","R","M","R","BOSS","M","M","?","?","?","E"],"build_version":"2019-01-23","purchased_purges":0,"victory":false,"max_hp_per_floor":[66,66,66,66,66,66,66,66,66,66,66,66,66,66,66,66,73,73,73,73,73,36,36],"card_choices":[{"not_picked":["Underhanded Strike","Poisoned Stab"],"picked":"Skewer","floor":0.0},{"not_picked":["Choke","Bouncing Flask"],"picked":"All Out Attack","floor":0.0},{"not_picked":["Prepared","Backflip"],"picked":"Slice","floor":0.0},{"not_picked":["Eviscerate","Cloak And Dagger"],"picked":"Corpse Explosion","floor":0.0},{"not_picked":["PiercingWail","Flying Knee"],"picked":"Leg Sweep","floor":0.0},{"not_picked":["Expertise","Dodge and Roll"],"picked":"Blur","floor":1.0},{"not_picked":["Acrobatics","Slice"],"picked":"Sucker Punch","floor":2.0},{"not_picked":["Bane","Flying Knee"],"picked":"Predator","floor":5.0},{"not_picked":["Poisoned Stab","Backstab"],"picked":"Caltrops","floor":6.0},{"not_picked":["Concentrate","Underhanded Strike"],"picked":"Envenom","floor":10.0},{"not_picked":["Dodge and Roll","Predator"],"picked":"Choke","floor":12.0},{"not_picked":["Dagger Throw","Blade Dance"],"picked":"Predator","floor":14.0},{"not_picked":["Burst","Envenom"],"picked":"Tools of the Trade","floor":16.0},{"not_picked":["Bane","Quick Slash"],"picked":"Deflect+1","floor":18.0},{"not_picked":["Slice","Outmaneuver+1"],"picked":"Footwork","floor":19.0}],"player_experience":1103400,"relics_obtained":[{"floor":6.0,"key":"Potion Belt"},{"floor":9.0,"key":"Bottled Lightning"},{"floor":10.0,"key":"Oddly Smooth Stone"},{"floor":17.0,"key":"Strawberry"},{"floor":17.0,"key":"Toxic Egg 2"},{"floor":17.0,"key":"Dead Branch"}],"event_choices":[{"damage_healed":0.0,"max_hp_gain":0.0,"max_hp_loss":0.0,"gold_gain":0.0,"event_name":"Golden Idol","player_choice":"Take Damage","floor":3.0,"gold_loss":0.0,"damage_taken":23.0,"relics_obtained":["Golden Idol"]},{"damage_healed":0.0,"max_hp_gain":0.0,"max_hp_loss":0.0,"gold_gain":0.0,"event_name":"Scrap Ooze","player_choice":"Success","floor":4.0,"gold_loss":0.0,"damage_taken":11.0,"relics_obtained":["Mercury Hourglass"]},{"damage_healed":0.0,"max_hp_gain":0.0,"max_hp_loss":0.0,"gold_gain":0.0,"event_name":"Big Fish","player_choice":"Box","floor":8.0,"gold_loss":0.0,"damage_taken":0.0,"relics_obtained":["Art of War"],"cards_obtained":["Regret"]},{"damage_healed":0.0,"max_hp_gain":0.0,"max_hp_loss":0.0,"gold_gain":0.0,"cards_transformed":["Defend_G"],"event_name":"Transmorgrifier","player_choice":"Transformed","floor":11.0,"gold_loss":0.0,"damage_taken":0.0,"cards_obtained":["Bouncing Flask"]},{"damage_healed":0,"gold_gain":0,"player_choice":"Ignored","damage_taken":0,"max_hp_gain":0,"max_hp_loss":0,"event_name":"Cursed Tome","floor":20,"gold_loss":0},{"cards_removed":["Pain"],"damage_healed":0,"gold_gain":0,"player_choice":"Gave Gold","damage_taken":0,"max_hp_gain":0,"max_hp_loss":0,"event_name":"Beggar","floor":21,"gold_loss":75},{"damage_healed":0,"gold_gain":0,"player_choice":"Became a Ghost","damage_taken":0,"max_hp_gain":0,"max_hp_loss":37,"event_name":"Ghosts","floor":22,"gold_loss":0,"cards_obtained":["Ghostly","Ghostly","Ghostly"]}],"is_beta":false,"boss_relics":[{"not_picked":["Velvet Choker","Eternal Feather"],"picked":"Calling Bell"}],"items_purged_floors":[],"is_endless":false,"potions_floor_spawned":[2,6,10],"killed_by":"Gremlin Leader","ascension_level":16}