{"gold_per_floor":[109,109,384,401,67,67,78,113,413,425,75,75,150,163,163,260,260,278,278,293,143,173,173,204,204,281,281,291,307,307,317,317,413,413,426,426,426,9,29,29,41,41,41,58,21,34,48,67,67,67],"floor_reached":50,"playtime":1496,"items_purged":["Regret"],"score":630,"play_id":"be55ac25-8496-4a55-b891-695d7bea42c0","local_time":"20190322235923","is_ascension_mode":true,"campfire_choices":[{"data":"Inflame","floor":6.0,"key":"SMITH"},{"data":"True Grit","floor":15.0,"key":"SMITH"},{"floor":23.0,"key":"REST"},{"floor":25.0,"key":"REST"},{"floor":32.0,"key":"REST"},{"data":"Offering","floor":40.0,"key":"SMITH"},{"data":"Dark Embrace","floor":42,"key":"SMITH"},{"floor":49,"key":"REST"}],"neow_cost":"NONE","seed_source_timestamp":187232947339,"circlet_count":0,"master_deck":["Strike_R","Strike_R","Strike_R","Defend_R","Defend_R","Defend_R","Defend_R","Bash","Shrug It Off","Rupture","Inflame+1","Shockwave","Disarm","True Grit+1","Havoc","Offering+1","True Grit","Searing Blow+1","RitualDagger","Spot Weakness","Corruption+1","Ghostly Armor","Uppercut","Body Slam+1","Fiend Fire","Dual Wield","True Grit","Armaments","Twin Strike+1","Necronomicurse","Carnage+1","Cleave+1","Dark Embrace+1","Shrug It Off","Uppercut","Feel No Pain","Spot Weakness","Clothesline","Battle Trance+1","Feel No Pain+1","Twin Strike","Armaments"],"special_seed":0,"relics":["Busted Crown","Orichalcum","Pocketwatch","Old Coin","Brimstone","Velvet Choker","Red Mask","Prayer Wheel","Matryoshka","Necronomicon","Philosopher\u0027s Stone","Shuriken","Strawberry","Paper Frog"],"potions_floor_usage":[50,50,50],"damage_taken":[{"damage":0.0,"enemies":"Small Slimes","floor":1.0,"turns":4.0},{"damage":3.0,"enemies":"Cultist","floor":4.0,"turns":3.0},{"damage":2.0,"enemies":"Jaw Worm","floor":7.0,"turns":4.0},{"damage":10.0,"enemies":"Lagavulin","floor":8.0,"turns":6.0},{"damage":4.0,"enemies":"Large Slime","floor":10.0,"turns":7.0},{"damage":8.0,"enemies":"Blue Slaver","floor":14.0,"turns":3.0},{"damage":30.0,"enemies":"The Guardian","floor":16.0,"turns":6.0},{"damage":15.0,"enemies":"Chosen","floor":18.0,"turns":4.0},{"damage":6.0,"enemies":"Spheric Guardian","floor":20.0,"turns":2.0},{"damage":34.0,"enemies":"Masked Bandits","floor":22.0,"turns":5.0},{"damage":21.0,"enemies":"Book of Stabbing","floor":24.0,"turns":4.0},{"damage":0.0,"enemies":"Snecko","floor":28.0,"turns":3.0},{"damage":0.0,"enemies":"Shelled Parasite and Fungi","floor":29.0,"turns":3.0},{"damage":12.0,"enemies":"Snake Plant","floor":31.0,"turns":2.0},{"damage":17.0,"enemies":"Automaton","floor":33.0,"turns":6.0},{"damage":6.0,"enemies":"3 Darklings","floor":35.0,"turns":4.0},{"damage":3.0,"enemies":"3 Shapes","floor":39.0,"turns":2.0},{"damage":5,"enemies":"Jaw Worm Horde","floor":41,"turns":3},{"damage":13,"enemies":"Writhing Mass","floor":44,"turns":4},{"damage":0,"enemies":"3 Darklings","floor":46,"turns":5},{"damage":4,"enemies":"Spire Growth","floor":47,"turns":3},{"damage":12,"enemies":"Jaw Worm Horde","floor":48,"turns":3},{"damage":65,"enemies":"Awakened One","floor":50,"turns":2}],"seed_played":"1751997376010259981","potions_obtained":[{"floor":4.0,"key":"Explosive Potion"},{"floor":7.0,"key":"Energy Potion"},{"floor":10.0,"key":"AttackPotion"},{"floor":20.0,"key":"LiquidBronze"},{"floor":24.0,"key":"Block Potion"},{"floor":31.0,"key":"SpeedPotion"},{"floor":39.0,"key":"PowerPotion"},{"floor":41,"key":"Dexterity Potion"}],"is_trial":false,"path_per_floor":["M","?","?","M","$","R","M","E","T","M","$","$","?","M","R","B",null,"M","?","M","$","?","R","E","R","T","?","M","M","?","M","R","B",null,"M","?","?","$","M","R","M","R","T","M","$","M","M","M","R","B"],"character_chosen":"IRONCLAD","items_purchased":["Inflame","Orichalcum","Shockwave","Brimstone","Offering","Corruption","Ghostly Armor","Shuriken","Shrug It Off","Uppercut","PowerPotion","Spot Weakness"],"campfire_rested":4,"item_purchase_floors":[5,5,5,11,11,21,21,38,38,38,38,45],"current_hp_per_floor":[80,85,85,82,82,82,80,70,70,66,66,66,55,47,47,17,68,53,47,41,41,7,32,11,36,36,36,36,36,20,8,33,16,68,62,62,62,62,59,59,54,54,61,48,48,48,44,32,58,0],"gold":67,"neow_bonus":"BOSS_RELIC","is_prod":false,"is_daily":false,"chose_seed":false,"campfire_upgraded":4,"win_rate":0,"timestamp":1553295563,"path_taken":["M","?","?","M","$","R","M","E","T","?","?","$","?","M","R","BOSS","M","?","M","$","?","R","E","R","T","?","M","M","?","M","R","BOSS","M","?","?","$","M","R","?","R","T","M","$","M","M","M","R","BOSS"],"build_version":"2019-01-23","purchased_purges":1,"victory":false,"max_hp_per_floor":[80,85,85,85,85,85,85,85,85,85,85,85,85,85,85,85,85,85,85,85,85,85,85,85,85,85,85,85,85,85,85,85,85,85,85,81,81,81,81,81,81,81,88,88,88,88,88,88,88,88],"card_choices":[{"not_picked":[],"picked":"Shrug It Off","floor":1.0},{"not_picked":["Rupture"],"picked":"SKIP","floor":4.0},{"not_picked":[],"picked":"Rupture","floor":4.0},{"not_picked":[],"picked":"Disarm","floor":7.0},{"not_picked":[],"picked":"True Grit","floor":8.0},{"not_picked":[],"picked":"Havoc","floor":10.0},{"not_picked":[],"picked":"True Grit","floor":14.0},{"not_picked":[],"picked":"Searing Blow+1","floor":18.0},{"not_picked":[],"picked":"Spot Weakness","floor":20.0},{"not_picked":[],"picked":"Uppercut","floor":22.0},{"not_picked":[],"picked":"Body Slam+1","floor":24.0},{"not_picked":[],"picked":"True Grit","floor":28.0},{"not_picked":[],"picked":"Armaments","floor":28.0},{"not_picked":[],"picked":"Twin Strike+1","floor":29.0},{"not_picked":["Blood for Blood"],"picked":"SKIP","floor":29.0},{"not_picked":[],"picked":"Carnage+1","floor":31.0},{"not_picked":["Cleave+1"],"picked":"SKIP","floor":31.0},{"not_picked":[],"picked":"Cleave+1","floor":31.0},{"not_picked":[],"picked":"Dark Embrace","floor":33.0},{"not_picked":["Rupture"],"picked":"SKIP","floor":35.0},{"not_picked":["Anger"],"picked":"SKIP","floor":35.0},{"not_picked":["Clash"],"picked":"SKIP","floor":39.0},{"not_picked":["Clash"],"picked":"SKIP","floor":39.0},{"not_picked":["Perfected Strike"],"picked":"SKIP","floor":41},{"not_picked":["Clash"],"picked":"SKIP","floor":41},{"not_picked":[],"picked":"Feel No Pain","floor":44},{"not_picked":["Anger+1"],"picked":"SKIP","floor":44},{"not_picked":[],"picked":"Clothesline","floor":46},{"not_picked":["Corruption"],"picked":"SKIP","floor":46},{"not_picked":[],"picked":"Battle Trance+1","floor":47},{"not_picked":[],"picked":"Feel No Pain+1","floor":47},{"not_picked":[],"picked":"Twin Strike","floor":48},{"not_picked":[],"picked":"Armaments","floor":48}],"player_experience":68586,"relics_obtained":[{"floor":8.0,"key":"Pocketwatch"},{"floor":9.0,"key":"Old Coin"},{"floor":22.0,"key":"Red Mask"},{"floor":24.0,"key":"Prayer Wheel"},{"floor":26.0,"key":"Matryoshka"},{"floor":30.0,"key":"Necronomicon"},{"floor":43,"key":"Strawberry"},{"floor":43,"key":"Paper Frog"}],"event_choices":[{"damage_healed":0.0,"max_hp_gain":5.0,"max_hp_loss":0.0,"gold_gain":0.0,"event_name":"Big Fish","player_choice":"Donut","floor":2.0,"gold_loss":0.0,"damage_taken":0.0},{"damage_healed":0.0,"max_hp_gain":0.0,"max_hp_loss":0.0,"gold_gain":275.0,"event_name":"Golden Shrine","player_choice":"Desecrate","floor":3.0,"gold_loss":0.0,"damage_taken":0.0,"cards_obtained":["Regret"]},{"damage_healed":0.0,"max_hp_gain":0.0,"max_hp_loss":0.0,"gold_gain":75.0,"event_name":"World of Goop","player_choice":"Gather Gold","floor":13.0,"gold_loss":0.0,"damage_taken":11.0},{"damage_healed":0.0,"max_hp_gain":0.0,"max_hp_loss":0.0,"gold_gain":0.0,"event_name":"Nest","player_choice":"Joined the Cult","floor":19.0,"gold_loss":0.0,"damage_taken":6.0,"cards_obtained":["RitualDagger"]},{"damage_healed":0.0,"max_hp_gain":0.0,"max_hp_loss":0.0,"gold_gain":0.0,"event_name":"Masked Bandits","player_choice":"Fought Bandits","floor":22.0,"gold_loss":0.0,"damage_taken":0.0},{"damage_healed":0.0,"max_hp_gain":0.0,"max_hp_loss":0.0,"gold_gain":0.0,"cards_transformed":["Strike_R","Strike_R"],"event_name":"Drug Dealer","player_choice":"Became Test Subject","floor":27.0,"gold_loss":0.0,"damage_taken":0.0,"cards_obtained":["Fiend Fire","Dual Wield"]},{"damage_healed":0.0,"max_hp_gain":0.0,"max_hp_loss":0.0,"gold_gain":0.0,"event_name":"Cursed Tome","player_choice":"Obtained Book","floor":30.0,"gold_loss":0.0,"damage_taken":16.0},{"damage_healed":0.0,"max_hp_gain":0.0,"max_hp_loss":4.0,"gold_gain":0.0,"event_name":"Winding Halls","player_choice":"Max HP","floor":36.0,"gold_loss":0.0,"damage_taken":0.0},{"damage_healed":0.0,"max_hp_gain":0.0,"max_hp_loss":0.0,"gold_gain":0.0,"event_name":"Upgrade Shrine","player_choice":"Upgraded","floor":37.0,"gold_loss":0.0,"damage_taken":0.0,"cards_upgraded":["Corruption"]}],"is_beta":false,"boss_relics":[{"not_picked":["Runic Dome","Coffee Dripper"],"picked":"Velvet Choker"},{"not_picked":["Empty Cage","Tiny House"],"picked":"Philosopher\u0027s Stone"}],"items_purged_floors":[5],"is_endless":false,"potions_floor_spawned":[4,7,10,16,20,24,31,39,41,44],"killed_by":"Awakened One","ascension_level":5}