{"gold_per_floor":[10,20,38,57,73,102,115,125,152,200,227,227,227,259,259,354,354,368,388,404,431,161,189,189,114,141,159,159,174,174,199,199,299,299,316,333,138,138,360,360,392,392,392,392,444,6,41,41,41,41],"floor_reached":51,"playtime":3940,"items_purged":["Strike_G","Defend_G"],"score":852,"play_id":"3a4f0fbf-4d05-4217-8e18-558d86806e50","local_time":"20190524155213","is_ascension_mode":true,"campfire_choices":[{"data":"Bouncing Flask","floor":12.0,"key":"SMITH"},{"floor":15.0,"key":"REST"},{"floor":24.0,"key":"REST"},{"data":"Caltrops","floor":28.0,"key":"SMITH"},{"floor":30.0,"key":"REST"},{"floor":32.0,"key":"REST"},{"data":"Backflip","floor":40.0,"key":"SMITH"},{"data":"Corpse Explosion","floor":42.0,"key":"SMITH"},{"data":"Defend_G","floor":49,"key":"SMITH"}],"neow_cost":"NO_GOLD","seed_source_timestamp":251173813653800,"circlet_count":0,"master_deck":["Defend_G","Defend_G","Defend_G+1","Defend_G+1","Strike_G","Strike_G","Strike_G","Survivor","Neutralize","Dagger Throw","Catalyst+1","Escape Plan","Dash","Bouncing Flask+1","Poisoned Stab","Caltrops+1","Acrobatics","Burst","Poisoned Stab+1","Prepared+1","Tactician","Calculated Gamble","Backflip+1","Flying Knee","Backflip+1","Corpse Explosion+1","Quick Slash+1","Footwork+1","Adrenaline"],"special_seed":0,"relics":["Ring of the Serpent","FossilizedHelix","Happy Flower","Smiling Mask","Omamori","Strawberry","Gambling Chip","Black Star","Red Mask","Anchor","Juzu Bracelet","Pen Nib","War Paint","PreservedInsect","Mercury Hourglass","Vajra","Blood Vial","Bottled Lightning","Bottled Tornado","Shovel","Lantern","Thread and Needle","Centennial Puzzle","Bag of Marbles"],"potions_floor_usage":[50,50],"damage_taken":[{"damage":0.0,"enemies":"Cultist","floor":1.0,"turns":5.0},{"damage":0.0,"enemies":"Jaw Worm","floor":2.0,"turns":4.0},{"damage":0.0,"enemies":"Small Slimes","floor":3.0,"turns":6.0},{"damage":8.0,"enemies":"Gremlin Gang","floor":4.0,"turns":8.0},{"damage":8.0,"enemies":"Exordium Thugs","floor":5.0,"turns":8.0},{"damage":3.0,"enemies":"Lagavulin","floor":6.0,"turns":6.0},{"damage":0.0,"enemies":"3 Louse","floor":7.0,"turns":5.0},{"damage":0.0,"enemies":"Large Slime","floor":8.0,"turns":7.0},{"damage":13.0,"enemies":"3 Sentries","floor":11.0,"turns":10.0},{"damage":1.0,"enemies":"Lagavulin","floor":14.0,"turns":6.0},{"damage":43.0,"enemies":"Slime Boss","floor":16.0,"turns":15.0},{"damage":0.0,"enemies":"3 Byrds","floor":18.0,"turns":5.0},{"damage":0.0,"enemies":"Chosen","floor":19.0,"turns":5.0},{"damage":17.0,"enemies":"Centurion and Healer","floor":20.0,"turns":7.0},{"damage":45.0,"enemies":"Masked Bandits","floor":21.0,"turns":5.0},{"damage":0.0,"enemies":"Book of Stabbing","floor":23.0,"turns":3.0},{"damage":2.0,"enemies":"Cultist and Chosen","floor":27.0,"turns":5.0},{"damage":0.0,"enemies":"Snecko","floor":29.0,"turns":2.0},{"damage":26.0,"enemies":"Slavers","floor":31.0,"turns":8.0},{"damage":52.0,"enemies":"Automaton","floor":33.0,"turns":8.0},{"damage":6.0,"enemies":"3 Darklings","floor":35.0,"turns":4.0},{"damage":0.0,"enemies":"Orb Walker","floor":36.0,"turns":3.0},{"damage":14.0,"enemies":"Nemesis","floor":41.0,"turns":5.0},{"damage":0.0,"enemies":"2 Orb Walkers","floor":45.0,"turns":4.0},{"damage":0.0,"enemies":"Reptomancer","floor":47.0,"turns":5.0},{"damage":56,"enemies":"Time Eater","floor":50,"turns":12}],"seed_played":"880163760641475748","potions_obtained":[{"floor":2.0,"key":"FearPotion"},{"floor":4.0,"key":"EssenceOfSteel"},{"floor":5.0,"key":"Block Potion"},{"floor":7.0,"key":"Ancient Potion"},{"floor":19.0,"key":"Poison Potion"},{"floor":29.0,"key":"GamblersBrew"},{"floor":31.0,"key":"SkillPotion"},{"floor":35.0,"key":"GhostInAJar"},{"floor":36.0,"key":"Regen Potion"},{"floor":38.0,"key":"Poison Potion"},{"floor":45.0,"key":"EssenceOfSteel"},{"floor":47.0,"key":"Fire Potion"}],"is_trial":false,"path_per_floor":["M","M","M","M","M","E","M","M","T","T","E","R","?","E","R","B",null,"M","M","M","?","$","E","R","?","T","M","R","M","R","E","R","B",null,"M","M","$","?","?","R","E","R","T","?","?","$","E","?","R","B",null],"character_chosen":"THE_SILENT","items_purchased":["Anchor","Calculated Gamble","Vajra","Lantern","Thread and Needle"],"campfire_rested":4,"item_purchase_floors":[22,22,37,46,46],"current_hp_per_floor":[70,70,70,62,54,51,51,51,51,51,45,45,45,44,67,24,77,77,77,60,15,15,15,38,38,38,36,36,36,59,33,56,4,77,71,71,71,71,71,71,57,57,57,76,77,77,77,77,77,21],"gold":41,"neow_bonus":"ONE_RARE_RELIC","is_prod":false,"is_daily":false,"chose_seed":false,"campfire_upgraded":5,"win_rate":0,"timestamp":1558738333,"path_taken":["M","M","M","?","M","E","M","M","T","?","E","R","?","E","R","BOSS","M","M","M","?","$","E","R","?","T","M","R","M","R","E","R","BOSS","M","M","$","?","?","R","E","R","T","?","?","$","E","?","R","BOSS"],"build_version":"2019-01-23","purchased_purges":2,"victory":true,"max_hp_per_floor":[70,70,70,70,70,70,70,70,70,70,77,77,77,77,77,77,77,77,77,77,77,77,77,77,77,77,77,77,77,77,77,77,77,77,77,77,77,77,77,77,77,77,77,77,77,77,77,77,77,77],"card_choices":[{"not_picked":["PiercingWail","Predator"],"picked":"Dagger Throw","floor":1.0},{"not_picked":["Dodge and Roll","Bane"],"picked":"Catalyst","floor":2.0},{"not_picked":["Dash","Dagger Spray"],"picked":"Escape Plan","floor":3.0},{"not_picked":["Endless Agony","Blade Dance"],"picked":"Dash","floor":4.0},{"not_picked":["Skewer","Flying Knee"],"picked":"Bouncing Flask","floor":5.0},{"not_picked":["Dagger Throw","Blade Dance"],"picked":"Deflect","floor":6.0},{"not_picked":["PiercingWail","Phantasmal Killer","Blade Dance"],"picked":"SKIP","floor":7.0},{"not_picked":["Predator","Prepared"],"picked":"Poisoned Stab","floor":8.0},{"not_picked":["Prepared","All Out Attack"],"picked":"Caltrops","floor":11.0},{"not_picked":["Underhanded Strike","Slice"],"picked":"Acrobatics","floor":14.0},{"not_picked":["Wraith Form v2","Doppelganger"],"picked":"Burst","floor":16.0},{"not_picked":["Deadly Poison","Acrobatics"],"picked":"Poisoned Stab+1","floor":18.0},{"not_picked":["Backstab","PiercingWail","Dagger Spray"],"picked":"SKIP","floor":19.0},{"not_picked":["Blade Dance","Underhanded Strike+1"],"picked":"Prepared+1","floor":20.0},{"not_picked":["Quick Slash","Poisoned Stab"],"picked":"Tactician","floor":21.0},{"not_picked":["Venomology","Terror"],"picked":"Backflip","floor":23.0},{"not_picked":["Blade Dance","Prepared"],"picked":"Flying Knee","floor":27.0},{"not_picked":["Flechettes","Well Laid Plans","Tactician"],"picked":"SKIP","floor":29.0},{"not_picked":["Underhanded Strike","Quick Slash+1"],"picked":"Backflip+1","floor":31.0},{"not_picked":["Bullet Time","Doppelganger"],"picked":"Corpse Explosion","floor":33.0},{"not_picked":["PiercingWail+1","Slice"],"picked":"Quick Slash+1","floor":35.0},{"not_picked":["Backstab+1","PiercingWail+1"],"picked":"Footwork+1","floor":36.0},{"not_picked":["Expertise+1","Accuracy","Predator"],"picked":"SKIP","floor":41.0},{"not_picked":["PiercingWail+1","Outmaneuver"],"picked":"Adrenaline","floor":45.0},{"not_picked":["Endless Agony","Poisoned Stab","Eviscerate+1"],"picked":"SKIP","floor":47.0}],"player_experience":61452,"relics_obtained":[{"floor":6.0,"key":"Happy Flower"},{"floor":9.0,"key":"Smiling Mask"},{"floor":10.0,"key":"Omamori"},{"floor":11.0,"key":"Strawberry"},{"floor":14.0,"key":"Gambling Chip"},{"floor":21.0,"key":"Red Mask"},{"floor":23.0,"key":"Juzu Bracelet"},{"floor":23.0,"key":"Pen Nib"},{"floor":26.0,"key":"War Paint"},{"floor":31.0,"key":"PreservedInsect"},{"floor":31.0,"key":"Mercury Hourglass"},{"floor":41.0,"key":"Blood Vial"},{"floor":41.0,"key":"Bottled Lightning"},{"floor":43.0,"key":"Bottled Tornado"},{"floor":45.0,"key":"Shovel"},{"floor":47.0,"key":"Centennial Puzzle"},{"floor":47.0,"key":"Bag of Marbles"}],"event_choices":[{"damage_healed":0.0,"max_hp_gain":0.0,"max_hp_loss":0.0,"gold_gain":0.0,"event_name":"Liars Game","player_choice":"Ignored","floor":13.0,"gold_loss":0.0,"damage_taken":0.0},{"damage_healed":0.0,"max_hp_gain":0.0,"max_hp_loss":0.0,"gold_gain":0.0,"event_name":"Masked Bandits","player_choice":"Fought Bandits","floor":21.0,"gold_loss":0.0,"damage_taken":0.0},{"cards_removed":["Strike_G"],"damage_healed":0.0,"max_hp_gain":0.0,"max_hp_loss":0.0,"gold_gain":0.0,"event_name":"Beggar","player_choice":"Gave Gold","floor":25.0,"gold_loss":75.0,"damage_taken":0.0},{"damage_healed":0.0,"max_hp_gain":0.0,"max_hp_loss":0.0,"gold_gain":0.0,"event_name":"Lab","player_choice":"Got Potions","floor":38.0,"gold_loss":0.0,"damage_taken":0.0},{"damage_healed":0.0,"max_hp_gain":0.0,"max_hp_loss":0.0,"gold_gain":222.0,"event_name":"Tomb of Lord Red Mask","player_choice":"Wore Mask","floor":39.0,"gold_loss":0.0,"damage_taken":0.0},{"damage_healed":19.0,"max_hp_gain":0.0,"max_hp_loss":0.0,"gold_gain":0.0,"event_name":"Winding Halls","player_choice":"Writhe","floor":44.0,"gold_loss":0.0,"damage_taken":0.0,"cards_obtained":["Writhe"]},{"damage_healed":0.0,"max_hp_gain":0.0,"max_hp_loss":0.0,"gold_gain":0.0,"event_name":"Mysterious Sphere","player_choice":"Fight","floor":45.0,"gold_loss":0.0,"damage_taken":0.0},{"cards_removed":["Deflect"],"damage_healed":0.0,"max_hp_gain":0.0,"max_hp_loss":0.0,"gold_gain":0.0,"event_name":"Falling","player_choice":"Removed Skill","floor":48.0,"gold_loss":0.0,"damage_taken":0.0}],"is_beta":false,"boss_relics":[{"not_picked":["Astrolabe","White Beast Statue"],"picked":"Black Star"},{"not_picked":["Eternal Feather","Runic Dome"],"picked":"Ring of the Serpent"}],"items_purged_floors":[22,37],"is_endless":false,"potions_floor_spawned":[2,4,5,7,8,19,20,29,31,35,36,45,47],"ascension_level":1}