{"gold_per_floor":[119,137,137,149,149,149,185,185,185,157,173,213,238,282,282,372,372,392,392,416,416,416,450,268,268,268,268,268,308,321,356,356,449,449,462,462,81,99,99,143,268,287,287,620,620,639,639,673,673,673],"floor_reached":51,"playtime":3552,"items_purged":[],"score":1597,"play_id":"23ac6e8b-31a3-440f-a679-6a39fd92f61f","local_time":"20190420193414","is_ascension_mode":true,"campfire_choices":[{"data":"Pommel Strike","floor":6.0,"key":"SMITH"},{"floor":8.0,"key":"REST"},{"data":"Bash","floor":15.0,"key":"SMITH"},{"data":"Bludgeon","floor":25.0,"key":"SMITH"},{"floor":27.0,"key":"REST"},{"data":"Pommel Strike","floor":32.0,"key":"SMITH"},{"data":"Buffer","floor":45.0,"key":"SMITH"},{"data":"Core Surge","floor":47.0,"key":"SMITH"},{"data":"Juggernaut","floor":49.0,"key":"SMITH"}],"neow_cost":"NONE","seed_source_timestamp":23284011874704,"circlet_count":0,"master_deck":["AscendersBane","Defend_R","Defend_R","Defend_R","Bash+1","Heavy Blade","Headbutt+1","Pommel Strike+1","Shrug It Off+1","Armaments+1","Evolve","Flame Barrier+1","True Grit+1","Double Tap+1","Bludgeon+1","Seeing Red+1","Shrug It Off+1","Bite","Bite","Bite","Bite","Bite","Flame Barrier+1","Master of Strategy+1","Pommel Strike+1","Wild Strike+1","Battle Trance+1","Barricade","Warcry+1","Impervious+1","Coolheaded+1","Buffer+1","Outmaneuver+1","Prepared+1","Shame","Warcry+1","Core Surge+1","Juggernaut+1"],"special_seed":0,"relics":["Burning Blood","NeowsBlessing","Golden Idol","Toxic Egg 2","Gambling Chip","Dodecahedron","Cursed Key","Ornamental Fan","Self Forming Clay","Mercury Hourglass","Potion Belt","Sozu","PrismaticShard","Du-Vu Doll","StoneCalendar","Regal Pillow","Old Coin","Shuriken"],"potions_floor_usage":[50,50],"damage_taken":[{"damage":0.0,"enemies":"2 Louse","floor":1.0,"turns":2.0},{"damage":0.0,"enemies":"Cultist","floor":2.0,"turns":1.0},{"damage":0.0,"enemies":"Jaw Worm","floor":4.0,"turns":1.0},{"damage":37.0,"enemies":"Lagavulin","floor":7.0,"turns":7.0},{"damage":0.0,"enemies":"Red Slaver","floor":11.0,"turns":5.0},{"damage":28.0,"enemies":"Gremlin Nob","floor":12.0,"turns":5.0},{"damage":8.0,"enemies":"Large Slime","floor":13.0,"turns":6.0},{"damage":0.0,"enemies":"Lagavulin","floor":14.0,"turns":9.0},{"damage":29.0,"enemies":"The Guardian","floor":16.0,"turns":15.0},{"damage":0.0,"enemies":"Chosen","floor":18.0,"turns":3.0},{"damage":35.0,"enemies":"Shell Parasite","floor":20.0,"turns":7.0},{"damage":49.0,"enemies":"Book of Stabbing","floor":23.0,"turns":8.0},{"damage":10.0,"enemies":"Slavers","floor":29.0,"turns":9.0},{"damage":0.0,"enemies":"Snake Plant","floor":30.0,"turns":2.0},{"damage":15.0,"enemies":"Book of Stabbing","floor":31.0,"turns":4.0},{"damage":71.0,"enemies":"Automaton","floor":33.0,"turns":12.0},{"damage":17.0,"enemies":"3 Darklings","floor":35.0,"turns":9.0},{"damage":0.0,"enemies":"3 Shapes","floor":38.0,"turns":3.0},{"damage":4.0,"enemies":"Reptomancer","floor":40.0,"turns":9.0},{"damage":7.0,"enemies":"Mind Bloom Boss Battle","floor":41.0,"turns":7.0},{"damage":0.0,"enemies":"Writhing Mass","floor":42.0,"turns":5.0},{"damage":0.0,"enemies":"Giant Head","floor":44.0,"turns":8.0},{"damage":1.0,"enemies":"Spire Growth","floor":46.0,"turns":5.0},{"damage":17.0,"enemies":"Reptomancer","floor":48.0,"turns":6.0},{"damage":82,"enemies":"Time Eater","floor":50,"turns":12}],"seed_played":"8795299272633750850","potions_obtained":[{"floor":4.0,"key":"Explosive Potion"},{"floor":11.0,"key":"Fruit Juice"},{"floor":16.0,"key":"EssenceOfSteel"},{"floor":23.0,"key":"BloodPotion"},{"floor":31.0,"key":"Energy Potion"},{"floor":33.0,"key":"Poison Potion"}],"is_trial":false,"path_per_floor":["M","M","?","M","?","R","E","R","T","$","M","E","M","E","R","B",null,"M","?","M","?","?","E","$","R","T","R","?","E","M","E","R","B",null,"M","?","$","M","$","E","?","M","T","E","R","M","R","E","R","B",null],"character_chosen":"IRONCLAD","items_purchased":["Armaments+1","Master of Strategy+1","PrismaticShard","Impervious+1"],"campfire_rested":2,"item_purchase_floors":[10,24,37,37],"current_hp_per_floor":[74,75,75,75,49,49,18,40,40,40,53,33,33,41,41,20,65,73,73,46,62,62,42,42,42,42,66,66,80,80,71,71,32,68,80,80,80,80,80,80,80,80,80,80,80,80,80,80,80,32],"gold":673,"neow_bonus":"THREE_ENEMY_KILL","is_prod":false,"is_daily":false,"chose_seed":false,"campfire_upgraded":7,"win_rate":0,"timestamp":1555814054,"path_taken":["M","M","?","?","?","R","E","R","T","?","M","E","M","E","R","BOSS","M","?","M","?","?","E","$","R","T","R","?","E","M","E","R","BOSS","M","?","$","M","$","E","?","M","T","E","R","M","R","E","R","BOSS"],"build_version":"2019-01-23","purchased_purges":0,"victory":true,"max_hp_per_floor":[75,75,75,75,75,75,75,75,75,75,80,80,80,80,80,80,80,80,80,80,80,80,80,80,80,80,80,80,80,80,80,80,80,80,80,80,80,80,80,80,80,80,80,80,80,80,80,80,80,80],"card_choices":[{"not_picked":["Dropkick","Flex"],"picked":"Heavy Blade","floor":1.0},{"not_picked":["Clash","Flex"],"picked":"Headbutt","floor":2.0},{"not_picked":["Twin Strike","Shockwave"],"picked":"Pommel Strike","floor":4.0},{"not_picked":["Anger","Perfected Strike"],"picked":"Shrug It Off","floor":7.0},{"not_picked":["Anger","Iron Wave"],"picked":"Evolve","floor":11.0},{"not_picked":["Warcry+1","Burning Pact+1"],"picked":"Flame Barrier+1","floor":12.0},{"not_picked":["Wild Strike","Twin Strike"],"picked":"True Grit+1","floor":13.0},{"not_picked":["Ghostly Armor+1","Heavy Blade"],"picked":"Double Tap+1","floor":14.0},{"not_picked":["Brutality","Dark Embrace"],"picked":"Bludgeon","floor":16.0},{"not_picked":["Combust","True Grit+1"],"picked":"Seeing Red+1","floor":18.0},{"not_picked":["Iron Wave","Pommel Strike+1"],"picked":"Shrug It Off+1","floor":20.0},{"not_picked":["Anger","Clothesline"],"picked":"Flame Barrier+1","floor":23.0},{"not_picked":["Clash","Searing Blow"],"picked":"Pommel Strike","floor":29.0},{"not_picked":["Thunderclap+1","Pommel Strike"],"picked":"Wild Strike+1","floor":30.0},{"not_picked":["Brutality","Dropkick"],"picked":"Battle Trance+1","floor":31.0},{"not_picked":["Fiend Fire","Double Tap+1"],"picked":"Barricade","floor":33.0},{"not_picked":["Pommel Strike","Clash"],"picked":"Warcry+1","floor":35.0},{"not_picked":["Infernal Blade+1","Dagger Spray"],"picked":"Coolheaded+1","floor":38.0},{"not_picked":["Dagger Throw","Burning Pact+1"],"picked":"Buffer","floor":40.0},{"not_picked":["Steam+1","Clash"],"picked":"Outmaneuver+1","floor":41.0},{"not_picked":["Body Slam","Sever Soul"],"picked":"Prepared+1","floor":42.0},{"not_picked":["Endless Agony","Rebound"],"picked":"Warcry+1","floor":44.0},{"not_picked":["Headbutt","Dramatic Entrance"],"picked":"Core Surge","floor":46.0},{"not_picked":["Finesse+1","Redo+1"],"picked":"Juggernaut","floor":48.0}],"player_experience":735435,"relics_obtained":[{"floor":7.0,"key":"Toxic Egg 2"},{"floor":9.0,"key":"Blood Vial"},{"floor":12.0,"key":"Gambling Chip"},{"floor":14.0,"key":"Dodecahedron"},{"floor":23.0,"key":"Ornamental Fan"},{"floor":26.0,"key":"Self Forming Clay"},{"floor":29.0,"key":"Mercury Hourglass"},{"floor":31.0,"key":"Potion Belt"},{"floor":40.0,"key":"Du-Vu Doll"},{"floor":41.0,"key":"StoneCalendar"},{"floor":43.0,"key":"Regal Pillow"},{"floor":44.0,"key":"Old Coin"},{"floor":48.0,"key":"Shuriken"}],"event_choices":[{"damage_healed":0.0,"max_hp_gain":0.0,"max_hp_loss":0.0,"gold_gain":0.0,"event_name":"Upgrade Shrine","player_choice":"Upgraded","floor":3.0,"gold_loss":0.0,"damage_taken":0.0,"cards_upgraded":["Headbutt"]},{"damage_healed":0.0,"max_hp_gain":0.0,"max_hp_loss":0.0,"gold_gain":0.0,"event_name":"Golden Idol","player_choice":"Take Damage","floor":5.0,"gold_loss":0.0,"damage_taken":26.0,"relics_obtained":["Golden Idol"]},{"damage_healed":0.0,"max_hp_gain":0.0,"max_hp_loss":0.0,"gold_gain":0.0,"event_name":"Ghosts","player_choice":"Ignored","floor":19.0,"gold_loss":0.0,"damage_taken":0.0},{"damage_healed":16.0,"max_hp_gain":0.0,"max_hp_loss":0.0,"gold_gain":0.0,"event_name":"The Library","player_choice":"Heal","floor":21.0,"gold_loss":0.0,"damage_taken":0.0},{"damage_healed":0.0,"max_hp_gain":0.0,"max_hp_loss":0.0,"gold_gain":0.0,"event_name":"Vampires","player_choice":"Became a vampire (Vial)","floor":22.0,"relics_lost":["Blood Vial"],"gold_loss":0.0,"damage_taken":0.0,"cards_obtained":["Bite","Bite","Bite","Bite","Bite"]},{"cards_removed":["Writhe"],"damage_healed":0.0,"max_hp_gain":0.0,"max_hp_loss":0.0,"gold_gain":0.0,"event_name":"Back to Basics","player_choice":"Elegance","floor":28.0,"gold_loss":0.0,"damage_taken":0.0},{"cards_removed":["Defend_R"],"damage_healed":0.0,"max_hp_gain":0.0,"max_hp_loss":0.0,"gold_gain":0.0,"event_name":"Falling","player_choice":"Removed Skill","floor":36.0,"gold_loss":0.0,"damage_taken":0.0},{"damage_healed":0.0,"max_hp_gain":0.0,"max_hp_loss":0.0,"gold_gain":0.0,"event_name":"MindBloom","player_choice":"Fight","floor":41.0,"gold_loss":0.0,"damage_taken":0.0}],"is_beta":false,"boss_relics":[{"not_picked":["Runic Cube","Philosopher\u0027s Stone"],"picked":"Cursed Key"},{"not_picked":["Calling Bell","Pandora\u0027s Box"],"picked":"Sozu"}],"items_purged_floors":[],"is_endless":false,"potions_floor_spawned":[4,11,16,23,31,33,35,38,41,44],"ascension_level":17}