{"gold_per_floor":[365,379,0,13,24,59,59,90,137,148,148,163,197,216,216,293,293,308,324,340,351,38,38],"floor_reached":23,"playtime":1383,"items_purged":[],"score":460,"play_id":"6e57357c-da06-4e76-afc3-b4987685e348","local_time":"20190521135733","is_ascension_mode":true,"campfire_choices":[{"floor":7.0,"key":"REST"},{"floor":11.0,"key":"REST"},{"data":"Backflip","floor":15.0,"key":"SMITH"}],"neow_cost":"PERCENT_DAMAGE","seed_source_timestamp":3508899441580197,"circlet_count":0,"master_deck":["AscendersBane","Defend_G","Defend_G","Defend_G","Defend_G","Defend_G","Strike_G","Strike_G","Strike_G","Strike_G","Strike_G","Survivor","Neutralize","Backstab","Well Laid Plans","Backflip+1","Dagger Spray","Cloak And Dagger","All Out Attack","Dash","Bouncing Flask","Prepared","Riddle With Holes","Terror","Adrenaline","Poisoned Stab+1","Dodge and Roll+1","Caltrops+1","Envenom"],"special_seed":0,"relics":["Ring of the Snake","Matryoshka","Regal Pillow","Pantograph","Bag of Marbles","Dream Catcher","Oddly Smooth Stone","Runic Dome","Anchor"],"potions_floor_usage":[20],"damage_taken":[{"damage":7.0,"enemies":"Cultist","floor":1.0,"turns":6.0},{"damage":1.0,"enemies":"Jaw Worm","floor":2.0,"turns":5.0},{"damage":0.0,"enemies":"Small Slimes","floor":4.0,"turns":4.0},{"damage":2.0,"enemies":"2 Fungi Beasts","floor":5.0,"turns":4.0},{"damage":26.0,"enemies":"Gremlin Nob","floor":6.0,"turns":4.0},{"damage":24.0,"enemies":"3 Sentries","floor":8.0,"turns":12.0},{"damage":11.0,"enemies":"Exordium Thugs","floor":10.0,"turns":4.0},{"damage":6.0,"enemies":"Blue Slaver","floor":12.0,"turns":3.0},{"damage":0.0,"enemies":"Gremlin Nob","floor":13.0,"turns":2.0},{"damage":0.0,"enemies":"2 Fungi Beasts","floor":14.0,"turns":2.0},{"damage":25.0,"enemies":"Hexaghost","floor":16.0,"turns":11.0},{"damage":9,"enemies":"3 Byrds","floor":18,"turns":4},{"damage":8,"enemies":"2 Thieves","floor":19,"turns":3},{"damage":0,"enemies":"Centurion and Healer","floor":20,"turns":4},{"damage":22,"enemies":"Snake Plant","floor":21,"turns":3},{"damage":19,"enemies":"Gremlin Leader","floor":23,"turns":3}],"seed_played":"-3291144954864611475","potions_obtained":[{"floor":4.0,"key":"GamblersBrew"},{"floor":5.0,"key":"SteroidPotion"},{"floor":10.0,"key":"GhostInAJar"},{"floor":12.0,"key":"AttackPotion"},{"floor":16.0,"key":"Fire Potion"},{"floor":21,"key":"Strength Potion"}],"is_trial":false,"path_per_floor":["M","M","$","M","M","E","R","E","T","M","R","M","E","M","R","B",null,"M","M","M","M","$","E"],"character_chosen":"THE_SILENT","items_purchased":["Matryoshka","Well Laid Plans","Backflip","Envenom","Anchor"],"campfire_rested":2,"item_purchase_floors":[3,3,3,22,22],"current_hp_per_floor":[37,36,36,36,34,8,42,18,18,7,41,35,35,35,35,35,58,49,41,41,19,19,0],"gold":38,"neow_bonus":"TWO_FIFTY_GOLD","is_prod":false,"is_daily":false,"chose_seed":false,"campfire_upgraded":1,"win_rate":0,"timestamp":1558472253,"path_taken":["M","M","$","M","M","E","R","E","T","?","R","M","E","M","R","BOSS","M","?","?","M","$","E"],"build_version":"2019-01-23","purchased_purges":0,"victory":false,"max_hp_per_floor":[66,66,66,66,66,66,66,66,66,66,66,66,66,66,66,66,66,66,66,66,66,66,66],"card_choices":[{"not_picked":["Deflect","Caltrops"],"picked":"Backstab","floor":1.0},{"not_picked":["Dodge and Roll","Reflex","Accuracy"],"picked":"SKIP","floor":2.0},{"not_picked":["Dodge and Roll","Dagger Throw"],"picked":"Dagger Spray","floor":4.0},{"not_picked":["Eviscerate","Blade Dance","Dagger Throw"],"picked":"SKIP","floor":5.0},{"not_picked":["Grand Finale","Dodge and Roll"],"picked":"Cloak And Dagger","floor":6.0},{"not_picked":["Accuracy","Blade Dance"],"picked":"All Out Attack","floor":8.0},{"not_picked":["Choke","Masterful Stab"],"picked":"Dash","floor":10.0},{"not_picked":["Dagger Spray","Finisher"],"picked":"Bouncing Flask","floor":11.0},{"not_picked":["Finisher","Blade Dance"],"picked":"Prepared","floor":12.0},{"not_picked":["Underhanded Strike","Reflex"],"picked":"Riddle With Holes","floor":13.0},{"not_picked":["Dagger Spray","Flying Knee"],"picked":"Terror","floor":14.0},{"not_picked":["Bullet Time","Phantasmal Killer"],"picked":"Adrenaline","floor":16.0},{"not_picked":["Quick Slash","Underhanded Strike"],"picked":"Poisoned Stab+1","floor":18},{"not_picked":["Accuracy+1","Dodge and Roll","Blade Dance"],"picked":"SKIP","floor":19},{"not_picked":["Slice","Tactician"],"picked":"Dodge and Roll+1","floor":20},{"not_picked":["Distraction+1","Deadly Poison"],"picked":"Caltrops+1","floor":21}],"player_experience":689626,"relics_obtained":[{"floor":6.0,"key":"Regal Pillow"},{"floor":8.0,"key":"Pantograph"},{"floor":9.0,"key":"Bag of Marbles"},{"floor":9.0,"key":"Dream Catcher"},{"floor":13.0,"key":"Oddly Smooth Stone"}],"event_choices":[],"is_beta":false,"boss_relics":[{"not_picked":["Coffee Dripper","Lizard Tail"],"picked":"Runic Dome"}],"items_purged_floors":[],"is_endless":false,"potions_floor_spawned":[4,5,10,12,16,18,19,21],"killed_by":"Gremlin Leader","ascension_level":18}