{"gold_per_floor":[115,135,145,145,164,164,184,259,285,301,301,316,316,327,327,428,428,439,511,30,30,30,30,30,41,41,41,61,61,76,76,76,179,179,198,198,214,233,253,253,265,282,282,292,292,292,325,32,32,32],"floor_reached":51,"playtime":9325,"items_purged":["Strike_B","Strike_B+1"],"score":740,"play_id":"2d656220-616b-4f9d-b640-67c3f00d6d97","local_time":"20180914222538","is_ascension_mode":true,"campfire_choices":[{"data":"Dualcast","floor":6,"key":"SMITH"},{"floor":13,"key":"REST"},{"floor":15,"key":"REST"},{"data":"Genetic Algorithm","floor":23,"key":"SMITH"},{"data":"Streamline","floor":29,"key":"SMITH"},{"data":"Hologram","floor":32,"key":"SMITH"},{"data":"Seek","floor":40,"key":"SMITH"},{"data":"Echo Form","floor":45,"key":"SMITH"},{"data":"Biased Cognition","floor":49,"key":"SMITH"}],"neow_cost":"NONE","seed_source_timestamp":43991937194803,"circlet_count":0,"master_deck":["Strike_B+1","Strike_B+1","Defend_B+1","Defend_B+1","Defend_B+1","Defend_B+1","Zap+1","Dualcast+1","Doom and Gloom","Gash","Streamline+1","Gash","Hologram+1","Biased Cognition+1","Conserve Battery+1","Genetic Algorithm+1","Self Repair+1","Gash+1","Seek+1","Tempest+1","Echo Form+1","Storm+1","Consume+1","Go for the Eyes+1","Glacier"],"relics":["Runic Pyramid","Boot","Omamori","Nuclear Battery","Kunai","Anchor","Bottled Flame","Matryoshka","Bag of Marbles","Inserter","Juzu Bracelet","Gambling Chip","Bird Faced Urn","Meat on the Bone","Orichalcum"],"potions_floor_usage":[16,16,33,39,41,47,50,50,50],"damage_taken":[{"damage":1,"enemies":"Cultist","floor":1,"turns":4},{"damage":3,"enemies":"Small Slimes","floor":2,"turns":3},{"damage":4,"enemies":"Jaw Worm","floor":3,"turns":4},{"damage":3,"enemies":"Blue Slaver","floor":5,"turns":4},{"damage":0,"enemies":"Large Slime","floor":7,"turns":3},{"damage":7,"enemies":"Looter","floor":10,"turns":3},{"damage":8,"enemies":"Blue Slaver","floor":12,"turns":3},{"damage":9,"enemies":"Red Slaver","floor":14,"turns":2},{"damage":19,"enemies":"Hexaghost","floor":16,"turns":7},{"damage":1,"enemies":"Spheric Guardian","floor":18,"turns":3},{"damage":6,"enemies":"3 Byrds","floor":25,"turns":5},{"damage":6,"enemies":"Snake Plant","floor":28,"turns":4},{"damage":2,"enemies":"Centurion and Healer","floor":30,"turns":6},{"damage":0,"enemies":"Champ","floor":33,"turns":9},{"damage":4,"enemies":"3 Darklings","floor":35,"turns":5},{"damage":0,"enemies":"3 Shapes","floor":37,"turns":5},{"damage":1,"enemies":"Jaw Worm Horde","floor":38,"turns":4},{"damage":1,"enemies":"3 Darklings","floor":39,"turns":6},{"damage":17,"enemies":"Sphere and 2 Shapes","floor":41,"turns":5},{"damage":0,"enemies":"Transient","floor":42,"turns":5},{"damage":0,"enemies":"Spire Growth","floor":44,"turns":4},{"damage":0,"enemies":"Mind Bloom Boss Battle","floor":46,"turns":3},{"damage":10,"enemies":"2 Orb Walkers","floor":47,"turns":4},{"damage":15,"enemies":"Time Eater","floor":50,"turns":6}],"seed_played":"-8748224867293509338","potions_obtained":[{"floor":2,"key":"Explosive Potion"},{"floor":3,"key":"Strength Potion"},{"floor":7,"key":"Dexterity Potion"},{"floor":10,"key":"GamblersBrew"},{"floor":28,"key":"Dexterity Potion"},{"floor":33,"key":"Ancient Potion"},{"floor":36,"key":"SkillPotion"},{"floor":36,"key":"Block Potion"},{"floor":39,"key":"Regen Potion"},{"floor":42,"key":"Ancient Potion"},{"floor":47,"key":"FearPotion"}],"is_trial":false,"path_per_floor":["M","M","M","?","M","R","M","?","T","M","?","M","R","M","R","B",null,"M","T","$","?","$","R","?","M","T","?","M","R","M","$","R","B",null,"M","?","M","M","M","R","M","M","T","M","R","?","E","$","R","B"],"character_chosen":"DEFECT","items_purchased":["Anchor","Bottled Flame","Orichalcum","Glacier"],"campfire_rested":2,"item_purchase_floors":[20,20,48,48],"current_hp_per_floor":[74,71,67,52,49,49,49,38,38,31,31,23,45,36,58,39,75,74,74,74,74,74,74,74,68,68,68,62,62,70,70,70,75,75,75,75,75,75,75,75,73,75,75,75,75,75,71,71,71,72],"gold":32,"neow_bonus":"BOSS_RELIC","is_prod":false,"is_daily":false,"chose_seed":false,"campfire_upgraded":7,"win_rate":0,"timestamp":1536956738,"path_taken":["M","M","?","?","M","R","M","?","T","M","?","?","R","M","R","BOSS","M","?","$","?","$","R","?","M","T","?","?","R","?","?","R","BOSS","M","?","M","M","M","R","M","M","T","M","R","?","E","$","R","BOSS"],"build_version":"2018-09-12","purchased_purges":2,"victory":true,"max_hp_per_floor":[75,75,75,75,75,75,75,75,75,75,75,75,75,75,75,75,75,75,75,75,75,75,75,75,75,75,75,75,75,75,75,75,75,75,75,75,75,75,75,75,75,75,75,75,75,75,75,75,75,75],"card_choices":[{"not_picked":["Redo","Reinforced Body"],"picked":"Doom and Gloom","floor":1},{"not_picked":["Go for the Eyes","Amplify"],"picked":"Gash","floor":2},{"not_picked":["Coolheaded","Leap"],"picked":"Streamline","floor":3},{"not_picked":["Coolheaded","Force Field"],"picked":"Gash","floor":5},{"not_picked":["Sweeping Beam","Creative AI","Leap"],"picked":"SKIP","floor":7},{"not_picked":["Reinforced Body","Ball Lightning"],"picked":"Hologram","floor":10},{"not_picked":["Ball Lightning","Sweeping Beam","Doom and Gloom"],"picked":"SKIP","floor":12},{"not_picked":["Turbo","Fusion","Conserve Battery"],"picked":"SKIP","floor":14},{"not_picked":["Hyperbeam","Rainbow"],"picked":"Biased Cognition","floor":16},{"not_picked":["Redo","Streamline"],"picked":"Conserve Battery+1","floor":18},{"not_picked":["Compile Driver","Coolheaded","Beam Cell"],"picked":"SKIP","floor":25},{"not_picked":["Cold Snap+1","Glacier"],"picked":"Self Repair+1","floor":28},{"not_picked":["Turbo+1","Beam Cell"],"picked":"Gash+1","floor":30},{"not_picked":["Thunder Strike","Machine Learning"],"picked":"Seek","floor":33},{"not_picked":["Sweeping Beam+1","Rebound+1","Cold Snap+1"],"picked":"SKIP","floor":35},{"not_picked":["Hello World+1","Cold Snap","Conserve Battery"],"picked":"SKIP","floor":37},{"not_picked":["Self Repair","Blizzard","FTL"],"picked":"SKIP","floor":38},{"not_picked":["Leap","Compile Driver"],"picked":"Tempest+1","floor":39},{"not_picked":["Storm","Compile Driver+1"],"picked":"Echo Form","floor":41},{"not_picked":["Compile Driver","Streamline+1"],"picked":"Storm+1","floor":42},{"not_picked":["Redo","Leap","Self Repair+1"],"picked":"SKIP","floor":44},{"not_picked":["Conserve Battery+1","Skim"],"picked":"Consume+1","floor":46},{"not_picked":["Buffer","Fusion+1"],"picked":"Go for the Eyes+1","floor":47}],"player_experience":178876,"relics_obtained":[{"floor":9,"key":"Boot"},{"floor":19,"key":"Kunai"},{"floor":26,"key":"Matryoshka"},{"floor":43,"key":"Juzu Bracelet"},{"floor":43,"key":"Gambling Chip"},{"floor":46,"key":"Bird Faced Urn"},{"floor":47,"key":"Meat on the Bone"}],"event_choices":[{"event_name":"Shining Light","player_choice":"Entered Light","floor":4,"damage_taken":0},{"event_name":"World of Goop","player_choice":"Gather Gold","floor":8,"damage_taken":0},{"event_name":"Dead Adventurer","player_choice":"Searched \u00271\u0027 times","floor":11,"damage_taken":0},{"event_name":"The Library","player_choice":"Read","floor":21,"damage_taken":0},{"event_name":"Back to Basics","player_choice":"Simplicity","floor":24,"damage_taken":0},{"event_name":"The Mausoleum","player_choice":"Yes","floor":27,"damage_taken":0},{"event_name":"The Lab","player_choice":"Got Potions","floor":36,"damage_taken":0},{"event_name":"MindBloom","player_choice":"Fight","floor":46,"damage_taken":0}],"is_beta":true,"boss_relics":[{"not_picked":["Runic Dome","White Beast Statue"],"picked":"Nuclear Battery"},{"not_picked":["Coffee Dripper","Philosopher\u0027s Stone"],"picked":"Inserter"}],"items_purged_floors":[20,48],"is_endless":false,"potions_floor_spawned":[2,3,7,10,28,33,38,39,42,47],"ascension_level":2}