{"gold_per_floor":[109,109,109,124,144,144,162,162,162,4,4,16,27,40,40,40],"floor_reached":16,"playtime":1185,"items_purged":[],"score":94,"play_id":"d158cdf6-2c54-4538-9f83-22e2b0aeba57","local_time":"20181029222622","is_ascension_mode":false,"campfire_choices":[{"data":"Cleave","floor":6,"key":"SMITH"},{"data":"Body Slam","floor":8,"key":"SMITH"},{"data":"Limit Break","floor":11,"key":"SMITH"},{"data":"Armaments","floor":15,"key":"SMITH"}],"neow_cost":"NONE","seed_source_timestamp":40580874127274,"circlet_count":0,"master_deck":["Strike_R","Strike_R","Strike_R","Strike_R","Strike_R","Defend_R","Defend_R","Defend_R","Defend_R","Bash+1","Shrug It Off","Cleave+1","Body Slam+1","Clothesline","Limit Break+1","Pommel Strike","Armaments+1","Twin Strike"],"relics":["Burning Blood","FaceOfCleric","Charon\u0027s Ashes"],"potions_floor_usage":[12,14,14,16],"damage_taken":[{"damage":6,"enemies":"Jaw Worm","floor":1,"turns":3},{"damage":7,"enemies":"2 Louse","floor":4,"turns":3},{"damage":0,"enemies":"Small Slimes","floor":5,"turns":3},{"damage":0,"enemies":"3 Louse","floor":7,"turns":2},{"damage":8,"enemies":"Red Slaver","floor":12,"turns":4},{"damage":8,"enemies":"Lots of Slimes","floor":13,"turns":3},{"damage":4,"enemies":"Exordium Wildlife","floor":14,"turns":4},{"damage":85,"enemies":"Hexaghost","floor":16,"turns":11}],"seed_played":"2813518520296315182","potions_obtained":[{"floor":1,"key":"Fire Potion"},{"floor":4,"key":"Ancient Potion"},{"floor":5,"key":"Block Potion"},{"floor":13,"key":"AttackPotion"}],"is_trial":false,"path_per_floor":["M","?","?","M","M","R","M","R","T","$","R","M","M","M","R"],"character_chosen":"IRONCLAD","items_purchased":["Limit Break"],"campfire_rested":0,"item_purchase_floors":[10],"current_hp_per_floor":[80,80,80,80,82,82,83,83,83,83,83,82,81,84,84,0],"gold":40,"neow_bonus":"UPGRADE_CARD","is_prod":false,"is_daily":false,"chose_seed":false,"campfire_upgraded":4,"win_rate":0,"timestamp":1540848382,"path_taken":["M","?","?","M","?","R","M","R","T","$","R","M","M","M","R","BOSS"],"build_version":"2018-10-29","purchased_purges":0,"victory":false,"max_hp_per_floor":[80,80,80,81,82,82,83,83,83,83,83,84,85,86,86,86],"card_choices":[{"not_picked":["Blood for Blood","Body Slam"],"picked":"Shrug It Off","floor":1},{"not_picked":["Body Slam","Inflame"],"picked":"Cleave","floor":4},{"not_picked":["Cleave","Bloodletting"],"picked":"Body Slam","floor":5},{"not_picked":["Shrug It Off","Body Slam"],"picked":"Clothesline","floor":7},{"not_picked":["Seeing Red","True Grit"],"picked":"Pommel Strike","floor":12},{"not_picked":["True Grit","Perfected Strike"],"picked":"Armaments","floor":13},{"not_picked":["Sever Soul","Searing Blow"],"picked":"Twin Strike","floor":14}],"player_experience":168758,"relics_obtained":[{"floor":9,"key":"Charon\u0027s Ashes"}],"event_choices":[{"damage_healed":0,"gold_gain":0,"player_choice":"Ignored","damage_taken":0,"max_hp_gain":0,"max_hp_loss":0,"event_name":"Shining Light","floor":2,"gold_loss":0},{"damage_healed":0,"gold_gain":0,"player_choice":"Trade","damage_taken":0,"relics_obtained":["FaceOfCleric"],"max_hp_gain":0,"max_hp_loss":0,"event_name":"FaceTrader","floor":3,"gold_loss":0}],"is_beta":true,"boss_relics":[],"items_purged_floors":[],"is_endless":false,"potions_floor_spawned":[1,4,5,13],"killed_by":"Hexaghost","ascension_level":0}