{"gold_per_floor":[114,189,189,208,218,218,247,259,285,285,3,28,28,28,28,129,129,149,168,168,168,168],"floor_reached":22,"playtime":2330,"items_purged":["Strike_B"],"score":182,"play_id":"4041236b-ea9a-4e22-849d-5cd4083ccf56","local_time":"20180913201716","is_ascension_mode":false,"campfire_choices":[{"data":"Chill","floor":6,"key":"SMITH"},{"data":"Gash","floor":10,"key":"SMITH"},{"data":"Chaos","floor":15,"key":"SMITH"}],"neow_cost":"NONE","seed_source_timestamp":28508726909131,"circlet_count":0,"master_deck":["Strike_B","Strike_B","Strike_B","Defend_B","Defend_B","Defend_B","Defend_B","Zap+1","Dualcast+1","Chill+1","Gash+1","Chaos+1","Seek","Scrape","Regret","Buffer"],"relics":["Busted Crown","Odd Mushroom","Blood Vial","Chemical X","Oddly Smooth Stone","PreservedInsect"],"potions_floor_usage":[12,16,22],"damage_taken":[{"damage":5,"enemies":"Jaw Worm","floor":1,"turns":4},{"damage":0,"enemies":"2 Louse","floor":4,"turns":2},{"damage":0,"enemies":"Cultist","floor":5,"turns":4},{"damage":9,"enemies":"The Mushroom Lair","floor":7,"turns":6},{"damage":0,"enemies":"3 Louse","floor":8,"turns":4},{"damage":10,"enemies":"3 Sentries","floor":12,"turns":10},{"damage":23,"enemies":"Slime Boss","floor":16,"turns":9},{"damage":3,"enemies":"Shell Parasite","floor":18,"turns":5},{"damage":7,"enemies":"3 Byrds","floor":19,"turns":6},{"damage":69,"enemies":"3 Cultists","floor":22,"turns":7}],"seed_played":"-6932709587629038256","potions_obtained":[{"floor":4,"key":"SteroidPotion"},{"floor":5,"key":"Swift Potion"},{"floor":12,"key":"SkillPotion"},{"floor":16,"key":"GamblersBrew"},{"floor":19,"key":"Poison Potion"}],"is_trial":false,"path_per_floor":["M","?","?","M","M","R","?","M","T","R","$","E","?","?","R","B",null,"M","M","?","?"],"character_chosen":"DEFECT","items_purchased":["Chemical X"],"campfire_rested":0,"item_purchase_floors":[11],"current_hp_per_floor":[70,59,44,44,44,44,35,35,35,35,35,27,52,52,52,31,75,72,67,67,67,0],"gold":168,"neow_bonus":"BOSS_RELIC","is_prod":false,"is_daily":false,"chose_seed":false,"campfire_upgraded":3,"win_rate":0.0,"timestamp":1536862636,"path_taken":["M","?","?","M","M","R","?","?","T","R","$","E","?","?","R","BOSS","M","M","?","?","M"],"build_version":"2018-09-12","purchased_purges":1,"victory":false,"max_hp_per_floor":[75,75,75,75,75,75,75,75,75,75,75,75,75,75,75,75,75,75,75,75,75,75],"card_choices":[{"not_picked":["Barrage"],"picked":"SKIP","floor":1},{"not_picked":[],"picked":"Chill","floor":4},{"not_picked":["Lockon"],"picked":"SKIP","floor":5},{"not_picked":[],"picked":"Gash","floor":8},{"not_picked":[],"picked":"Chaos","floor":12},{"not_picked":[],"picked":"Seek","floor":16},{"not_picked":["Cold Snap"],"picked":"SKIP","floor":18},{"not_picked":["Cold Snap"],"picked":"SKIP","floor":19}],"player_experience":149636,"relics_obtained":[{"floor":7,"key":"Odd Mushroom"},{"floor":9,"key":"Blood Vial"},{"floor":12,"key":"Oddly Smooth Stone"}],"event_choices":[{"event_name":"World of Goop","player_choice":"Gather Gold","floor":2,"damage_taken":0},{"event_name":"Shining Light","player_choice":"Entered Light","floor":3,"damage_taken":0},{"event_name":"Mushrooms","player_choice":"Fought Mushrooms","floor":7,"damage_taken":0},{"event_name":"Big Fish","player_choice":"Banana","floor":13,"damage_taken":0},{"event_name":"WeMeetAgain","player_choice":"Potion","floor":14,"damage_taken":0},{"event_name":"The Library","player_choice":"Read","floor":20,"damage_taken":0},{"event_name":"Match and Keep!","player_choice":"2 cards matched","floor":21,"damage_taken":0},{"event_name":"Match and Keep!","player_choice":"2 cards matched","floor":21,"damage_taken":0}],"is_beta":true,"boss_relics":[{"not_picked":["Philosopher\u0027s Stone","Ectoplasm","Runic Dome"]}],"items_purged_floors":[11],"is_endless":false,"potions_floor_spawned":[4,5,12,16,19],"killed_by":"3 Cultists","ascension_level":0}