{"gold_per_floor":[359,359,283,458,472,472,487,487,511,556,568,580,592,604,616,751,763,789,801,496,516,516,516,516,516,543,327,297,328,344,362,362,459,459,474,39,55,68,68,68,68],"floor_reached":41,"playtime":1651,"items_purged":["Doubt"],"score":592,"play_id":"f1e088c8-b289-4dcf-b2c3-19e2f47cbfbe","local_time":"20190603025624","is_ascension_mode":true,"campfire_choices":[{"data":"Noxious Fumes","floor":6.0,"key":"SMITH"},{"floor":8.0,"key":"REST"},{"floor":11.0,"key":"REST"},{"data":"Survivor","floor":13.0,"key":"SMITH"},{"data":"Backflip","floor":15.0,"key":"SMITH"},{"data":"The Bomb","floor":23.0,"key":"SMITH"},{"floor":32.0,"key":"REST"},{"floor":40.0,"key":"REST"}],"neow_cost":"CURSE","seed_source_timestamp":71908987185300,"circlet_count":0,"master_deck":["Defend_G","Defend_G","Defend_G","Defend_G","Strike_G","Strike_G","Strike_G","Survivor+1","Neutralize","PiercingWail","Noxious Fumes+1","Backflip+1","Dagger Spray","Parasite","Well Laid Plans","The Bomb+1","Footwork+1","Bouncing Flask","Noxious Fumes","Poisoned Stab+1","Catalyst","Deflect+1","All Out Attack+1","Prepared+1","Well Laid Plans+1","Noxious Fumes+1"],"special_seed":0,"relics":["Ring of the Snake","MawBank","Singing Bowl","Bloody Idol","Eternal Feather","Dream Catcher","Blood Vial","Sundial","Astrolabe","TwistedFunnel","Mummified Hand"],"potions_floor_usage":[],"damage_taken":[{"damage":24.0,"enemies":"Jaw Worm","floor":1.0,"turns":9.0},{"damage":2.0,"enemies":"2 Louse","floor":5.0,"turns":4.0},{"damage":10.0,"enemies":"Small Slimes","floor":7.0,"turns":5.0},{"damage":37.0,"enemies":"3 Sentries","floor":10.0,"turns":6.0},{"damage":26.0,"enemies":"The Guardian","floor":16.0,"turns":13.0},{"damage":11.0,"enemies":"Shell Parasite","floor":18.0,"turns":9.0},{"damage":24.0,"enemies":"3 Byrds","floor":21.0,"turns":5.0},{"damage":18.0,"enemies":"Gremlin Leader","floor":29.0,"turns":6.0},{"damage":45.0,"enemies":"Shelled Parasite and Fungi","floor":30.0,"turns":5.0},{"damage":8.0,"enemies":"Snake Plant","floor":31.0,"turns":4.0},{"damage":31.0,"enemies":"Automaton","floor":33.0,"turns":10.0},{"damage":31.0,"enemies":"3 Shapes","floor":35.0,"turns":4.0},{"damage":21.0,"enemies":"3 Darklings","floor":37.0,"turns":3.0},{"damage":26.0,"enemies":"Jaw Worm Horde","floor":38.0,"turns":4.0},{"damage":88,"enemies":"Giant Head","floor":41,"turns":8}],"seed_played":"-5770062938711069987","potions_obtained":[{"floor":5.0,"key":"GamblersBrew"},{"floor":16.0,"key":"SpeedPotion"},{"floor":28.0,"key":"Fire Potion"},{"floor":28.0,"key":"Regen Potion"},{"floor":29.0,"key":"SneckoOil"},{"floor":30.0,"key":"GhostInAJar"},{"floor":31.0,"key":"LiquidBronze"},{"floor":37.0,"key":"Block Potion"}],"is_trial":false,"path_per_floor":["M","?","$","?","M","R","M","R","T","E","R","?","R","?","R","B",null,"M","?","$","M","?","R","?","?","T","$","?","E","M","M","R","B",null,"M","$","M","M","?","R","E"],"character_chosen":"THE_SILENT","items_purchased":["Noxious Fumes","Well Laid Plans","The Bomb","Blood Vial","Noxious Fumes","TwistedFunnel","Mummified Hand"],"campfire_rested":4,"item_purchase_floors":[3,20,20,27,27,36,36],"current_hp_per_floor":[39,39,39,39,37,37,27,48,48,13,34,34,34,50,50,26,58,49,49,49,25,25,37,37,37,42,42,42,48,10,9,42,20,61,37,37,25,8,10,51,0],"gold":68,"neow_bonus":"TWO_FIFTY_GOLD","is_prod":false,"is_daily":false,"chose_seed":false,"campfire_upgraded":4,"win_rate":0,"timestamp":1559555784,"path_taken":["M","?","$","?","M","R","M","R","T","E","R","?","R","?","R","BOSS","M","?","$","M","?","R","?","?","T","$","?","E","?","M","R","BOSS","M","$","M","?","?","R","E"],"build_version":"2019-01-23","purchased_purges":1,"victory":false,"max_hp_per_floor":[70,70,70,70,70,70,70,70,70,72,72,67,67,67,67,69,69,71,71,71,71,71,71,71,71,71,71,71,73,73,73,73,75,75,75,75,77,79,81,83,83],"card_choices":[{"not_picked":["Endless Agony","Outmaneuver"],"picked":"PiercingWail","floor":1.0},{"not_picked":["Sucker Punch","Backstab"],"picked":"Backflip","floor":5.0},{"not_picked":["Blade Dance","Prepared"],"picked":"Dagger Spray","floor":7.0},{"not_picked":["Acrobatics","Prepared","Outmaneuver"],"picked":"Singing Bowl","floor":10.0},{"not_picked":["Unload","Malaise","A Thousand Cuts"],"picked":"Singing Bowl","floor":16.0},{"not_picked":["Bane","Cloak And Dagger","Deflect"],"picked":"Singing Bowl","floor":18.0},{"not_picked":["Prepared","PiercingWail"],"picked":"Footwork+1","floor":21.0},{"not_picked":["Underhanded Strike","Backflip","Terror"],"picked":"Singing Bowl","floor":29.0},{"not_picked":["Noxious Fumes","Predator"],"picked":"Poisoned Stab+1","floor":30.0},{"not_picked":["Tactician","Eviscerate+1"],"picked":"Catalyst","floor":31.0},{"not_picked":["Distraction","Setup"],"picked":"Deflect+1","floor":32.0},{"not_picked":["Storm of Steel","Die Die Die","Glass Knife"],"picked":"Singing Bowl","floor":33.0},{"not_picked":["Bane+1","Sucker Punch"],"picked":"Noxious Fumes+1","floor":35.0},{"not_picked":["Masterful Stab+1","PiercingWail","Setup"],"picked":"Singing Bowl","floor":37.0},{"not_picked":["Quick Slash","Outmaneuver","Dodge and Roll+1"],"picked":"Singing Bowl","floor":38.0},{"not_picked":["Flash of Steel","Impatience","Trip"],"picked":"Singing Bowl","floor":39.0},{"not_picked":["Dodge and Roll","Underhanded Strike","Sucker Punch+1"],"picked":"Singing Bowl","floor":40.0}],"player_experience":223750,"relics_obtained":[{"floor":9.0,"key":"MawBank"},{"floor":10.0,"key":"Singing Bowl"},{"floor":26.0,"key":"Dream Catcher"},{"floor":29.0,"key":"Sundial"}],"event_choices":[{"cards_removed":["Pain"],"damage_healed":0.0,"max_hp_gain":0.0,"max_hp_loss":0.0,"gold_gain":0.0,"event_name":"Living Wall","player_choice":"Forget","floor":2.0,"gold_loss":0.0,"damage_taken":0.0},{"damage_healed":0.0,"max_hp_gain":0.0,"max_hp_loss":0.0,"gold_gain":175.0,"event_name":"Liars Game","player_choice":"AGREE","floor":4.0,"gold_loss":0.0,"damage_taken":0.0,"cards_obtained":["Doubt"]},{"damage_healed":0.0,"max_hp_gain":0.0,"max_hp_loss":5.0,"gold_gain":0.0,"event_name":"Golden Idol","player_choice":"Lose Max HP","floor":12.0,"gold_loss":0.0,"damage_taken":0.0,"relics_obtained":["Golden Idol"]},{"damage_healed":16.0,"max_hp_gain":0.0,"max_hp_loss":0.0,"gold_gain":0.0,"event_name":"Mushrooms","player_choice":"Healed and dodged fight","floor":14.0,"gold_loss":0.0,"damage_taken":0.0,"cards_obtained":["Parasite"]},{"damage_healed":0.0,"max_hp_gain":0.0,"max_hp_loss":0.0,"gold_gain":0.0,"event_name":"Ghosts","player_choice":"Ignored","floor":19.0,"gold_loss":0.0,"damage_taken":0.0},{"damage_healed":0.0,"max_hp_gain":0.0,"max_hp_loss":0.0,"gold_gain":0.0,"event_name":"Vampires","player_choice":"Ignored","floor":22.0,"gold_loss":0.0,"damage_taken":0.0},{"damage_healed":0.0,"max_hp_gain":0.0,"max_hp_loss":0.0,"gold_gain":0.0,"event_name":"Forgotten Altar","player_choice":"Gave Idol","floor":24.0,"relics_lost":["Golden Idol"],"gold_loss":0.0,"damage_taken":0.0,"relics_obtained":["Bloody Idol"]},{"damage_healed":0.0,"max_hp_gain":0.0,"max_hp_loss":0.0,"gold_gain":0.0,"event_name":"The Library","player_choice":"Read","floor":25.0,"gold_loss":0.0,"damage_taken":0.0,"cards_obtained":["Bouncing Flask"]},{"damage_healed":0.0,"max_hp_gain":0.0,"max_hp_loss":0.0,"gold_gain":0.0,"event_name":"The Woman in Blue","player_choice":"Bought 2 Potions","floor":28.0,"gold_loss":0.0,"damage_taken":0.0},{"damage_healed":0.0,"max_hp_gain":0.0,"max_hp_loss":0.0,"gold_gain":0.0,"event_name":"SensoryStone","player_choice":"Memory 1","floor":39.0,"gold_loss":0.0,"damage_taken":0.0}],"is_beta":false,"boss_relics":[{"not_picked":["Black Star","White Beast Statue"],"picked":"Eternal Feather"},{"not_picked":["Snecko Eye","Cursed Key"],"picked":"Astrolabe"}],"items_purged_floors":[20],"is_endless":false,"potions_floor_spawned":[5,16,29,30,31,37],"killed_by":"Giant Head","ascension_level":8}