{"gold_per_floor":[18,18,28,28,28,71,71,105,105,30,30,30,30,53,53,174,174,199,199,223,223,244,244,275,275,350,386,301,301,316,23,23,146,146,159,159,34,54,73,116,116,160,160,160],"floor_reached":44,"playtime":4521,"items_purged":["Defend_G","Survivor","Poisoned Stab"],"score":560,"play_id":"268199f4-72fd-4280-b79c-607f9f7d622e","local_time":"20190301004917","is_ascension_mode":false,"campfire_choices":[{"floor":7.0,"key":"REST"},{"floor":11.0,"key":"REST"},{"data":"Die Die Die","floor":13.0,"key":"SMITH"},{"data":"Well Laid Plans","floor":15.0,"key":"SMITH"},{"floor":23.0,"key":"REST"},{"data":"Wraith Form v2","floor":25.0,"key":"SMITH"},{"data":"Setup","floor":32.0,"key":"SMITH"},{"data":"Bullet Time","floor":41,"key":"SMITH"}],"neow_cost":"NO_GOLD","seed_source_timestamp":94546776092304,"circlet_count":0,"master_deck":["Defend_G+1","Defend_G+1","Defend_G+1","Defend_G+1","Strike_G+1","Strike_G+1","Strike_G+1","Strike_G+1","Dash","Flechettes","Die Die Die+1","Well Laid Plans+1","Setup+1","Wraith Form v2+1","Calculated Gamble+1","Slice+1","Tactician+1","Well Laid Plans+1","Envenom+1","Endless Agony+1","Bullet Time+1","Neutralize","Skewer","Deadly Poison","Swift Strike","Well Laid Plans+1","Backstab+1","Outmaneuver+1","Dagger Throw+1"],"special_seed":0,"relics":["Ring of the Snake","Golden Idol","StoneCalendar","Oddly Smooth Stone","Mango","Sozu","MutagenicStrength","Bronze Scales","Frozen Egg 2","Ninja Scroll","Happy Flower","MealTicket","Empty Cage","Strawberry","Turnip"],"potions_floor_usage":[],"damage_taken":[{"damage":0.0,"enemies":"Cultist","floor":1.0,"turns":5.0},{"damage":0.0,"enemies":"2 Louse","floor":3.0,"turns":3.0},{"damage":32.0,"enemies":"Lagavulin","floor":6.0,"turns":9.0},{"damage":10.0,"enemies":"Gremlin Nob","floor":8.0,"turns":5.0},{"damage":0.0,"enemies":"Jaw Worm","floor":14.0,"turns":2.0},{"damage":1.0,"enemies":"The Guardian","floor":16.0,"turns":13.0},{"damage":0.0,"enemies":"3 Byrds","floor":18.0,"turns":7.0},{"damage":17.0,"enemies":"Chosen","floor":20.0,"turns":6.0},{"damage":12.0,"enemies":"Snake Plant","floor":22.0,"turns":5.0},{"damage":12.0,"enemies":"Gremlin Leader","floor":24.0,"turns":7.0},{"damage":15.0,"enemies":"Book of Stabbing","floor":27.0,"turns":6.0},{"damage":0.0,"enemies":"Snecko","floor":30.0,"turns":4.0},{"damage":45.0,"enemies":"Collector","floor":33.0,"turns":13.0},{"damage":0.0,"enemies":"Orb Walker","floor":35.0,"turns":2.0},{"damage":0,"enemies":"3 Shapes","floor":38,"turns":1},{"damage":5,"enemies":"Maw","floor":39,"turns":7},{"damage":11,"enemies":"Reptomancer","floor":40,"turns":7},{"damage":52,"enemies":"Giant Head","floor":42,"turns":9},{"damage":45,"enemies":"Nemesis","floor":44,"turns":2}],"seed_played":"4617119189426041041","potions_obtained":[{"floor":1.0,"key":"SkillPotion"},{"floor":8.0,"key":"Energy Potion"}],"is_trial":false,"path_per_floor":["M","$","M","?","?","E","R","E","T","$","R","$","R","M","R","B",null,"M","?","M","?","M","R","E","R","T","E","?","?","M","$","R","B",null,"M","?","$","M","M","E","R","E","T","E"],"character_chosen":"THE_SILENT","items_purchased":["MealTicket"],"campfire_rested":3,"item_purchase_floors":[31],"current_hp_per_floor":[84,84,84,63,46,14,39,29,43,43,72,72,72,72,72,71,98,98,98,81,81,69,98,86,86,86,71,71,71,71,71,71,26,98,98,98,98,98,93,89,89,37,37,0],"gold":160,"neow_bonus":"TWENTY_PERCENT_HP_BONUS","is_prod":false,"is_daily":false,"chose_seed":false,"campfire_upgraded":5,"win_rate":0,"timestamp":1551368957,"path_taken":["M","$","?","?","?","E","R","E","T","?","R","$","R","M","R","BOSS","M","?","M","?","?","R","E","R","T","E","?","?","M","?","R","BOSS","M","?","$","M","M","E","R","E","T","E"],"build_version":"2019-01-23","purchased_purges":3,"victory":false,"max_hp_per_floor":[84,84,84,84,84,84,84,84,98,98,98,98,98,98,98,98,98,98,98,98,98,98,98,98,98,98,98,98,98,98,98,98,98,98,98,98,98,98,98,105,105,105,105,105],"card_choices":[{"not_picked":["Slice","Deadly Poison"],"picked":"Dash","floor":1.0},{"not_picked":["PiercingWail","Reflex"],"picked":"Flechettes","floor":3.0},{"not_picked":["Footwork","Outmaneuver"],"picked":"Die Die Die","floor":6.0},{"not_picked":["Deadly Poison","PiercingWail"],"picked":"Well Laid Plans","floor":8.0},{"not_picked":["Concentrate","Cloak And Dagger"],"picked":"Setup","floor":14.0},{"not_picked":["Storm of Steel","Tools of the Trade"],"picked":"Wraith Form v2","floor":16.0},{"not_picked":["Cloak And Dagger+1","Sucker Punch"],"picked":"Calculated Gamble+1","floor":18.0},{"not_picked":["Deflect","Dagger Throw"],"picked":"Blade Dance","floor":20.0},{"not_picked":["Sucker Punch","Poisoned Stab"],"picked":"Slice+1","floor":22.0},{"not_picked":["Blur","Bane"],"picked":"Tactician+1","floor":24.0},{"not_picked":["Corpse Explosion","Blade Dance"],"picked":"Well Laid Plans+1","floor":27.0},{"not_picked":["Slice","Prepared"],"picked":"Poisoned Stab","floor":30.0},{"not_picked":["Burst","Tools of the Trade+1"],"picked":"Envenom+1","floor":33.0},{"not_picked":["Escape Plan","Deadly Poison"],"picked":"Endless Agony+1","floor":35.0},{"not_picked":["Prepared","Blade Dance+1"],"picked":"Well Laid Plans+1","floor":38},{"not_picked":["Well Laid Plans+1","Slice"],"picked":"Backstab+1","floor":39},{"not_picked":["Sucker Punch+1","Poisoned Stab+1"],"picked":"Outmaneuver+1","floor":40},{"not_picked":["Backflip","Blade Dance"],"picked":"Dagger Throw+1","floor":42}],"player_experience":1015191,"relics_obtained":[{"floor":6.0,"key":"StoneCalendar"},{"floor":8.0,"key":"Oddly Smooth Stone"},{"floor":9.0,"key":"Mango"},{"floor":24.0,"key":"Bronze Scales"},{"floor":26.0,"key":"Frozen Egg 2"},{"floor":27.0,"key":"Ninja Scroll"},{"floor":40,"key":"Strawberry"},{"floor":42,"key":"Turnip"}],"event_choices":[{"damage_healed":0.0,"max_hp_gain":0.0,"max_hp_loss":0.0,"gold_gain":0.0,"event_name":"Golden Idol","player_choice":"Take Damage","floor":4.0,"gold_loss":0.0,"damage_taken":21.0,"relics_obtained":["Golden Idol"]},{"damage_healed":0.0,"max_hp_gain":0.0,"max_hp_loss":0.0,"gold_gain":0.0,"event_name":"Shining Light","player_choice":"Entered Light","floor":5.0,"gold_loss":0.0,"damage_taken":17.0,"cards_upgraded":["Strike_G","Defend_G"]},{"damage_healed":0.0,"max_hp_gain":0.0,"max_hp_loss":0.0,"gold_gain":0.0,"event_name":"Drug Dealer","player_choice":"Inject Mutagens","floor":19.0,"gold_loss":0.0,"damage_taken":0.0,"relics_obtained":["MutagenicStrength"]},{"cards_removed":["Strike_G"],"damage_healed":0.0,"max_hp_gain":0.0,"max_hp_loss":0.0,"gold_gain":0.0,"event_name":"Purifier","player_choice":"Purged","floor":21.0,"gold_loss":0.0,"damage_taken":0.0},{"damage_healed":0.0,"max_hp_gain":0.0,"max_hp_loss":0.0,"gold_gain":0.0,"event_name":"Addict","player_choice":"Obtained Relic","floor":28.0,"gold_loss":85.0,"damage_taken":0.0,"relics_obtained":["Happy Flower"]},{"damage_healed":0.0,"max_hp_gain":0.0,"max_hp_loss":0.0,"gold_gain":0.0,"event_name":"Back to Basics","player_choice":"Simplicity","floor":29.0,"gold_loss":0.0,"damage_taken":0.0,"cards_upgraded":["Defend_G","Defend_G","Defend_G","Strike_G","Strike_G","Strike_G"]},{"damage_healed":0,"gold_gain":0,"player_choice":"5 cards matched","damage_taken":0,"max_hp_gain":0,"max_hp_loss":0,"event_name":"Match and Keep!","floor":36,"gold_loss":0,"cards_obtained":["Bullet Time","Neutralize","Skewer","Deadly Poison","Swift Strike"]}],"is_beta":false,"boss_relics":[{"not_picked":["Runic Pyramid","Astrolabe"],"picked":"Sozu"},{"not_picked":["White Beast Statue","Tiny House"],"picked":"Empty Cage"}],"items_purged_floors":[10,31,37],"is_endless":false,"potions_floor_spawned":[1,8,20,24,27,35,39,42],"killed_by":"Nemesis","ascension_level":0}