{"gold_per_floor":[113,113,124,24,24,57,57,90,90,120,138,138,138,156,156,256,306,322,322,333,350,19,19,37,37,108,127,143,143,19,19,19,117,117,133,150,168,21,21,21,21,35,61,81,6,17,17,27,27,27],"floor_reached":51,"playtime":4041,"items_purged":["Acrobatics"],"score":830,"play_id":"ea93d9be-5a57-4a08-8826-43eb79ef9bf5","local_time":"20190529220357","is_ascension_mode":true,"campfire_choices":[{"data":"Well Laid Plans","floor":7.0,"key":"SMITH"},{"floor":15.0,"key":"REST"},{"data":"Deadly Poison","floor":23.0,"key":"SMITH"},{"floor":25.0,"key":"REST"},{"floor":29.0,"key":"REST"},{"floor":32.0,"key":"REST"},{"data":"Noxious Fumes","floor":40.0,"key":"SMITH"},{"data":"Noxious Fumes","floor":41.0,"key":"SMITH"},{"floor":47.0,"key":"REST"},{"floor":49,"key":"REST"}],"neow_cost":"NONE","seed_source_timestamp":44904381668800,"circlet_count":0,"master_deck":["Defend_G","Defend_G","Defend_G","Defend_G","Defend_G","Strike_G","Strike_G","Strike_G","Strike_G","Survivor","Neutralize","PiercingWail","Well Laid Plans+1","Poisoned Stab","Riddle With Holes","Flying Knee","Noxious Fumes+1","Catalyst+1","Deadly Poison+1","Backflip+1","Catalyst+1","Caltrops+1","Dash","Deadly Poison","Bane","Noxious Fumes+1","Bouncing Flask+1","Dagger Spray","Corpse Explosion","PiercingWail","Outmaneuver+1","Escape Plan+1","Bane+1","Deadly Poison","Deflect+1","Noxious Fumes"],"special_seed":0,"relics":["Ring of the Serpent","NeowsBlessing","Bird Faced Urn","Paper Crane","Shuriken","Happy Flower","Tiny House","WingedGreaves","Question Card","Oddly Smooth Stone","Potion Belt"],"potions_floor_usage":[50],"damage_taken":[{"damage":0.0,"enemies":"Cultist","floor":1.0,"turns":1.0},{"damage":0.0,"enemies":"Jaw Worm","floor":3.0,"turns":1.0},{"damage":0.0,"enemies":"3 Sentries","floor":6.0,"turns":1.0},{"damage":59.0,"enemies":"Gremlin Nob","floor":8.0,"turns":7.0},{"damage":6.0,"enemies":"Lagavulin","floor":10.0,"turns":9.0},{"damage":0.0,"enemies":"Small Slimes","floor":11.0,"turns":3.0},{"damage":0.0,"enemies":"Gremlin Gang","floor":12.0,"turns":1.0},{"damage":2.0,"enemies":"Exordium Wildlife","floor":14.0,"turns":6.0},{"damage":28.0,"enemies":"Slime Boss","floor":16.0,"turns":12.0},{"damage":28.0,"enemies":"2 Thieves","floor":18.0,"turns":4.0},{"damage":0.0,"enemies":"Chosen","floor":20.0,"turns":4.0},{"damage":0.0,"enemies":"Snecko","floor":21.0,"turns":3.0},{"damage":23.0,"enemies":"Sentry and Sphere","floor":24.0,"turns":5.0},{"damage":33.0,"enemies":"3 Cultists","floor":27.0,"turns":6.0},{"damage":15.0,"enemies":"Centurion and Healer","floor":28.0,"turns":5.0},{"damage":26.0,"enemies":"Collector","floor":33.0,"turns":5.0},{"damage":27.0,"enemies":"3 Darklings","floor":35.0,"turns":5.0},{"damage":10.0,"enemies":"Orb Walker","floor":36.0,"turns":4.0},{"damage":27.0,"enemies":"Sphere and 2 Shapes","floor":37.0,"turns":5.0},{"damage":28.0,"enemies":"Writhing Mass","floor":42.0,"turns":6.0},{"damage":38.0,"enemies":"Spire Growth","floor":44.0,"turns":5.0},{"damage":12.0,"enemies":"Maw","floor":46.0,"turns":5.0},{"damage":31,"enemies":"Transient","floor":48,"turns":5},{"damage":32,"enemies":"Time Eater","floor":50,"turns":7}],"seed_played":"2193947640166539029","potions_obtained":[{"floor":6.0,"key":"EssenceOfSteel"},{"floor":8.0,"key":"Poison Potion"},{"floor":11.0,"key":"SmokeBomb"},{"floor":17.0,"key":"LiquidBronze"},{"floor":20.0,"key":"Energy Potion"},{"floor":24.0,"key":"Weak Potion"},{"floor":33.0,"key":"FearPotion"},{"floor":35.0,"key":"Energy Potion"},{"floor":36.0,"key":"Dexterity Potion"},{"floor":48,"key":"Weak Potion"}],"is_trial":false,"path_per_floor":["M","?","M","$","$","E","R","E","T","E","M","M","?","M","R","B",null,"M","?","M","M","$","R","M","R","T","M","M","R","$","?","R","B",null,"M","M","M","$","?","R","R","M","T","M","$","M","R","M","R","B",null],"character_chosen":"THE_SILENT","items_purchased":["Well Laid Plans","Poisoned Stab","Deadly Poison","WingedGreaves","Dagger Spray","GhostInAJar","Oddly Smooth Stone"],"campfire_rested":6,"item_purchase_floors":[4,4,22,22,30,30,38],"current_hp_per_floor":[70,70,70,70,70,70,70,11,11,7,9,9,9,11,32,8,75,47,47,49,51,51,51,32,54,54,27,20,42,42,42,64,42,75,50,48,29,29,75,75,75,55,55,23,23,19,41,14,36,12],"gold":27,"neow_bonus":"THREE_ENEMY_KILL","is_prod":false,"is_daily":false,"chose_seed":false,"campfire_upgraded":4,"win_rate":0,"timestamp":1559192637,"path_taken":["M","?","M","?","$","E","R","E","T","E","?","M","?","M","R","BOSS","M","?","M","M","$","R","M","R","T","?","M","R","$","?","R","BOSS","M","M","?","$","?","R","R","M","T","M","?","M","R","M","R","BOSS"],"build_version":"2019-01-23","purchased_purges":1,"victory":true,"max_hp_per_floor":[70,70,70,70,70,70,70,70,70,70,70,70,70,70,70,70,75,75,75,75,75,75,75,75,75,75,75,75,75,75,75,75,75,75,75,75,75,75,75,75,75,75,75,75,75,75,75,75,75,75],"card_choices":[{"not_picked":["Cloak And Dagger","Acrobatics"],"picked":"Escape Plan","floor":1.0},{"not_picked":["Accuracy","Blade Dance"],"picked":"PiercingWail","floor":3.0},{"not_picked":["Underhanded Strike","Slice"],"picked":"Acrobatics","floor":6.0},{"not_picked":["Reflex","Underhanded Strike"],"picked":"Riddle With Holes","floor":8.0},{"not_picked":["Setup","Reflex"],"picked":"Flying Knee","floor":10.0},{"not_picked":["Blade Dance","Venomology"],"picked":"Noxious Fumes","floor":11.0},{"not_picked":["Dagger Throw","Acrobatics"],"picked":"Catalyst","floor":14.0},{"not_picked":["Escape Plan","Prepared"],"picked":"Deadly Poison","floor":17.0},{"not_picked":["Terror","All Out Attack"],"picked":"Backflip+1","floor":18.0},{"not_picked":["Well Laid Plans","Blade Dance"],"picked":"Caltrops+1","floor":20.0},{"not_picked":["Dagger Spray","Leg Sweep"],"picked":"Dash","floor":21.0},{"not_picked":["Prepared","Riddle With Holes"],"picked":"Bane","floor":24.0},{"not_picked":["Endless Agony","Flechettes","Prepared"],"picked":"Noxious Fumes","floor":27.0},{"not_picked":["Crippling Poison","Flying Knee","Finisher+1"],"picked":"Bouncing Flask","floor":28.0},{"not_picked":["Storm of Steel","Doppelganger","Unload"],"picked":"Corpse Explosion","floor":33.0},{"not_picked":["Quick Slash","Acrobatics+1","Bane"],"picked":"PiercingWail","floor":35.0},{"not_picked":["Poisoned Stab","Dagger Spray+1","Eviscerate"],"picked":"Outmaneuver+1","floor":36.0},{"not_picked":["Outmaneuver+1","Bane+1","Dagger Throw+1"],"picked":"Escape Plan+1","floor":37.0},{"not_picked":["All Out Attack+1","Cloak And Dagger","After Image"],"picked":"Bane+1","floor":42.0},{"not_picked":["Finisher+1","Dagger Spray+1","Deflect"],"picked":"Deadly Poison","floor":44.0},{"not_picked":["Flying Knee+1","Sucker Punch+1","Outmaneuver"],"picked":"Deflect+1","floor":46.0},{"not_picked":["Escape Plan","Phantasmal Killer","Poisoned Stab+1"],"picked":"Noxious Fumes","floor":48}],"player_experience":138839,"relics_obtained":[{"floor":6.0,"key":"Bird Faced Urn"},{"floor":8.0,"key":"Paper Crane"},{"floor":9.0,"key":"Shuriken"},{"floor":10.0,"key":"Happy Flower"},{"floor":26.0,"key":"Question Card"},{"floor":43.0,"key":"Potion Belt"}],"event_choices":[{"cards_removed":["Strike_G"],"damage_healed":0.0,"max_hp_gain":0.0,"max_hp_loss":0.0,"gold_gain":0.0,"event_name":"Wheel of Change","player_choice":"Card Removal","floor":2.0,"gold_loss":0.0,"damage_taken":0.0},{"damage_healed":0.0,"max_hp_gain":0.0,"max_hp_loss":0.0,"gold_gain":0.0,"event_name":"Dead Adventurer","player_choice":"Searched \u00270\u0027 times","floor":13.0,"gold_loss":0.0,"damage_taken":0.0},{"damage_healed":0.0,"max_hp_gain":0.0,"max_hp_loss":0.0,"gold_gain":0.0,"event_name":"Duplicator","player_choice":"Copied","floor":19.0,"gold_loss":0.0,"damage_taken":0.0,"cards_obtained":["Catalyst"]},{"damage_healed":0.0,"max_hp_gain":0.0,"max_hp_loss":0.0,"gold_gain":0.0,"event_name":"Accursed Blacksmith","player_choice":"Forge","floor":31.0,"gold_loss":0.0,"damage_taken":0.0,"cards_upgraded":["Bouncing Flask"]},{"cards_removed":["Escape Plan"],"damage_healed":46.0,"max_hp_gain":0.0,"max_hp_loss":0.0,"gold_gain":0.0,"event_name":"Bonfire Elementals","player_choice":"Offered Uncommon","floor":39.0,"gold_loss":0.0,"damage_taken":0.0}],"is_beta":false,"boss_relics":[{"not_picked":["Velvet Choker","Fusion Hammer"],"picked":"Tiny House"},{"not_picked":["Coffee Dripper","Black Star"],"picked":"Ring of the Serpent"}],"items_purged_floors":[45],"is_endless":false,"potions_floor_spawned":[6,8,11,12,20,24,33,35,36,48],"ascension_level":4}