{"gold_per_floor":[118,43,43,43,60,95,105,105,105,120,154,154,167,186,186,186],"floor_reached":16,"playtime":1368,"items_purged":["Strike_G"],"score":137,"play_id":"300d7ad9-7efc-4ff5-99ff-f88aaf16ad09","local_time":"20190602151230","is_ascension_mode":false,"campfire_choices":[{"floor":8,"key":"REST"},{"floor":12,"key":"REST"},{"floor":15,"key":"REST"}],"neow_cost":"NONE","seed_source_timestamp":47395068838415,"circlet_count":0,"master_deck":["Defend_G","Defend_G","Defend_G","Defend_G","Defend_G","Strike_G","Strike_G","Strike_G","Strike_G","Survivor","Neutralize","Poisoned Stab","Catalyst","Bane","Outmaneuver","Heel Hook","Catalyst","Dagger Throw","Poisoned Stab"],"relics":["Ring of the Snake","Pear","Oddly Smooth Stone","Blood Vial"],"potions_floor_usage":[],"damage_taken":[{"damage":0,"enemies":"Cultist","floor":1,"turns":4},{"damage":0,"enemies":"Small Slimes","floor":5,"turns":3},{"damage":31,"enemies":"Lagavulin","floor":6,"turns":11},{"damage":0,"enemies":"Jaw Worm","floor":7,"turns":3},{"damage":1,"enemies":"Looter","floor":10,"turns":4},{"damage":42,"enemies":"3 Sentries","floor":11,"turns":11},{"damage":37,"enemies":"Gremlin Gang","floor":13,"turns":7},{"damage":0,"enemies":"Large Slime","floor":14,"turns":6},{"damage":60,"enemies":"Hexaghost","floor":16,"turns":9}],"seed_played":"-1340409681444594077","potions_obtained":[{"floor":5,"key":"Dexterity Potion"},{"floor":7,"key":"PowerPotion"},{"floor":11,"key":"SteroidPotion"},{"floor":13,"key":"GhostInAJar"}],"is_trial":false,"path_per_floor":["M","$","$","?","M","E","M","R","T","M","E","R","M","M","R","B"],"character_chosen":"THE_SILENT","items_purchased":[],"campfire_rested":3,"item_purchase_floors":[],"current_hp_per_floor":[77,77,77,77,77,56,56,82,82,81,39,65,30,32,58,0],"gold":186,"neow_bonus":"TEN_PERCENT_HP_BONUS","is_prod":false,"is_daily":false,"chose_seed":false,"campfire_upgraded":0,"win_rate":0,"timestamp":1559502750,"path_taken":["M","?","$","?","M","E","M","R","T","M","E","R","?","M","R","BOSS"],"build_version":"2019-01-23","purchased_purges":1,"victory":false,"max_hp_per_floor":[77,77,77,77,77,87,87,87,87,87,87,87,87,87,87,87],"card_choices":[{"not_picked":["PiercingWail","All Out Attack"],"picked":"Poisoned Stab","floor":1},{"not_picked":["Riddle With Holes","Dagger Spray"],"picked":"Catalyst","floor":5},{"not_picked":["Accuracy","Prepared"],"picked":"Bane","floor":6},{"not_picked":["Underhanded Strike","Tactician"],"picked":"Outmaneuver","floor":7},{"not_picked":["Blade Dance","Quick Slash"],"picked":"Heel Hook","floor":10},{"not_picked":["Choke","Burst"],"picked":"Catalyst","floor":11},{"not_picked":["Quick Slash","Predator"],"picked":"Dagger Throw","floor":13},{"not_picked":["Caltrops","Outmaneuver"],"picked":"Poisoned Stab","floor":14}],"player_experience":35929,"relics_obtained":[{"floor":6,"key":"Pear"},{"floor":9,"key":"Oddly Smooth Stone"},{"floor":11,"key":"Blood Vial"}],"event_choices":[{"damage_healed":0,"gold_gain":0,"player_choice":"Leave","damage_taken":0,"max_hp_gain":0,"max_hp_loss":0,"event_name":"The Cleric","floor":4,"gold_loss":0}],"is_beta":false,"boss_relics":[],"items_purged_floors":[2],"is_endless":false,"potions_floor_spawned":[5,7,11,13],"killed_by":"Hexaghost","ascension_level":0}