{"gold_per_floor":[15,15,87,102,114,114,4,4,56,56,56,72,86,97,97,202,202,214,58,58],"floor_reached":20,"playtime":1907,"items_purged":["Strike_B"],"score":189,"play_id":"2907ab57-7c71-4bc2-bd3e-c93ae2d4f937","local_time":"20180914232106","is_ascension_mode":true,"campfire_choices":[{"data":"Zap","floor":6,"key":"SMITH"},{"data":"White Noise","floor":8,"key":"SMITH"},{"data":"Redo","floor":10,"key":"SMITH"},{"data":"Storm","floor":15,"key":"SMITH"}],"neow_cost":"NO_GOLD","seed_source_timestamp":54759983941254,"circlet_count":0,"master_deck":["Strike_B","Strike_B","Defend_B","Defend_B","Defend_B","Zap+1","Dualcast","Melter","Turbo","Reinforced Body","Redo+1","White Noise+1","Ball Lightning","Storm+1","Consume","Creative AI","Static Discharge"],"relics":["Cracked Core","Bag of Marbles","Sundial","Blood Vial","Coffee Dripper","Oddly Smooth Stone"],"potions_floor_usage":[16,16,20,20],"damage_taken":[{"damage":0,"enemies":"Small Slimes","floor":1,"turns":2},{"damage":0,"enemies":"Cultist","floor":4,"turns":2},{"damage":2,"enemies":"Jaw Worm","floor":5,"turns":3},{"damage":9,"enemies":"Red Slaver","floor":12,"turns":2},{"damage":1,"enemies":"Lots of Slimes","floor":13,"turns":3},{"damage":0,"enemies":"Large Slime","floor":14,"turns":4},{"damage":40,"enemies":"The Guardian","floor":16,"turns":9},{"damage":0,"enemies":"Spheric Guardian","floor":18,"turns":2},{"damage":21,"enemies":"Colosseum Slavers","floor":20,"turns":4},{"damage":66,"enemies":"Colosseum Nobs","floor":20,"turns":3}],"seed_played":"-1120095067780221035","potions_obtained":[{"floor":5,"key":"SpeedPotion"},{"floor":12,"key":"Block Potion"},{"floor":13,"key":"Energy Potion"},{"floor":18,"key":"Strength Potion"}],"is_trial":false,"path_per_floor":["M","?","T","M","M","R","$","R","T","R","$","M","M","M","R","B",null,"M","$"],"character_chosen":"DEFECT","items_purchased":["White Noise","Oddly Smooth Stone"],"campfire_rested":0,"item_purchase_floors":[7,19],"current_hp_per_floor":[75,75,75,75,73,73,73,73,73,73,73,66,67,69,69,31,75,75,75,0],"gold":58,"neow_bonus":"TRANSFORM_TWO_CARDS","is_prod":false,"is_daily":false,"chose_seed":false,"campfire_upgraded":4,"win_rate":0,"timestamp":1536960066,"path_taken":["M","?","?","?","M","R","$","R","T","R","?","M","?","M","R","BOSS","M","$","?"],"build_version":"2018-09-12","purchased_purges":1,"victory":false,"max_hp_per_floor":[75,75,75,75,75,75,75,75,75,75,75,75,75,75,75,75,75,75,75,75],"card_choices":[{"not_picked":["Coolheaded","Reprogram"],"picked":"Reinforced Body","floor":1},{"not_picked":["Heatsinks","Rebound"],"picked":"Redo","floor":4},{"not_picked":["Rebound","Skim","Melter"],"picked":"SKIP","floor":5},{"not_picked":["Scrape","Undo"],"picked":"Ball Lightning","floor":12},{"not_picked":["Coolheaded","Ball Lightning"],"picked":"Storm","floor":13},{"not_picked":["FTL","Hologram"],"picked":"Consume","floor":14},{"not_picked":["Meteor Strike","Seek"],"picked":"Creative AI","floor":16},{"not_picked":["Hello World","Chaos"],"picked":"Static Discharge","floor":18}],"player_experience":189433,"relics_obtained":[{"floor":2,"key":"Bag of Marbles"},{"floor":3,"key":"Sundial"},{"floor":9,"key":"Blood Vial"}],"event_choices":[{"event_name":"Wheel of Change","player_choice":"Relic","floor":2,"damage_taken":0},{"event_name":"Colosseum","player_choice":"Fight","floor":20,"damage_taken":0},{"event_name":"Colosseum","player_choice":"Fought Nobs","floor":20,"damage_taken":0}],"is_beta":true,"boss_relics":[{"not_picked":["Black Star","Lizard Tail"],"picked":"Coffee Dripper"}],"items_purged_floors":[7],"is_endless":false,"potions_floor_spawned":[5,12,13,18],"killed_by":"Colosseum Nobs","ascension_level":3}