{"gold_per_floor":[112,126,144,144,160,188,198,213,282,282,282,1,1,29,29,125,125,144,157,79,92,108,108,119,119,144,64,64,64,64,91,91,194,194,206,226,111,111,111,111,122,122,147,172,184,196,221,252,264,276],"floor_reached":50,"playtime":3295,"items_purged":["Regret"],"score":778,"play_id":"2b10e54c-57bc-4706-9ad1-85cd8e37f215","local_time":"20190517134359","is_ascension_mode":true,"campfire_choices":[{"floor":10.0,"key":"REST"},{"data":"Zap","floor":13.0,"key":"SMITH"},{"data":"Loop","floor":15.0,"key":"SMITH"},{"floor":23.0,"key":"REST"},{"data":"Dualcast","floor":25.0,"key":"SMITH"},{"data":"Loop","floor":28.0,"key":"SMITH"},{"data":"Electrodynamics","floor":30.0,"key":"SMITH"},{"data":"Fission","floor":32.0,"key":"SMITH"},{"floor":40,"key":"RECALL"},{"floor":42,"key":"REST"},{"data":"Reprogram","floor":45,"key":"SMITH"},{"data":"Go for the Eyes","floor":49,"key":"SMITH"}],"neow_cost":"NONE","seed_source_timestamp":3160424069400518,"circlet_count":0,"master_deck":["AscendersBane","Strike_B+1","Strike_B","Strike_B+1","Strike_B","Defend_B","Defend_B","Defend_B","Defend_B","Zap+1","Dualcast+1","Go for the Eyes+1","Conserve Battery","Reprogram+1","Coolheaded+1","Cold Snap","Loop+1","Electrodynamics+1","Loop+1","Chill","White Noise+1","Leap+1","Fission+1","Core Surge","Seek+1","Coolheaded+1","Leap+1","Ball Lightning","Madness+1","Madness+1","Redo+1","Reinforced Body+1","Conserve Battery+1"],"special_seed":0,"relics":["Cracked Core","Whetstone","Centennial Puzzle","Ornamental Fan","ClockworkSouvenir","Bird Faced Urn","Inserter","Bag of Preparation","PreservedInsect","Toxic Egg 2","Nuclear Battery","Art of War","MawBank"],"potions_floor_usage":[33,47],"damage_taken":[{"damage":1.0,"enemies":"Cultist","floor":1.0,"turns":3.0},{"damage":3.0,"enemies":"2 Louse","floor":2.0,"turns":2.0},{"damage":2.0,"enemies":"Jaw Worm","floor":3.0,"turns":3.0},{"damage":0.0,"enemies":"Exordium Wildlife","floor":5.0,"turns":3.0},{"damage":29.0,"enemies":"Lagavulin","floor":6.0,"turns":6.0},{"damage":14.0,"enemies":"Lots of Slimes","floor":7.0,"turns":4.0},{"damage":0.0,"enemies":"Blue Slaver","floor":8.0,"turns":4.0},{"damage":16.0,"enemies":"3 Sentries","floor":14.0,"turns":8.0},{"damage":30.0,"enemies":"Hexaghost","floor":16.0,"turns":15.0},{"damage":31.0,"enemies":"2 Thieves","floor":18.0,"turns":3.0},{"damage":7.0,"enemies":"Spheric Guardian","floor":19.0,"turns":4.0},{"damage":11.0,"enemies":"Snecko","floor":21.0,"turns":6.0},{"damage":5.0,"enemies":"Chosen and Byrds","floor":22.0,"turns":6.0},{"damage":12.0,"enemies":"Cultist and Chosen","floor":24.0,"turns":5.0},{"damage":12.0,"enemies":"Gremlin Leader","floor":31.0,"turns":5.0},{"damage":44,"enemies":"Automaton","floor":33,"turns":12},{"damage":7,"enemies":"3 Darklings","floor":35,"turns":3},{"damage":0,"enemies":"3 Shapes","floor":36,"turns":2},{"damage":43,"enemies":"Transient","floor":41,"turns":5},{"damage":17,"enemies":"Nemesis","floor":44,"turns":8},{"damage":0,"enemies":"Writhing Mass","floor":47,"turns":9},{"damage":0,"enemies":"3 Darklings","floor":48,"turns":4},{"damage":81,"enemies":"Time Eater","floor":50,"turns":19}],"seed_played":"-6444053367099360090","potions_obtained":[{"floor":1.0,"key":"FocusPotion"},{"floor":5.0,"key":"Regen Potion"},{"floor":7.0,"key":"EssenceOfSteel"},{"floor":19.0,"key":"Energy Potion"},{"floor":22.0,"key":"SteroidPotion"},{"floor":24.0,"key":"Swift Potion"},{"floor":36,"key":"Regen Potion"},{"floor":48,"key":"Fire Potion"}],"is_trial":false,"path_per_floor":["M","M","M","?","M","E","M","M","T","R","?","$","R","E","R","B",null,"M","M","$","M","M","R","M","R","T","$","R","?","R","E","R","B",null,"M","M","$","?","?","R","M","R","T","E","R","$","M","M","R","B"],"character_chosen":"DEFECT","items_purchased":["ClockworkSouvenir","Chill","Core Surge","Coolheaded+1","Leap+1","Ball Lightning"],"campfire_rested":3,"item_purchase_floors":[12,20,27,37,37,37],"current_hp_per_floor":[67,64,62,62,62,48,34,34,34,56,56,56,56,40,40,12,59,30,29,29,24,27,49,45,45,45,45,45,45,45,41,41,5,58,57,65,65,56,56,56,21,43,43,44,44,44,67,75,75,0],"gold":276,"neow_bonus":"RANDOM_COMMON_RELIC","is_prod":false,"is_daily":false,"chose_seed":false,"campfire_upgraded":8,"win_rate":0,"timestamp":1558125839,"path_taken":["M","?","M","?","M","E","M","?","T","R","?","?","R","E","R","BOSS","M","M","$","M","M","R","M","R","T","?","R","?","R","E","R","BOSS","M","M","$","?","?","R","M","R","T","E","R","$","M","?","R","BOSS"],"build_version":"2019-01-23","purchased_purges":1,"victory":false,"max_hp_per_floor":[75,75,75,75,75,75,75,75,75,75,75,75,75,75,75,75,75,75,75,75,75,75,75,75,75,75,75,75,75,75,75,75,75,75,75,75,75,75,75,75,75,75,75,75,75,75,75,75,75,75],"card_choices":[{"not_picked":["Chaos","Steam","Stack"],"picked":"SKIP","floor":1.0},{"not_picked":["Compile Driver","Rebound","Gash"],"picked":"SKIP","floor":2.0},{"not_picked":["Hologram","Heatsinks"],"picked":"Go for the Eyes","floor":3.0},{"not_picked":["Cold Snap","Gash"],"picked":"Conserve Battery","floor":5.0},{"not_picked":["Skim","Rainbow"],"picked":"Reprogram","floor":6.0},{"not_picked":["Compile Driver","Force Field"],"picked":"Coolheaded","floor":7.0},{"not_picked":["Heatsinks","Force Field"],"picked":"Cold Snap","floor":8.0},{"not_picked":["Heatsinks","Beam Cell"],"picked":"Loop","floor":14.0},{"not_picked":["Thunder Strike","Machine Learning"],"picked":"Electrodynamics","floor":16.0},{"not_picked":["Heatsinks+1","Redo"],"picked":"Loop","floor":18.0},{"not_picked":["Streamline","Steam","Turbo"],"picked":"SKIP","floor":19.0},{"not_picked":["Streamline+1","Ball Lightning+1"],"picked":"White Noise+1","floor":21.0},{"not_picked":["Aggregate+1","Sweeping Beam"],"picked":"Leap+1","floor":22.0},{"not_picked":["Blizzard","Turbo+1"],"picked":"Fission","floor":24.0},{"not_picked":["Turbo","Melter+1","Streamline"],"picked":"SKIP","floor":31.0},{"not_picked":["All For One","Electrodynamics"],"picked":"Seek+1","floor":33},{"not_picked":["Hologram+1","Static Discharge","Beam Cell+1"],"picked":"SKIP","floor":35},{"not_picked":["Hologram+1","Sweeping Beam","Darkness+1"],"picked":"SKIP","floor":36},{"not_picked":["Barrage+1","Rebound+1"],"picked":"Redo+1","floor":41},{"not_picked":["Auto Shields+1","Seek+1"],"picked":"Reinforced Body+1","floor":44},{"not_picked":["Auto Shields+1","Barrage+1"],"picked":"Conserve Battery+1","floor":47},{"not_picked":["Blizzard","Barrage+1","Sunder"],"picked":"SKIP","floor":48}],"player_experience":619515,"relics_obtained":[{"floor":6.0,"key":"Centennial Puzzle"},{"floor":14.0,"key":"Bird Faced Urn"},{"floor":26.0,"key":"Bag of Preparation"},{"floor":31.0,"key":"Toxic Egg 2"},{"floor":43,"key":"Art of War"},{"floor":44,"key":"MawBank"}],"event_choices":[{"damage_healed":0.0,"max_hp_gain":0.0,"max_hp_loss":0.0,"gold_gain":0.0,"event_name":"The Woman in Blue","player_choice":"Bought 0 Potions","floor":4.0,"gold_loss":0.0,"damage_taken":0.0},{"damage_healed":0.0,"max_hp_gain":0.0,"max_hp_loss":0.0,"gold_gain":0.0,"event_name":"Big Fish","player_choice":"Box","floor":11.0,"gold_loss":0.0,"damage_taken":0.0,"relics_obtained":["Ornamental Fan"],"cards_obtained":["Regret"]},{"damage_healed":0.0,"max_hp_gain":0.0,"max_hp_loss":0.0,"gold_gain":0.0,"event_name":"The Mausoleum","player_choice":"Opened","floor":29.0,"gold_loss":0.0,"damage_taken":0.0,"relics_obtained":["PreservedInsect"]},{"damage_healed":0,"gold_gain":0,"player_choice":"Embrace Madness","damage_taken":9,"max_hp_gain":0,"max_hp_loss":0,"event_name":"Winding Halls","floor":38,"gold_loss":0,"cards_obtained":["Madness","Madness"]},{"damage_healed":0,"gold_gain":0,"player_choice":"Forge","damage_taken":0,"max_hp_gain":0,"max_hp_loss":0,"event_name":"Accursed Blacksmith","floor":39,"gold_loss":0,"cards_upgraded":["Coolheaded"]}],"is_beta":false,"boss_relics":[{"not_picked":["Empty Cage","Busted Crown"],"picked":"Inserter"},{"not_picked":["Astrolabe","Velvet Choker"],"picked":"Nuclear Battery"}],"items_purged_floors":[12],"is_endless":false,"potions_floor_spawned":[1,5,7,19,22,24,31,36,48],"killed_by":"Time Eater","ascension_level":11}