{"gold_per_floor":[360,376,177,177,191,226,226,47,47,72,86,14,14,0,0,100,100,119,133,11,23,23,23,23,23,23,37,37,47,47,66,66,162,212,232,332,21,21,21],"floor_reached":39,"playtime":3557,"items_purged":["Strike_B","Strike_B"],"score":387,"play_id":"0c46ee6c-e4f7-424c-8687-7f4d39afb2de","local_time":"20190608021119","is_ascension_mode":false,"campfire_choices":[{"data":"Streamline","floor":7.0,"key":"SMITH"},{"floor":15.0,"key":"REST"},{"floor":23.0,"key":"REST"},{"floor":25.0,"key":"REST"},{"data":"Echo Form","floor":28.0,"key":"SMITH"},{"data":"Consume","floor":30.0,"key":"SMITH"},{"data":"Capacitor","floor":32.0,"key":"SMITH"}],"neow_cost":"TEN_PERCENT_HP_LOSS","seed_source_timestamp":322653863185900,"circlet_count":0,"master_deck":["Strike_B","Strike_B","Defend_B","Defend_B","Defend_B","Defend_B","Zap","Dualcast","Cold Snap","Cold Snap+1","Conserve Battery","Loop","Streamline+1","Rebound","Capacitor+1","Darkness","Leap","Glacier","Parasite","Barrage","Fission+1","Consume+1","Leap+1","Coolheaded","Loop","Steam+1","BootSequence+1","Echo Form+1","Redo","Machine Learning","Redo+1","Chill+1","Self Repair"],"special_seed":0,"relics":["Cracked Core","NlothsMask","Ginger","Dream Catcher","Sozu","Dodecahedron","Tiny House","StoneCalendar","Singing Bowl"],"potions_floor_usage":[],"damage_taken":[{"damage":1.0,"enemies":"2 Louse","floor":1.0,"turns":3.0},{"damage":0.0,"enemies":"Cultist","floor":2.0,"turns":3.0},{"damage":0.0,"enemies":"Small Slimes","floor":5.0,"turns":3.0},{"damage":9.0,"enemies":"Lagavulin","floor":6.0,"turns":7.0},{"damage":30.0,"enemies":"Gremlin Nob","floor":10.0,"turns":4.0},{"damage":0.0,"enemies":"Blue Slaver","floor":11.0,"turns":3.0},{"damage":33.0,"enemies":"Slime Boss","floor":16.0,"turns":8.0},{"damage":0.0,"enemies":"Chosen","floor":18.0,"turns":5.0},{"damage":24.0,"enemies":"3 Byrds","floor":19.0,"turns":4.0},{"damage":6.0,"enemies":"Snecko","floor":21.0,"turns":6.0},{"damage":31.0,"enemies":"Colosseum Slavers","floor":22.0,"turns":8.0},{"damage":7.0,"enemies":"Snake Plant","floor":27.0,"turns":4.0},{"damage":1.0,"enemies":"Shelled Parasite and Fungi","floor":29.0,"turns":7.0},{"damage":9.0,"enemies":"Centurion and Healer","floor":31.0,"turns":8.0},{"damage":23.0,"enemies":"Automaton","floor":33.0,"turns":14.0},{"damage":24.0,"enemies":"Orb Walker","floor":35.0,"turns":5.0},{"damage":18,"enemies":"Mind Bloom Boss Battle","floor":36,"turns":13},{"damage":33,"enemies":"3 Shapes","floor":39,"turns":4}],"seed_played":"2495715934211781819","potions_obtained":[{"floor":1.0,"key":"Poison Potion"},{"floor":10.0,"key":"Explosive Potion"},{"floor":11.0,"key":"AttackPotion"}],"is_trial":false,"path_per_floor":["M","M","$","?","M","E","R","$","T","E","M","$","?","?","R","B",null,"M","M","$","M","?","R","?","R","T","M","R","M","R","M","R","B",null,"M","?","$","?","M"],"character_chosen":"DEFECT","items_purchased":["Conserve Battery","Loop","Capacitor","Glacier","Coolheaded","Loop","Singing Bowl","Self Repair"],"campfire_rested":3,"item_purchase_floors":[3,3,8,12,20,20,37,37],"current_hp_per_floor":[67,67,67,67,67,58,58,58,58,28,28,28,45,45,65,32,68,68,44,44,38,7,27,27,47,47,40,40,39,39,30,30,7,73,49,31,31,31,0],"gold":21,"neow_bonus":"TWO_FIFTY_GOLD","is_prod":false,"is_daily":false,"chose_seed":false,"campfire_upgraded":4,"win_rate":0.0,"timestamp":1559927479,"path_taken":["M","M","$","?","M","E","R","$","T","E","?","$","?","?","R","BOSS","M","M","$","M","?","R","?","R","T","M","R","M","R","?","R","BOSS","M","?","$","?","?"],"build_version":"2019-01-23","purchased_purges":2,"victory":false,"max_hp_per_floor":[68,68,68,68,68,68,68,68,68,68,68,68,68,68,68,68,68,68,68,68,68,68,68,68,68,68,68,68,68,68,68,68,68,73,73,73,73,73,73],"card_choices":[{"not_picked":["Chill","Sweeping Beam"],"picked":"Cold Snap","floor":1.0},{"not_picked":["FTL","Turbo"],"picked":"Cold Snap","floor":2.0},{"not_picked":["Reprogram","Rebound"],"picked":"Streamline","floor":5.0},{"not_picked":["Reprogram","Meteor Strike"],"picked":"Rebound","floor":6.0},{"not_picked":["Stack","Turbo"],"picked":"Darkness","floor":10.0},{"not_picked":["Go for the Eyes","Beam Cell"],"picked":"Leap","floor":11.0},{"not_picked":["Leap","Go for the Eyes"],"picked":"Barrage","floor":15.0},{"not_picked":["All For One","Thunder Strike"],"picked":"Fission","floor":16.0},{"not_picked":["Rebound+1","Compile Driver+1"],"picked":"Consume","floor":18.0},{"not_picked":["Stack+1","Turbo"],"picked":"Leap+1","floor":19.0},{"not_picked":["Force Field+1","Aggregate"],"picked":"Steam+1","floor":21.0},{"not_picked":["Rebound","Compile Driver"],"picked":"BootSequence+1","floor":23.0},{"not_picked":["Gash","Hello World"],"picked":"Echo Form","floor":27.0},{"not_picked":["FTL+1","Stack","Cold Snap"],"picked":"SKIP","floor":29.0},{"not_picked":["Stack","Chaos"],"picked":"Redo","floor":31.0},{"not_picked":["All For One","Meteor Strike"],"picked":"Machine Learning","floor":33.0},{"not_picked":["Gash+1","Rebound+1"],"picked":"Redo+1","floor":35.0},{"not_picked":["Scrape+1","Beam Cell"],"picked":"Chill+1","floor":36}],"player_experience":76694,"relics_obtained":[{"floor":6.0,"key":"Ginger"},{"floor":10.0,"key":"Dream Catcher"},{"floor":26.0,"key":"Dodecahedron"},{"floor":36,"key":"StoneCalendar"}],"event_choices":[{"damage_healed":0.0,"max_hp_gain":0.0,"max_hp_loss":0.0,"gold_gain":0.0,"event_name":"FaceTrader","player_choice":"Trade","floor":4.0,"gold_loss":0.0,"damage_taken":0.0,"relics_obtained":["NlothsMask"]},{"damage_healed":17.0,"max_hp_gain":0.0,"max_hp_loss":0.0,"gold_gain":0.0,"event_name":"Mushrooms","player_choice":"Healed and dodged fight","floor":13.0,"gold_loss":0.0,"damage_taken":0.0,"cards_obtained":["Parasite"]},{"damage_healed":0.0,"max_hp_gain":0.0,"max_hp_loss":0.0,"gold_gain":0.0,"event_name":"World of Goop","player_choice":"Left Gold","floor":14.0,"gold_loss":14.0,"damage_taken":0.0},{"damage_healed":0.0,"max_hp_gain":0.0,"max_hp_loss":0.0,"gold_gain":0.0,"event_name":"Colosseum","player_choice":"Fight","floor":22.0,"gold_loss":0.0,"damage_taken":0.0},{"damage_healed":0.0,"max_hp_gain":0.0,"max_hp_loss":0.0,"gold_gain":0.0,"event_name":"Colosseum","player_choice":"Fled From Nobs","floor":22.0,"gold_loss":0.0,"damage_taken":0.0},{"damage_healed":0.0,"max_hp_gain":0.0,"max_hp_loss":0.0,"gold_gain":0.0,"event_name":"Accursed Blacksmith","player_choice":"Forge","floor":24.0,"gold_loss":0.0,"damage_taken":0.0,"cards_upgraded":["Fission"]},{"damage_healed":0,"gold_gain":0,"player_choice":"Fight","damage_taken":0,"max_hp_gain":0,"max_hp_loss":0,"event_name":"MindBloom","floor":36,"gold_loss":0},{"damage_healed":0,"gold_gain":0,"player_choice":"Ignored","damage_taken":0,"max_hp_gain":0,"max_hp_loss":0,"event_name":"Golden Shrine","floor":38,"gold_loss":0}],"is_beta":false,"boss_relics":[{"not_picked":["Fusion Hammer","Orrery"],"picked":"Sozu"},{"not_picked":["Philosopher\u0027s Stone","Coffee Dripper"],"picked":"Tiny House"}],"items_purged_floors":[3,8],"is_endless":false,"potions_floor_spawned":[1,10,11,19,27,31,35],"killed_by":"3 Shapes","ascension_level":0}