{"gold_per_floor":[115,134,149,15,27,27,55,55,355,371,382,393,423,423,423,513,513,536,103,103,24,42,42,78,102,102,102,143,162,180,194,194,285,285,300,25,50,73,92,92,117,117,166,180,221,221,240,240,240,240,240,240,79,123,123],"floor_reached":56,"playtime":3468,"items_purged":["Injury","Strike_R"],"score":2105,"play_id":"f322fbb5-8d33-4da1-92de-9e8871d63f10","local_time":"20190605144435","is_ascension_mode":true,"campfire_choices":[{"data":"Shrug It Off","floor":6.0,"key":"SMITH"},{"data":"Inflame","floor":8.0,"key":"SMITH"},{"floor":15.0,"key":"REST"},{"data":"Bludgeon","floor":23.0,"key":"SMITH"},{"data":"Heavy Blade","floor":27.0,"key":"SMITH"},{"data":"Heavy Blade","floor":32.0,"key":"SMITH"},{"floor":40.0,"key":"RECALL"},{"data":"Clothesline","floor":42.0,"key":"SMITH"},{"floor":49.0,"key":"REST"},{"data":"Perfected Strike","floor":52,"key":"SMITH"}],"neow_cost":"NONE","seed_source_timestamp":1196290569294016,"circlet_count":0,"master_deck":["AscendersBane","Strike_R","Strike_R","Strike_R+1","Defend_R","Defend_R","Defend_R+1","Defend_R","Bash+1","Inflame+1","Battle Trance+1","Seeing Red","Metallicize","Shrug It Off+1","Heavy Blade+1","Corruption","Perfected Strike","Burning Pact+1","Reaper","Limit Break+1","Flame Barrier+1","Flame Barrier+1","Perfected Strike","Bludgeon+1","Whirlwind","Whirlwind","Double Tap+1","Disarm+1","Heavy Blade+1","Perfected Strike+1","Flame Barrier+1","Impervious+1","Dark Embrace","True Grit+1","Perfected Strike","Clothesline+1","Shrug It Off+1","Madness+1","Madness+1","Flame Barrier+1","Feel No Pain","Clothesline+1"],"special_seed":0,"relics":["Burning Blood","Whetstone","Toxic Egg 2","Old Coin","Ginger","Golden Idol","Snecko Eye","ClockworkSouvenir","Regal Pillow","War Paint","Mark of Pain","Centennial Puzzle","Ancient Tea Set","Pen Nib"],"potions_floor_usage":[50],"damage_taken":[{"damage":6.0,"enemies":"Cultist","floor":1.0,"turns":3.0},{"damage":15.0,"enemies":"Small Slimes","floor":2.0,"turns":3.0},{"damage":9.0,"enemies":"Jaw Worm","floor":3.0,"turns":3.0},{"damage":9.0,"enemies":"Looter","floor":5.0,"turns":3.0},{"damage":30.0,"enemies":"Gremlin Nob","floor":7.0,"turns":4.0},{"damage":5.0,"enemies":"2 Fungi Beasts","floor":10.0,"turns":4.0},{"damage":10.0,"enemies":"Blue Slaver","floor":11.0,"turns":3.0},{"damage":6.0,"enemies":"Looter","floor":12.0,"turns":3.0},{"damage":6.0,"enemies":"3 Sentries","floor":13.0,"turns":7.0},{"damage":61.0,"enemies":"Slime Boss","floor":16.0,"turns":15.0},{"damage":18.0,"enemies":"Chosen","floor":18.0,"turns":5.0},{"damage":4.0,"enemies":"Shell Parasite","floor":22.0,"turns":4.0},{"damage":16.0,"enemies":"Book of Stabbing","floor":24.0,"turns":4.0},{"damage":0.0,"enemies":"Chosen and Byrds","floor":25.0,"turns":2.0},{"damage":29.0,"enemies":"Gremlin Leader","floor":28.0,"turns":3.0},{"damage":7.0,"enemies":"Centurion and Healer","floor":29.0,"turns":3.0},{"damage":2.0,"enemies":"Snecko","floor":30.0,"turns":4.0},{"damage":8.0,"enemies":"3 Cultists","floor":31.0,"turns":4.0},{"damage":70.0,"enemies":"Automaton","floor":33.0,"turns":8.0},{"damage":0.0,"enemies":"3 Shapes","floor":35.0,"turns":3.0},{"damage":4.0,"enemies":"3 Darklings","floor":37.0,"turns":4.0},{"damage":35.0,"enemies":"4 Shapes","floor":38.0,"turns":4.0},{"damage":0.0,"enemies":"Jaw Worm Horde","floor":39.0,"turns":3.0},{"damage":9.0,"enemies":"Spire Growth","floor":41.0,"turns":4.0},{"damage":19.0,"enemies":"Sphere and 2 Shapes","floor":44.0,"turns":4.0},{"damage":48.0,"enemies":"Reptomancer","floor":45.0,"turns":5.0},{"damage":14.0,"enemies":"Writhing Mass","floor":47.0,"turns":3.0},{"damage":46,"enemies":"Awakened One","floor":50,"turns":9},{"damage":28,"enemies":"Shield and Spear","floor":54,"turns":5},{"damage":71,"enemies":"The Heart","floor":55,"turns":8}],"seed_played":"3916777220821842132","potions_obtained":[{"floor":3.0,"key":"SteroidPotion"},{"floor":7.0,"key":"SkillPotion"},{"floor":11.0,"key":"SteroidPotion"},{"floor":12.0,"key":"EssenceOfSteel"},{"floor":13.0,"key":"SkillPotion"},{"floor":22.0,"key":"SneckoOil"},{"floor":25.0,"key":"FearPotion"},{"floor":30.0,"key":"Regen Potion"},{"floor":31.0,"key":"SkillPotion"},{"floor":35.0,"key":"Fruit Juice"},{"floor":37.0,"key":"LiquidBronze"},{"floor":41.0,"key":"SkillPotion"},{"floor":45.0,"key":"SneckoOil"}],"is_trial":false,"path_per_floor":["M","M","M","$","M","R","E","R","T","M","M","M","E","?","R","B",null,"M","$","?","$","M","R","E","M","T","R","E","M","M","M","R","B",null,"M","$","M","M","M","R","M","R","T","M","E","?","M","?","R","B",null,"R","$","E","B",null],"character_chosen":"IRONCLAD","items_purchased":["Metallicize","Shrug It Off","Flame Barrier+1","ClockworkSouvenir","Perfected Strike","Whirlwind","Dark Embrace","Flame Barrier+1","Feel No Pain"],"campfire_rested":2,"item_purchase_floors":[4,4,19,19,19,21,36,53,53],"current_hp_per_floor":[68,59,56,56,53,53,29,29,29,30,26,26,26,26,48,29,64,56,56,56,56,58,58,48,54,54,54,45,54,58,73,73,19,61,75,75,80,58,68,68,73,73,73,67,35,35,27,13,52,22,66,66,66,58,13],"gold":123,"neow_bonus":"RANDOM_COMMON_RELIC","is_prod":false,"is_daily":false,"chose_seed":false,"campfire_upgraded":7,"win_rate":0,"timestamp":1559771075,"path_taken":["M","M","M","?","M","R","E","R","T","M","?","M","E","?","R","BOSS","M","$","?","?","M","R","E","M","T","R","E","M","?","M","R","BOSS","M","$","M","M","M","R","M","R","T","M","E","?","M","?","R","BOSS","R","$","E","BOSS"],"build_version":"2019-01-23","purchased_purges":2,"victory":true,"max_hp_per_floor":[75,75,75,75,75,75,75,75,75,75,75,75,75,75,75,75,75,75,75,75,75,75,75,75,75,75,75,75,75,75,75,75,75,75,75,75,80,80,80,80,80,80,80,80,80,80,80,80,80,80,80,80,80,80,80],"card_choices":[{"not_picked":["Cleave","Twin Strike"],"picked":"Inflame","floor":1.0},{"not_picked":["Thunderclap","Spot Weakness"],"picked":"Battle Trance","floor":2.0},{"not_picked":["Flex","Clothesline"],"picked":"Seeing Red","floor":3.0},{"not_picked":["Headbutt","Combust"],"picked":"Heavy Blade","floor":5.0},{"not_picked":["Rampage","Exhume"],"picked":"Corruption","floor":7.0},{"not_picked":["Wild Strike","Perfected Strike"],"picked":"Twin Strike","floor":10.0},{"not_picked":["Second Wind+1","Heavy Blade"],"picked":"Perfected Strike","floor":11.0},{"not_picked":["Iron Wave","Cleave"],"picked":"Burning Pact+1","floor":12.0},{"not_picked":["Corruption","Dual Wield+1"],"picked":"Reaper","floor":13.0},{"not_picked":["Fiend Fire","Barricade"],"picked":"Limit Break+1","floor":16.0},{"not_picked":["Armaments+1","Ghostly Armor+1"],"picked":"Flame Barrier+1","floor":18.0},{"not_picked":["Twin Strike+1","Power Through+1"],"picked":"Whirlwind","floor":22.0},{"not_picked":["Reckless Charge","Reaper"],"picked":"Double Tap+1","floor":24.0},{"not_picked":["Wild Strike","Warcry+1"],"picked":"Disarm+1","floor":25.0},{"not_picked":["Flex+1","Havoc+1"],"picked":"Heavy Blade","floor":28.0},{"not_picked":["Armaments+1","Sever Soul","Thunderclap+1"],"picked":"SKIP","floor":29.0},{"not_picked":["Clothesline","Sword Boomerang"],"picked":"Perfected Strike","floor":30.0},{"not_picked":["Havoc+1","Headbutt"],"picked":"Flame Barrier+1","floor":31.0},{"not_picked":["Exhume+1","Dark Embrace"],"picked":"Impervious+1","floor":33.0},{"not_picked":["Dropkick","Pommel Strike","Anger+1"],"picked":"SKIP","floor":35.0},{"not_picked":["Thunderclap","Body Slam"],"picked":"True Grit+1","floor":37.0},{"not_picked":["Havoc+1","Wild Strike","Warcry+1"],"picked":"SKIP","floor":38.0},{"not_picked":["Intimidate+1","Hemokinesis"],"picked":"Perfected Strike","floor":39.0},{"not_picked":["Twin Strike","Pommel Strike"],"picked":"Clothesline","floor":41.0},{"not_picked":["Wild Strike","Twin Strike+1","Anger+1"],"picked":"SKIP","floor":44.0},{"not_picked":["Havoc+1","Headbutt"],"picked":"Shrug It Off+1","floor":45.0},{"not_picked":["Reckless Charge","Anger","Hemokinesis"],"picked":"SKIP","floor":47.0},{"not_picked":["Hemokinesis+1","Havoc+1"],"picked":"Clothesline+1","floor":54}],"player_experience":810342,"relics_obtained":[{"floor":7.0,"key":"Toxic Egg 2"},{"floor":9.0,"key":"Old Coin"},{"floor":13.0,"key":"Ginger"},{"floor":24.0,"key":"Regal Pillow"},{"floor":28.0,"key":"War Paint"},{"floor":43.0,"key":"Centennial Puzzle"},{"floor":45.0,"key":"Ancient Tea Set"},{"floor":54,"key":"Pen Nib"}],"event_choices":[{"damage_healed":0.0,"max_hp_gain":0.0,"max_hp_loss":0.0,"gold_gain":0.0,"event_name":"Golden Idol","player_choice":"Take Wound","floor":14.0,"gold_loss":0.0,"damage_taken":0.0,"relics_obtained":["Golden Idol"],"cards_obtained":["Injury"]},{"damage_healed":0.0,"max_hp_gain":0.0,"max_hp_loss":0.0,"gold_gain":0.0,"cards_transformed":["Strike_R"],"event_name":"Transmorgrifier","player_choice":"Transformed","floor":20.0,"gold_loss":0.0,"damage_taken":0.0,"cards_obtained":["Bludgeon"]},{"cards_removed":["Twin Strike"],"damage_healed":0.0,"max_hp_gain":0.0,"max_hp_loss":0.0,"gold_gain":0.0,"event_name":"Falling","player_choice":"Removed Attack","floor":46.0,"gold_loss":0.0,"damage_taken":0.0},{"damage_healed":0.0,"max_hp_gain":0.0,"max_hp_loss":0.0,"gold_gain":0.0,"event_name":"Winding Halls","player_choice":"Embrace Madness","floor":48.0,"gold_loss":0.0,"damage_taken":14.0,"cards_obtained":["Madness","Madness"]}],"is_beta":false,"boss_relics":[{"not_picked":["Cursed Key","Orrery"],"picked":"Snecko Eye"},{"not_picked":["Busted Crown","Lizard Tail"],"picked":"Mark of Pain"}],"items_purged_floors":[19,36],"is_endless":false,"potions_floor_spawned":[3,7,11,12,13,22,25,30,31,33,35,37,41,45],"ascension_level":17}