{"gold_per_floor":[113,129,129,204,204,204,223,250,250,250,19,19,35,45,45,150,150,163,173,173,173,1,1,1,1,1,1,36,36,50,66,66,164,164,175,175,188,198,198,198,225,185,185,185,47,61,71,85,85,85],"floor_reached":51,"playtime":9792,"items_purged":["Strike_G","Strike_G"],"score":815,"play_id":"359fdd6f-07e1-439c-bfe3-c14ff119d20c","local_time":"20181021191420","is_ascension_mode":true,"campfire_choices":[{"data":"Neutralize","floor":6.0,"key":"SMITH"},{"data":"Leg Sweep","floor":12.0,"key":"SMITH"},{"floor":15.0,"key":"REST"},{"data":"Calculated Gamble","floor":23.0,"key":"SMITH"},{"data":"Caltrops","floor":25.0,"key":"SMITH"},{"data":"Blur","floor":27.0,"key":"SMITH"},{"floor":32.0,"key":"REST"},{"data":"Infinite Blades","floor":40,"key":"SMITH"},{"floor":44,"key":"REST"},{"floor":49,"key":"REST"}],"neow_cost":"NONE","seed_source_timestamp":0,"circlet_count":0,"master_deck":["Defend_G","Defend_G","Defend_G","Defend_G","Defend_G","Survivor","Neutralize+1","Flechettes+1","Deflect","Backstab","Caltrops+1","Leg Sweep+1","Calculated Gamble+1","Blur+1","Backflip","Doppelganger+1","Dagger Spray","Blade Dance","Well Laid Plans","Leg Sweep","After Image+1","Dodge and Roll","Infinite Blades+1","Dash","Envenom","Bouncing Flask+1","Riddle With Holes+1","Footwork+1","Footwork+1","Escape Plan","Tactician+1","Noxious Fumes","Acrobatics","Acrobatics+1"],"special_seed":0,"relics":["Ring of the Snake","Bag of Marbles","Gremlin Horn","Mango","Anchor","Black Star","Question Card","Ancient Tea Set","Art of War","HoveringKite","Happy Flower","Dream Catcher","Sundial"],"potions_floor_usage":[41,41,50,50,50],"damage_taken":[{"damage":0.0,"enemies":"Small Slimes","floor":1.0,"turns":5.0},{"damage":1.0,"enemies":"2 Louse","floor":2.0,"turns":3.0},{"damage":0.0,"enemies":"Jaw Worm","floor":7.0,"turns":2.0},{"damage":10.0,"enemies":"Lagavulin","floor":8.0,"turns":7.0},{"damage":0.0,"enemies":"Looter","floor":13.0,"turns":2.0},{"damage":0.0,"enemies":"3 Louse","floor":14.0,"turns":2.0},{"damage":23.0,"enemies":"Hexaghost","floor":16.0,"turns":12.0},{"damage":16.0,"enemies":"Chosen","floor":18.0,"turns":8.0},{"damage":4.0,"enemies":"2 Thieves","floor":19.0,"turns":4.0},{"damage":26.0,"enemies":"Slavers","floor":28.0,"turns":7.0},{"damage":0.0,"enemies":"Centurion and Healer","floor":30.0,"turns":11.0},{"damage":0.0,"enemies":"Snecko","floor":31.0,"turns":10.0},{"damage":0.0,"enemies":"Collector","floor":33.0,"turns":14.0},{"damage":7.0,"enemies":"3 Shapes","floor":35.0,"turns":12.0},{"damage":7.0,"enemies":"Orb Walker","floor":37.0,"turns":4.0},{"damage":21,"enemies":"3 Darklings","floor":38,"turns":6},{"damage":11,"enemies":"Reptomancer","floor":41,"turns":10},{"damage":1,"enemies":"Spire Growth","floor":46,"turns":7},{"damage":20,"enemies":"Sphere and 2 Shapes","floor":47,"turns":7},{"damage":0,"enemies":"Maw","floor":48,"turns":9},{"damage":26,"enemies":"Donu and Deca","floor":50,"turns":12}],"seed_played":"2487245424706609854","potions_obtained":[{"floor":1.0,"key":"LiquidBronze"},{"floor":2.0,"key":"LiquidBronze"},{"floor":7.0,"key":"GamblersBrew"},{"floor":14.0,"key":"FearPotion"},{"floor":19.0,"key":"Weak Potion"},{"floor":28.0,"key":"Poison Potion"},{"floor":31.0,"key":"Explosive Potion"},{"floor":35.0,"key":"Explosive Potion"},{"floor":38,"key":"Weak Potion"},{"floor":46,"key":"Poison Potion"}],"is_trial":false,"path_per_floor":["M","M","?","?","?","R","M","E","T","?","$","R","M","M","R","B",null,"M","M","?","?","$","R","$","R","T","R","E","?","M","M","R","B",null,"M","?","M","M","?","R","E","?","T","R","$","M","M","M","R","B"],"character_chosen":"THE_SILENT","items_purchased":["Leg Sweep","Calculated Gamble","Well Laid Plans","Noxious Fumes","Poison Potion","Dexterity Potion"],"campfire_rested":4,"item_purchase_floors":[11,11,22,45,45,45],"current_hp_per_floor":[70,69,62,51,44,44,44,48,48,31,31,31,31,31,56,33,84,68,64,48,48,48,48,48,48,48,48,22,22,22,22,48,48,89,82,82,75,54,54,54,43,43,43,69,69,68,48,48,74,48],"gold":85,"neow_bonus":"RANDOM_COMMON_RELIC","is_prod":false,"is_daily":false,"chose_seed":false,"campfire_upgraded":6,"win_rate":0,"timestamp":1540142060,"path_taken":["M","M","?","?","?","R","M","E","T","?","$","R","M","M","R","BOSS","M","?","?","?","$","R","?","R","T","R","E","?","?","?","R","BOSS","M","?","?","M","?","R","E","?","T","R","$","M","M","M","R","BOSS"],"build_version":"2018-10-18","purchased_purges":2,"victory":true,"max_hp_per_floor":[70,70,70,70,70,70,70,84,84,84,84,84,84,84,84,84,84,84,84,89,89,89,89,89,89,89,89,89,89,89,89,89,89,89,89,89,89,89,89,89,89,89,89,89,89,89,89,89,89,89],"card_choices":[{"not_picked":["Expertise","Quick Slash"],"picked":"Flechettes","floor":1.0},{"not_picked":["Eviscerate","Poisoned Stab"],"picked":"Deflect","floor":2.0},{"not_picked":["Flying Knee","Prepared"],"picked":"Backstab","floor":7.0},{"not_picked":["Reflex","Blur"],"picked":"Caltrops","floor":8.0},{"not_picked":["Underhanded Strike","Choke"],"picked":"Blur","floor":13.0},{"not_picked":["Poisoned Stab","Underhanded Strike"],"picked":"Backflip","floor":14.0},{"not_picked":["Glass Knife","Venomology"],"picked":"Doppelganger","floor":16.0},{"not_picked":["Terror","Quick Slash"],"picked":"Dagger Spray","floor":18.0},{"not_picked":["Sucker Punch","Underhanded Strike"],"picked":"Blade Dance","floor":19.0},{"not_picked":["Endless Agony","Sucker Punch","Blade Dance"],"picked":"Leg Sweep","floor":28.0},{"not_picked":["Blur","Poisoned Stab","PiercingWail+1"],"picked":"Infinite Blades","floor":30.0},{"not_picked":["Acrobatics","Backflip","Flying Knee"],"picked":"Dash","floor":31.0},{"not_picked":["Die Die Die","Malaise","Phantasmal Killer"],"picked":"Envenom","floor":33.0},{"not_picked":["Slice","Prepared+1","Sucker Punch+1"],"picked":"Bouncing Flask+1","floor":35.0},{"not_picked":["Caltrops","Masterful Stab+1","Sucker Punch+1"],"picked":"Riddle With Holes+1","floor":37},{"not_picked":["Blade Dance","Escape Plan","Dagger Spray"],"picked":"Footwork+1","floor":38},{"not_picked":["Poisoned Stab+1","Dagger Throw","Underhanded Strike+1"],"picked":"Escape Plan","floor":41},{"not_picked":["Well Laid Plans","Dagger Spray+1","Envenom"],"picked":"Tactician+1","floor":44},{"not_picked":["Underhanded Strike+1","Poisoned Stab","Quick Slash","Prepared+1"],"picked":"SKIP","floor":46},{"not_picked":["Predator+1","Underhanded Strike","Cloak And Dagger"],"picked":"Acrobatics","floor":47},{"not_picked":["Well Laid Plans","Cloak And Dagger","Deflect"],"picked":"Acrobatics+1","floor":48}],"player_experience":86283,"relics_obtained":[{"floor":8.0,"key":"Mango"},{"floor":9.0,"key":"Anchor"},{"floor":26.0,"key":"Question Card"},{"floor":28.0,"key":"Ancient Tea Set"},{"floor":28.0,"key":"Art of War"},{"floor":41,"key":"Happy Flower"},{"floor":41,"key":"Dream Catcher"},{"floor":43,"key":"Sundial"}],"event_choices":[{"cards_removed":["Strike_G"],"damage_healed":0.0,"max_hp_gain":0.0,"max_hp_loss":0.0,"gold_gain":0.0,"event_name":"Golden Wing","player_choice":"Card Removal","floor":3.0,"gold_loss":0.0,"damage_taken":7.0},{"damage_healed":0.0,"max_hp_gain":0.0,"max_hp_loss":0.0,"gold_gain":75.0,"event_name":"World of Goop","player_choice":"Gather Gold","floor":4.0,"gold_loss":0.0,"damage_taken":11.0},{"damage_healed":0.0,"max_hp_gain":0.0,"max_hp_loss":0.0,"gold_gain":0.0,"event_name":"Scrap Ooze","player_choice":"Success","floor":5.0,"gold_loss":0.0,"damage_taken":7.0,"relics_obtained":["Gremlin Horn"]},{"damage_healed":0.0,"max_hp_gain":0.0,"max_hp_loss":0.0,"gold_gain":0.0,"event_name":"Shining Light","player_choice":"Entered Light","floor":10.0,"gold_loss":0.0,"damage_taken":17.0,"cards_upgraded":["Strike_G","Flechettes"]},{"damage_healed":0.0,"max_hp_gain":5.0,"max_hp_loss":0.0,"gold_gain":0.0,"event_name":"Forgotten Altar","player_choice":"Shed Blood","floor":20.0,"gold_loss":0.0,"damage_taken":21.0},{"damage_healed":0.0,"max_hp_gain":0.0,"max_hp_loss":0.0,"gold_gain":0.0,"event_name":"Cursed Tome","player_choice":"Ignored","floor":21.0,"gold_loss":0.0,"damage_taken":0.0},{"damage_healed":0.0,"max_hp_gain":0.0,"max_hp_loss":0.0,"gold_gain":0.0,"cards_transformed":["Strike_G","Strike_G"],"event_name":"Drug Dealer","player_choice":"Became Test Subject","floor":29.0,"gold_loss":0.0,"damage_taken":0.0,"cards_obtained":["After Image","Dodge and Roll"]},{"damage_healed":0.0,"max_hp_gain":0.0,"max_hp_loss":0.0,"gold_gain":0.0,"event_name":"Tomb of Lord Red Mask","player_choice":"Ignored","floor":36.0,"gold_loss":0.0,"damage_taken":0.0},{"damage_healed":0,"gold_gain":0,"player_choice":"Copied","damage_taken":0,"max_hp_gain":0,"max_hp_loss":0,"event_name":"Duplicator","floor":39,"gold_loss":0,"cards_obtained":["Footwork"]},{"damage_healed":0,"gold_gain":0,"player_choice":"Upgraded Two","damage_taken":0,"max_hp_gain":0,"max_hp_loss":0,"event_name":"Designer","floor":42,"gold_loss":40,"cards_upgraded":["Doppelganger","After Image"]}],"is_beta":false,"boss_relics":[{"not_picked":["Pandora\u0027s Box","Philosopher\u0027s Stone"],"picked":"Black Star"},{"not_picked":["Velvet Choker","Empty Cage"],"picked":"HoveringKite"}],"items_purged_floors":[11,22],"is_endless":false,"potions_floor_spawned":[1,2,7,14,19,28,31,35,38,46,47],"ascension_level":2}