{"gold_per_floor":[13,33,208,208,221,221,235,235,235,235,247,247,267,281,281,281],"floor_reached":16,"playtime":776,"items_purged":[],"score":113,"play_id":"c6338961-9150-4885-bada-41d52d0ba812","local_time":"20190529204516","is_ascension_mode":true,"campfire_choices":[{"data":"Footwork","floor":6.0,"key":"SMITH"},{"data":"Catalyst","floor":8.0,"key":"SMITH"},{"data":"Survivor","floor":10.0,"key":"SMITH"},{"data":"Deflect","floor":12.0,"key":"SMITH"},{"data":"Quick Slash","floor":15.0,"key":"SMITH"}],"neow_cost":"NO_GOLD","seed_source_timestamp":43872498123200,"circlet_count":0,"master_deck":["Defend_G","Defend_G","Defend_G","Defend_G","Defend_G","Strike_G","Strike_G","Strike_G","Strike_G","Strike_G","Survivor+1","Neutralize","Quick Slash+1","Footwork+1","Catalyst+1","Deflect+1","Dodge and Roll","Catalyst"],"special_seed":0,"relics":["Ring of the Snake","Ice Cream","Girya"],"potions_floor_usage":[16],"damage_taken":[{"damage":1.0,"enemies":"2 Louse","floor":1.0,"turns":3.0},{"damage":0.0,"enemies":"Cultist","floor":2.0,"turns":4.0},{"damage":2.0,"enemies":"Small Slimes","floor":5.0,"turns":4.0},{"damage":5.0,"enemies":"3 Louse","floor":7.0,"turns":4.0},{"damage":0.0,"enemies":"2 Fungi Beasts","floor":11.0,"turns":5.0},{"damage":0.0,"enemies":"Large Slime","floor":13.0,"turns":7.0},{"damage":8.0,"enemies":"Gremlin Gang","floor":14.0,"turns":7.0},{"damage":56,"enemies":"Hexaghost","floor":16,"turns":21}],"seed_played":"-1382969081882195996","potions_obtained":[{"floor":2.0,"key":"Energy Potion"},{"floor":13.0,"key":"Energy Potion"}],"is_trial":false,"path_per_floor":["M","M","?","?","M","R","M","R","T","R","M","R","M","M","R","B"],"character_chosen":"THE_SILENT","items_purchased":[],"campfire_rested":0,"item_purchase_floors":[],"current_hp_per_floor":[69,69,69,69,67,67,62,62,62,62,62,62,62,54,54,0],"gold":281,"neow_bonus":"ONE_RARE_RELIC","is_prod":false,"is_daily":false,"chose_seed":false,"campfire_upgraded":5,"win_rate":0,"timestamp":1559187916,"path_taken":["M","M","?","?","?","R","M","R","T","R","M","R","M","M","R","BOSS"],"build_version":"2019-01-23","purchased_purges":0,"victory":false,"max_hp_per_floor":[70,70,70,70,70,70,70,70,70,70,70,70,70,70,70,70],"card_choices":[{"not_picked":["Prepared","Expertise"],"picked":"Quick Slash","floor":1.0},{"not_picked":["Dagger Throw","Quick Slash","Slice"],"picked":"SKIP","floor":2.0},{"not_picked":["Slice","Flying Knee"],"picked":"Footwork","floor":5.0},{"not_picked":["Choke","Deadly Poison"],"picked":"Catalyst","floor":7.0},{"not_picked":["Underhanded Strike","Dagger Spray"],"picked":"Deflect","floor":11.0},{"not_picked":["Outmaneuver","Expertise"],"picked":"Dodge and Roll","floor":13.0},{"not_picked":["Footwork","Riddle With Holes"],"picked":"Catalyst","floor":14.0}],"player_experience":138063,"relics_obtained":[{"floor":9.0,"key":"Girya"}],"event_choices":[{"damage_healed":0.0,"max_hp_gain":0.0,"max_hp_loss":0.0,"gold_gain":175.0,"event_name":"Liars Game","player_choice":"AGREE","floor":3.0,"gold_loss":0.0,"damage_taken":0.0,"cards_obtained":["Doubt"]},{"cards_removed":["Doubt"],"damage_healed":0.0,"max_hp_gain":0.0,"max_hp_loss":0.0,"gold_gain":0.0,"event_name":"Purifier","player_choice":"Purged","floor":4.0,"gold_loss":0.0,"damage_taken":0.0}],"is_beta":false,"boss_relics":[],"items_purged_floors":[],"is_endless":false,"potions_floor_spawned":[2,13],"killed_by":"Hexaghost","ascension_level":4}