{"gold_per_floor":[113,126,126,136,61,61,91,111,111,121,133,133,133,147,147,245,245,260,260,154,154,253,288,92,92,92,112,124,39,59,79,79,179,179,190,94,94,94,110,110],"floor_reached":40,"playtime":1686,"items_purged":[],"score":523,"play_id":"2405e686-39b1-4f8f-b85b-e8ca2972540a","local_time":"20190529071610","is_ascension_mode":true,"campfire_choices":[{"data":"Noxious Fumes","floor":6.0,"key":"SMITH"},{"data":"Dodge and Roll","floor":13.0,"key":"SMITH"},{"floor":15.0,"key":"REST"},{"data":"Burst","floor":25.0,"key":"SMITH"},{"floor":32.0,"key":"REST"}],"neow_cost":"NONE","seed_source_timestamp":117980946149400,"circlet_count":0,"master_deck":["Defend_G+1","Defend_G+1","Defend_G+1","Defend_G+1","Defend_G+1","Strike_G+1","Strike_G+1","Strike_G+1","Strike_G+1","Survivor","Neutralize","Dagger Spray","Backflip","Noxious Fumes+1","Poisoned Stab","Escape Plan","Catalyst+1","Dodge and Roll+1","Caltrops","Burst+1","Leg Sweep+1","Bouncing Flask","Well Laid Plans","Bouncing Flask","Deflect","Deadly Poison","Deadly Poison","Noxious Fumes","Dodge and Roll","Catalyst","Venomology","Caltrops+1","Footwork"],"special_seed":0,"relics":["Ring of the Serpent","War Paint","StoneCalendar","Mango","FaceOfCleric","Shovel","Lantern","Turnip"],"potions_floor_usage":[40,40,40],"damage_taken":[{"damage":7.0,"enemies":"Small Slimes","floor":1.0,"turns":4.0},{"damage":0.0,"enemies":"2 Louse","floor":2.0,"turns":4.0},{"damage":2.0,"enemies":"Cultist","floor":4.0,"turns":4.0},{"damage":7.0,"enemies":"Lagavulin","floor":7.0,"turns":10.0},{"damage":3.0,"enemies":"Looter","floor":8.0,"turns":3.0},{"damage":7.0,"enemies":"Exordium Wildlife","floor":10.0,"turns":4.0},{"damage":20.0,"enemies":"Lots of Slimes","floor":11.0,"turns":3.0},{"damage":15.0,"enemies":"Exordium Thugs","floor":14.0,"turns":6.0},{"damage":12.0,"enemies":"Hexaghost","floor":16.0,"turns":7.0},{"damage":10.0,"enemies":"Chosen","floor":18.0,"turns":7.0},{"damage":10.0,"enemies":"Book of Stabbing","floor":23.0,"turns":6.0},{"damage":7.0,"enemies":"Shell Parasite","floor":27.0,"turns":5.0},{"damage":0.0,"enemies":"Snake Plant","floor":28.0,"turns":2.0},{"damage":25.0,"enemies":"Shelled Parasite and Fungi","floor":30.0,"turns":5.0},{"damage":10.0,"enemies":"Cultist and Chosen","floor":31.0,"turns":6.0},{"damage":15.0,"enemies":"Champ","floor":33.0,"turns":9.0},{"damage":18.0,"enemies":"3 Shapes","floor":35.0,"turns":5.0},{"damage":24.0,"enemies":"Orb Walker","floor":39.0,"turns":5.0},{"damage":84,"enemies":"Reptomancer","floor":40,"turns":5}],"seed_played":"7054742441309142808","potions_obtained":[{"floor":1.0,"key":"GhostInAJar"},{"floor":4.0,"key":"EssenceOfSteel"},{"floor":10.0,"key":"Poison Potion"},{"floor":16.0,"key":"AttackPotion"},{"floor":18.0,"key":"PowerPotion"},{"floor":23.0,"key":"SteroidPotion"},{"floor":33.0,"key":"SpeedPotion"},{"floor":39.0,"key":"Swift Potion"}],"is_trial":false,"path_per_floor":["M","M","?","M","$","R","E","M","T","M","M","?","R","M","R","B",null,"M","?","$","?","?","E","$","R","T","M","M","$","M","M","R","B",null,"M","$","?","$","M","E"],"character_chosen":"THE_SILENT","items_purchased":["Noxious Fumes","Bouncing Flask","Well Laid Plans","Lantern","Poison Potion","Deadly Poison","Noxious Fumes","Fruit Juice"],"campfire_rested":2,"item_purchase_floors":[5,20,20,24,24,29,29,36],"current_hp_per_floor":[63,63,63,61,61,61,54,51,65,58,38,38,38,23,48,36,84,74,74,74,74,74,65,65,65,65,59,60,60,36,27,53,39,90,73,73,73,73,55,0],"gold":110,"neow_bonus":"RANDOM_COMMON_RELIC","is_prod":false,"is_daily":false,"chose_seed":false,"campfire_upgraded":3,"win_rate":0,"timestamp":1559139370,"path_taken":["M","M","?","M","$","R","E","M","T","M","M","?","R","M","R","BOSS","M","?","$","?","?","E","$","R","T","M","M","$","M","M","R","BOSS","M","$","?","$","?","E"],"build_version":"2019-01-23","purchased_purges":0,"victory":false,"max_hp_per_floor":[70,70,70,70,70,70,70,70,84,84,84,84,84,84,84,84,84,84,84,84,84,84,85,85,85,85,86,87,87,88,89,89,90,90,91,91,91,91,97,97],"card_choices":[{"not_picked":["Concentrate","Choke","Eviscerate"],"picked":"SKIP","floor":1.0},{"not_picked":["Choke","Terror"],"picked":"Dagger Spray","floor":2.0},{"not_picked":["Heel Hook","Slice"],"picked":"Backflip","floor":4.0},{"not_picked":["Expertise","Blade Dance"],"picked":"Poisoned Stab","floor":7.0},{"not_picked":["Masterful Stab","Heel Hook"],"picked":"Escape Plan","floor":8.0},{"not_picked":["Flying Knee","Footwork"],"picked":"Catalyst","floor":10.0},{"not_picked":["Distraction","Outmaneuver"],"picked":"Dodge and Roll","floor":11.0},{"not_picked":["Cloak And Dagger","Accuracy"],"picked":"Caltrops","floor":14.0},{"not_picked":["Malaise","Glass Knife"],"picked":"Burst","floor":16.0},{"not_picked":["Caltrops","Skewer"],"picked":"Leg Sweep+1","floor":18.0},{"not_picked":["Dagger Spray+1","Dash"],"picked":"Bouncing Flask","floor":23.0},{"not_picked":["Acrobatics","Endless Agony"],"picked":"Deflect","floor":27.0},{"not_picked":["Cloak And Dagger+1","Expertise"],"picked":"Deadly Poison","floor":28.0},{"not_picked":["Endless Agony+1","Flying Knee"],"picked":"Dodge and Roll","floor":30.0},{"not_picked":["Cloak And Dagger","Dagger Throw"],"picked":"Catalyst","floor":31.0},{"not_picked":["Night Terror","Storm of Steel"],"picked":"Venomology","floor":33.0},{"not_picked":["Flying Knee+1","Finisher+1"],"picked":"Caltrops+1","floor":35.0},{"not_picked":["Slice","Infinite Blades+1"],"picked":"Footwork","floor":39.0}],"player_experience":124885,"relics_obtained":[{"floor":7.0,"key":"StoneCalendar"},{"floor":9.0,"key":"Mango"},{"floor":23.0,"key":"Shovel"},{"floor":26.0,"key":"Turnip"}],"event_choices":[{"damage_healed":0.0,"max_hp_gain":0.0,"max_hp_loss":0.0,"gold_gain":0.0,"event_name":"Golden Wing","player_choice":"Ignored","floor":3.0,"gold_loss":0.0,"damage_taken":0.0},{"damage_healed":0.0,"max_hp_gain":0.0,"max_hp_loss":0.0,"gold_gain":0.0,"event_name":"Living Wall","player_choice":"Grow","floor":12.0,"gold_loss":0.0,"damage_taken":0.0,"cards_upgraded":["Catalyst"]},{"damage_healed":0.0,"max_hp_gain":0.0,"max_hp_loss":0.0,"gold_gain":0.0,"event_name":"FaceTrader","player_choice":"Trade","floor":19.0,"gold_loss":0.0,"damage_taken":0.0,"relics_obtained":["FaceOfCleric"]},{"damage_healed":0.0,"max_hp_gain":0.0,"max_hp_loss":0.0,"gold_gain":0.0,"event_name":"Back to Basics","player_choice":"Simplicity","floor":21.0,"gold_loss":0.0,"damage_taken":0.0,"cards_upgraded":["Defend_G","Defend_G","Defend_G","Strike_G","Strike_G","Strike_G","Strike_G","Strike_G"]},{"damage_healed":0.0,"max_hp_gain":0.0,"max_hp_loss":0.0,"gold_gain":99.0,"event_name":"Nest","player_choice":"Stole From Cult","floor":22.0,"gold_loss":0.0,"damage_taken":0.0},{"cards_removed":["Strike_G"],"damage_healed":0.0,"max_hp_gain":0.0,"max_hp_loss":0.0,"gold_gain":0.0,"event_name":"Bonfire Elementals","player_choice":"Offered Basic","floor":37.0,"gold_loss":0.0,"damage_taken":0.0}],"is_beta":false,"boss_relics":[{"not_picked":["Velvet Choker","Runic Pyramid","Pandora\u0027s Box"]},{"not_picked":["Astrolabe","Snecko Eye"],"picked":"Ring of the Serpent"}],"items_purged_floors":[],"is_endless":false,"potions_floor_spawned":[1,4,10,16,18,23,28,33,39],"killed_by":"Reptomancer","ascension_level":3}