{"gold_per_floor":[13,13,33,33,47,47,64,118,118,138,138,150,165,165,165,268,318,332,231,156,56,68,102,102,102,102,102,120,136,136,147,147,147],"floor_reached":33,"playtime":3757,"items_purged":["Bash","Twin Strike+1"],"score":259,"play_id":"03f34f79-0c7f-49d4-b0ad-ac54de4c4af5","local_time":"20190606223846","is_ascension_mode":false,"campfire_choices":[{"data":"Dual Wield","floor":6,"key":"SMITH"},{"data":"Sword Boomerang","floor":11,"key":"SMITH"},{"data":"Twin Strike","floor":15,"key":"SMITH"},{"data":"Sword Boomerang","floor":24,"key":"SMITH"},{"data":"Offering","floor":27,"key":"SMITH"},{"floor":30,"key":"REST"},{"floor":32,"key":"REST"}],"neow_cost":"NO_GOLD","seed_source_timestamp":223330263400700,"circlet_count":0,"master_deck":["Strike_R+1","Defend_R","Defend_R+1","Defend_R+1","Inflame","Dual Wield+1","Spot Weakness","Sword Boomerang+1","Ghostly Armor","Offering+1","Second Wind","Sword Boomerang+1","Burning Pact+1","True Grit","Evolve+1"],"relics":["Burning Blood","War Paint","Shuriken","Tiny House","Red Skull","StoneCalendar"],"potions_floor_usage":[13,16,23,28,33,33],"damage_taken":[{"damage":0,"enemies":"Small Slimes","floor":1,"turns":3},{"damage":8,"enemies":"Jaw Worm","floor":3,"turns":3},{"damage":1,"enemies":"Cultist","floor":5,"turns":3},{"damage":11,"enemies":"2 Fungi Beasts","floor":7,"turns":4},{"damage":19,"enemies":"Exordium Thugs","floor":10,"turns":5},{"damage":20,"enemies":"Large Slime","floor":12,"turns":5},{"damage":0,"enemies":"Blue Slaver","floor":13,"turns":3},{"damage":12,"enemies":"Slime Boss","floor":16,"turns":6},{"damage":10,"enemies":"Spheric Guardian","floor":18,"turns":4},{"damage":16,"enemies":"2 Thieves","floor":22,"turns":3},{"damage":22,"enemies":"Book of Stabbing","floor":23,"turns":5},{"damage":17,"enemies":"Sentry and Sphere","floor":28,"turns":5},{"damage":26,"enemies":"Snake Plant","floor":29,"turns":4},{"damage":6,"enemies":"Snecko","floor":31,"turns":3},{"damage":76,"enemies":"Automaton","floor":33,"turns":6}],"seed_played":"8084266282028615603","potions_obtained":[{"floor":3,"key":"SteroidPotion"},{"floor":10,"key":"GamblersBrew"},{"floor":16,"key":"Weak Potion"},{"floor":17,"key":"Ancient Potion"},{"floor":22,"key":"SkillPotion"},{"floor":29,"key":"Weak Potion"}],"is_trial":false,"path_per_floor":["M","?","M","?","M","R","M","T","T","M","R","M","M","?","R","B",null,"M","$","?","$","M","E","R","?","T","R","M","M","R","M","R","B"],"character_chosen":"IRONCLAD","items_purchased":["Sword Boomerang"],"campfire_rested":2,"item_purchase_floors":[19],"current_hp_per_floor":[80,80,78,71,76,76,71,71,71,58,58,44,50,50,50,44,85,81,81,81,81,71,55,55,55,55,55,44,24,49,49,74,0],"gold":147,"neow_bonus":"REMOVE_TWO","is_prod":false,"is_daily":false,"chose_seed":false,"campfire_upgraded":5,"win_rate":0,"timestamp":1559828326,"path_taken":["M","?","M","?","M","R","M","?","T","M","R","M","M","?","R","BOSS","M","$","?","$","M","E","R","?","T","R","M","M","R","M","R","BOSS"],"build_version":"2019-01-23","purchased_purges":2,"victory":false,"max_hp_per_floor":[80,80,80,80,80,80,80,80,80,80,80,80,80,80,80,80,85,85,85,85,85,85,85,85,85,85,85,85,85,85,85,85,85],"card_choices":[{"not_picked":["Carnage","Perfected Strike"],"picked":"Twin Strike","floor":1},{"not_picked":["Sword Boomerang","Body Slam"],"picked":"Inflame","floor":3},{"not_picked":["Heavy Blade","Dropkick"],"picked":"Dual Wield","floor":5},{"not_picked":["Disarm","Brutality"],"picked":"Spot Weakness","floor":7},{"not_picked":["Body Slam","Heavy Blade"],"picked":"Sword Boomerang","floor":10},{"not_picked":["Shockwave","Wild Strike"],"picked":"Ghostly Armor","floor":12},{"not_picked":["Infernal Blade","Juggernaut","Armaments"],"picked":"SKIP","floor":13},{"not_picked":["Brutality","Barricade"],"picked":"Offering","floor":16},{"not_picked":["Whirlwind","Feel No Pain+1"],"picked":"Second Wind","floor":18},{"not_picked":["Clothesline","Havoc+1"],"picked":"Burning Pact+1","floor":22},{"not_picked":["Power Through","Flex","Warcry"],"picked":"SKIP","floor":23},{"not_picked":["Iron Wave","Headbutt+1"],"picked":"True Grit","floor":28},{"not_picked":["Hemokinesis","Iron Wave","Infernal Blade"],"picked":"SKIP","floor":29},{"not_picked":["Cleave","Carnage"],"picked":"Evolve+1","floor":31}],"player_experience":53759,"relics_obtained":[{"floor":8,"key":"War Paint"},{"floor":9,"key":"Shuriken"},{"floor":23,"key":"Red Skull"},{"floor":26,"key":"StoneCalendar"}],"event_choices":[{"damage_healed":0,"gold_gain":0,"player_choice":"Leave","damage_taken":0,"max_hp_gain":0,"max_hp_loss":0,"event_name":"The Cleric","floor":2,"gold_loss":0},{"cards_removed":["Strike_R"],"damage_healed":0,"gold_gain":0,"player_choice":"Card Removal","damage_taken":7,"max_hp_gain":0,"max_hp_loss":0,"event_name":"Golden Wing","floor":4,"gold_loss":0},{"cards_removed":["Strike_R"],"damage_healed":0,"gold_gain":0,"player_choice":"Forget","damage_taken":0,"max_hp_gain":0,"max_hp_loss":0,"event_name":"Living Wall","floor":14,"gold_loss":0},{"cards_removed":["Strike_R"],"damage_healed":0,"gold_gain":0,"player_choice":"Gave Gold","damage_taken":0,"max_hp_gain":0,"max_hp_loss":0,"event_name":"Beggar","floor":20,"gold_loss":75},{"damage_healed":0,"gold_gain":0,"player_choice":"Ignored","damage_taken":0,"max_hp_gain":0,"max_hp_loss":0,"event_name":"Ghosts","floor":25,"gold_loss":0}],"is_beta":false,"boss_relics":[{"not_picked":["Fusion Hammer","Snecko Eye"],"picked":"Tiny House"}],"items_purged_floors":[19,21],"is_endless":false,"potions_floor_spawned":[3,10,16,22,29],"killed_by":"Automaton","ascension_level":0}