{"gold_per_floor":[212,212,38,58,68,95,157,157,182,182,182,197,197,220,220,339,339,328,117,130,155,70,70,70,84,84,84,84,103,121,139,139,268,268,286,301,201,201,0,0,0,0,26,40,40,60,60,84,84,84],"floor_reached":51,"playtime":9548,"items_purged":["Defend_G","Defend_G","Strike_G"],"score":599,"play_id":"426412b3-7b5d-4078-b3fa-b5e77bb52fa4","local_time":"20190607232253","is_ascension_mode":false,"campfire_choices":[{"floor":8.0,"key":"REST"},{"data":"Noxious Fumes","floor":11.0,"key":"SMITH"},{"data":"Sucker Punch","floor":15.0,"key":"SMITH"},{"data":"Footwork","floor":23.0,"key":"SMITH"},{"data":"Dash","floor":28.0,"key":"SMITH"},{"floor":32,"key":"REST"},{"data":"Adrenaline","floor":41,"key":"SMITH"},{"data":"Catalyst","floor":45,"key":"SMITH"},{"floor":49,"key":"REST"}],"neow_cost":"NONE","seed_source_timestamp":0,"circlet_count":0,"master_deck":["Defend_G","Defend_G","Defend_G","Strike_G","Strike_G+1","Strike_G","Survivor","Neutralize+1","Quick Slash","Noxious Fumes+1","Acrobatics","Dash+1","Blade Dance","Deadly Poison","Sucker Punch+1","Well Laid Plans","Adrenaline+1","Leg Sweep","Footwork+1","Bane","Predator","Backflip+1","RitualDagger","Catalyst+1","Poisoned Stab","Cloak And Dagger+1","After Image","Madness","Madness"],"special_seed":0,"relics":["Ring of the Snake","Anchor","The Courier","Whetstone","Golden Idol","PreservedInsect","HoveringKite","Oddly Smooth Stone","Bottled Tornado","Busted Crown","Red Mask","Omamori"],"potions_floor_usage":[33,33,50,50],"damage_taken":[{"damage":2.0,"enemies":"Cultist","floor":1.0,"turns":6.0},{"damage":0.0,"enemies":"2 Louse","floor":4.0,"turns":3.0},{"damage":0.0,"enemies":"Small Slimes","floor":5.0,"turns":3.0},{"damage":11.0,"enemies":"Gremlin Nob","floor":6.0,"turns":4.0},{"damage":24.0,"enemies":"Gremlin Nob","floor":7.0,"turns":5.0},{"damage":1.0,"enemies":"Blue Slaver","floor":12.0,"turns":3.0},{"damage":0.0,"enemies":"Looter","floor":14.0,"turns":3.0},{"damage":20.0,"enemies":"The Guardian","floor":16.0,"turns":11.0},{"damage":0.0,"enemies":"2 Thieves","floor":18.0,"turns":4.0},{"damage":0.0,"enemies":"Chosen","floor":20.0,"turns":4.0},{"damage":4.0,"enemies":"Snake Plant","floor":21.0,"turns":7.0},{"damage":0.0,"enemies":"Centurion and Healer","floor":25.0,"turns":8.0},{"damage":9,"enemies":"Shelled Parasite and Fungi","floor":29,"turns":7},{"damage":6,"enemies":"Cultist and Chosen","floor":30,"turns":7},{"damage":4,"enemies":"Centurion and Healer","floor":31,"turns":6},{"damage":43,"enemies":"Champ","floor":33,"turns":15},{"damage":3,"enemies":"Orb Walker","floor":35,"turns":5},{"damage":0,"enemies":"3 Shapes","floor":36,"turns":4},{"damage":7,"enemies":"Maw","floor":44,"turns":9},{"damage":2,"enemies":"3 Darklings","floor":46,"turns":10},{"damage":0,"enemies":"Spire Growth","floor":48,"turns":6},{"damage":31,"enemies":"Awakened One","floor":50,"turns":25}],"seed_played":"191093965442524414","potions_obtained":[{"floor":4.0,"key":"SteroidPotion"},{"floor":5.0,"key":"Dexterity Potion"},{"floor":6.0,"key":"Fire Potion"},{"floor":16.0,"key":"LiquidBronze"},{"floor":20.0,"key":"SpeedPotion"},{"floor":21.0,"key":"SpeedPotion"},{"floor":25.0,"key":"Regen Potion"},{"floor":33,"key":"FearPotion"},{"floor":44,"key":"Explosive Potion"},{"floor":46,"key":"Block Potion"}],"is_trial":false,"path_per_floor":["M","?","$","M","M","E","?","R","T","?","R","M","?","M","R","B",null,"M","$","M","M","?","R","?","M","T","?","R","M","M","M","R","B",null,"M","M","$","?","?","?","R","$","T","M","R","M","$","M","R","B",null],"character_chosen":"THE_SILENT","items_purchased":["Noxious Fumes","Acrobatics","Footwork","Bane","Predator"],"campfire_rested":3,"item_purchase_floors":[3,3,19,19,19],"current_hp_per_floor":[68,61,61,61,61,50,26,47,47,47,47,46,39,39,39,19,65,65,65,65,61,61,61,55,55,55,55,55,46,40,36,55,27,65,62,62,62,62,62,54,54,54,54,47,47,45,45,45,64,33],"gold":84,"neow_bonus":"HUNDRED_GOLD","is_prod":false,"is_daily":false,"chose_seed":false,"campfire_upgraded":6,"win_rate":0.0,"timestamp":1559913773,"path_taken":["M","?","$","M","M","E","?","R","T","?","R","M","?","M","R","BOSS","M","$","M","M","?","R","?","M","T","?","R","M","?","M","R","BOSS","M","M","$","?","?","?","R","?","T","?","R","M","$","M","R","BOSS"],"build_version":"2019-01-23","purchased_purges":3,"victory":true,"max_hp_per_floor":[70,70,70,70,70,70,70,70,70,65,65,65,65,65,65,65,65,65,65,65,65,65,65,65,65,65,65,65,65,65,65,65,65,65,65,65,65,65,65,65,65,65,65,65,65,65,65,65,65,65],"card_choices":[{"not_picked":["Dagger Spray","Eviscerate"],"picked":"Quick Slash","floor":1.0},{"not_picked":["Backflip","Choke"],"picked":"Dash","floor":4.0},{"not_picked":["Quick Slash","Deflect"],"picked":"Blade Dance","floor":5.0},{"not_picked":["Heel Hook","Night Terror"],"picked":"Deadly Poison","floor":6.0},{"not_picked":["Dagger Throw","Backflip"],"picked":"Sucker Punch","floor":7.0},{"not_picked":["Underhanded Strike","Deadly Poison"],"picked":"Well Laid Plans","floor":12.0},{"not_picked":["Heel Hook","Prepared","Slice"],"picked":"SKIP","floor":14.0},{"not_picked":["Bullet Time","Doppelganger"],"picked":"Adrenaline","floor":16.0},{"not_picked":["Backflip+1","PiercingWail+1"],"picked":"Leg Sweep","floor":18.0},{"not_picked":["Reflex","Endless Agony"],"picked":"Backflip+1","floor":20.0},{"not_picked":["Flying Knee","Deflect","Dodge and Roll"],"picked":"SKIP","floor":21.0},{"not_picked":["Eviscerate","Dodge and Roll"],"picked":"Catalyst","floor":25.0},{"not_picked":["Outmaneuver+1","Dagger Throw+1"],"picked":"Poisoned Stab","floor":29},{"not_picked":["Dagger Throw","Terror"],"picked":"Cloak And Dagger+1","floor":30},{"not_picked":["Deflect","Dodge and Roll","Riddle With Holes+1"],"picked":"SKIP","floor":31},{"not_picked":["Corpse Explosion","Die Die Die"],"picked":"After Image","floor":33},{"not_picked":["Underhanded Strike+1"],"picked":"SKIP","floor":35},{"not_picked":["Dagger Throw"],"picked":"SKIP","floor":36},{"not_picked":["Deflect+1"],"picked":"SKIP","floor":44},{"not_picked":["Bane+1"],"picked":"SKIP","floor":46},{"not_picked":["Dodge and Roll+1"],"picked":"SKIP","floor":48}],"player_experience":54262,"relics_obtained":[{"floor":6.0,"key":"Anchor"},{"floor":7.0,"key":"The Courier"},{"floor":9.0,"key":"Whetstone"},{"floor":26.0,"key":"Bottled Tornado"},{"floor":43,"key":"Omamori"}],"event_choices":[{"cards_removed":["Strike_G"],"damage_healed":0.0,"max_hp_gain":0.0,"max_hp_loss":0.0,"gold_gain":0.0,"event_name":"Golden Wing","player_choice":"Card Removal","floor":2.0,"gold_loss":0.0,"damage_taken":7.0},{"damage_healed":0.0,"max_hp_gain":0.0,"max_hp_loss":0.0,"gold_gain":0.0,"event_name":"Dead Adventurer","player_choice":"Searched \u00271\u0027 times","floor":7.0,"gold_loss":0.0,"damage_taken":0.0},{"damage_healed":0.0,"max_hp_gain":0.0,"max_hp_loss":5.0,"gold_gain":0.0,"event_name":"Golden Idol","player_choice":"Lose Max HP","floor":10.0,"gold_loss":0.0,"damage_taken":0.0,"relics_obtained":["Golden Idol"]},{"damage_healed":0.0,"max_hp_gain":0.0,"max_hp_loss":0.0,"gold_gain":0.0,"event_name":"Scrap Ooze","player_choice":"Success","floor":13.0,"gold_loss":0.0,"damage_taken":7.0,"relics_obtained":["PreservedInsect"]},{"damage_healed":0.0,"max_hp_gain":0.0,"max_hp_loss":0.0,"gold_gain":0.0,"event_name":"Addict","player_choice":"Obtained Relic","floor":22.0,"gold_loss":85.0,"damage_taken":0.0,"relics_obtained":["Oddly Smooth Stone"]},{"damage_healed":0.0,"max_hp_gain":0.0,"max_hp_loss":0.0,"gold_gain":0.0,"event_name":"Nest","player_choice":"Joined the Cult","floor":24.0,"gold_loss":0.0,"damage_taken":6.0,"cards_obtained":["RitualDagger"]},{"damage_healed":0.0,"max_hp_gain":0.0,"max_hp_loss":0.0,"gold_gain":0.0,"event_name":"Lab","player_choice":"Got Potions","floor":27.0,"gold_loss":0.0,"damage_taken":0.0},{"damage_healed":0,"gold_gain":0,"player_choice":"Ignored","damage_taken":0,"max_hp_gain":0,"max_hp_loss":0,"event_name":"Mysterious Sphere","floor":38,"gold_loss":0},{"damage_healed":0,"gold_gain":0,"player_choice":"Paid","damage_taken":0,"relics_obtained":["Red Mask"],"max_hp_gain":0,"max_hp_loss":0,"event_name":"Tomb of Lord Red Mask","floor":39,"gold_loss":201},{"damage_healed":0,"gold_gain":0,"player_choice":"Embrace Madness","damage_taken":8,"max_hp_gain":0,"max_hp_loss":0,"event_name":"Winding Halls","floor":40,"gold_loss":0,"cards_obtained":["Madness","Madness"]}],"is_beta":false,"boss_relics":[{"not_picked":["Pandora\u0027s Box","Runic Dome"],"picked":"HoveringKite"},{"not_picked":["Black Star","Philosopher\u0027s Stone"],"picked":"Busted Crown"}],"items_purged_floors":[3,19,37],"is_endless":false,"potions_floor_spawned":[4,5,6,16,20,21,25,29,33,44,46],"ascension_level":0}