{"gold_per_floor":[110,123,138,152,165,197,197,225,294,294,327,277,287,238,238,337,337,355,355,355,9,9,41,41,41,115,133,160,171,22,42,42,146,146,156,171,14,114,114,114,114],"floor_reached":41,"playtime":5793,"items_purged":[],"score":471,"play_id":"3e8cc678-2eeb-4df1-b684-b8b23b8c0d36","local_time":"20190504204409","is_ascension_mode":true,"campfire_choices":[{"floor":7,"key":"RECALL"},{"floor":10,"key":"REST"},{"floor":15,"key":"REST"},{"floor":24,"key":"REST"},{"floor":32,"key":"REST"},{"floor":40,"key":"REST"}],"neow_cost":"NONE","seed_source_timestamp":72180729947500,"circlet_count":0,"master_deck":["Defend_G","Defend_G","Defend_G","Defend_G","Defend_G","Strike_G","Strike_G","Strike_G","Strike_G","Strike_G","Survivor","Neutralize","Quick Slash","Masterful Stab","Footwork","Catalyst","Cloak And Dagger","Flying Knee","Glass Knife","Terror","Phantasmal Killer","Masterful Stab+1","Noxious Fumes","Predator","Burst","Footwork","Leg Sweep","Well Laid Plans","Backstab","Blade Dance","Malaise","Accuracy"],"relics":["Ring of the Snake","Sundial","Gambling Chip","Shovel","WristBlade","Ninja Scroll","Juzu Bracelet","Shuriken","Singing Bowl","Anchor","Runic Pyramid","Oddly Smooth Stone","Calipers"],"potions_floor_usage":[4,6,6,16,16,28,28,33,33,38],"damage_taken":[{"damage":1,"enemies":"2 Louse","floor":1,"turns":4},{"damage":1,"enemies":"Jaw Worm","floor":2,"turns":4},{"damage":0,"enemies":"Cultist","floor":3,"turns":4},{"damage":3,"enemies":"Gremlin Gang","floor":4,"turns":5},{"damage":17,"enemies":"Large Slime","floor":5,"turns":8},{"damage":26,"enemies":"Gremlin Nob","floor":6,"turns":7},{"damage":20,"enemies":"3 Sentries","floor":8,"turns":12},{"damage":12,"enemies":"Gremlin Nob","floor":11,"turns":4},{"damage":0,"enemies":"Blue Slaver","floor":13,"turns":4},{"damage":27,"enemies":"Hexaghost","floor":16,"turns":9},{"damage":12,"enemies":"Spheric Guardian","floor":18,"turns":4},{"damage":40,"enemies":"Slavers","floor":23,"turns":9},{"damage":0,"enemies":"3 Byrds","floor":27,"turns":2},{"damage":3,"enemies":"Book of Stabbing","floor":28,"turns":8},{"damage":0,"enemies":"Snake Plant","floor":29,"turns":4},{"damage":4,"enemies":"Snecko","floor":31,"turns":5},{"damage":31,"enemies":"Automaton","floor":33,"turns":9},{"damage":72,"enemies":"3 Darklings","floor":35,"turns":9},{"damage":0,"enemies":"3 Shapes","floor":36,"turns":6},{"damage":6,"enemies":"Mind Bloom Boss Battle","floor":38,"turns":12},{"damage":66,"enemies":"Giant Head","floor":41,"turns":8}],"seed_played":"-6601328263358712015","potions_obtained":[{"floor":1,"key":"Energy Potion"},{"floor":2,"key":"Regen Potion"},{"floor":4,"key":"GhostInAJar"},{"floor":8,"key":"GhostInAJar"},{"floor":13,"key":"SteroidPotion"},{"floor":18,"key":"Poison Potion"},{"floor":27,"key":"Dexterity Potion"},{"floor":31,"key":"Poison Potion"},{"floor":36,"key":"Fire Potion"},{"floor":38,"key":"FairyPotion"}],"is_trial":false,"path_per_floor":["M","M","M","M","M","E","R","E","T","R","E","?","M","$","R","B",null,"M","?","?","$","?","E","R","?","T","M","E","M","$","M","R","B",null,"M","M","$","?","?","R","E"],"character_chosen":"THE_SILENT","items_purchased":["Swift Potion","Ninja Scroll","Noxious Fumes","Predator","Blade Dance","Dexterity Potion","Noxious Fumes","Oddly Smooth Stone"],"campfire_rested":5,"item_purchase_floors":[14,21,21,21,30,30,30,37],"current_hp_per_floor":[69,68,68,65,48,27,27,7,7,28,16,16,16,16,37,10,70,58,45,45,45,45,5,27,27,27,27,24,24,24,22,45,14,77,5,7,7,3,3,27,0],"gold":114,"neow_bonus":"THREE_CARDS","is_prod":false,"is_daily":false,"chose_seed":false,"campfire_upgraded":0,"win_rate":0,"timestamp":1556995449,"path_taken":["M","M","M","M","M","E","R","E","T","R","E","?","M","$","R","BOSS","M","?","?","$","?","E","R","?","T","M","E","M","$","M","R","BOSS","M","M","$","?","?","R","E"],"build_version":"2019-01-23","purchased_purges":0,"victory":false,"max_hp_per_floor":[70,70,70,70,70,70,70,70,70,70,70,70,70,70,70,70,70,70,75,75,75,75,75,75,75,75,75,75,75,75,77,77,77,77,77,79,79,81,81,81,81],"card_choices":[{"not_picked":["Flechettes","Eviscerate"],"picked":"Quick Slash","floor":0},{"not_picked":["Dagger Throw","Quick Slash"],"picked":"Masterful Stab","floor":1},{"not_picked":["Dodge and Roll","Infinite Blades"],"picked":"Footwork","floor":2},{"not_picked":["Underhanded Strike","Deflect","Caltrops"],"picked":"SKIP","floor":3},{"not_picked":["Dagger Spray","Deadly Poison","Expertise"],"picked":"SKIP","floor":4},{"not_picked":["Backflip","Poisoned Stab"],"picked":"Catalyst","floor":5},{"not_picked":["Accuracy","Venomology"],"picked":"Cloak And Dagger","floor":6},{"not_picked":["PiercingWail","Riddle With Holes"],"picked":"Flying Knee","floor":8},{"not_picked":["Unload","Bane"],"picked":"Glass Knife","floor":11},{"not_picked":["Choke","Masterful Stab"],"picked":"Terror","floor":13},{"not_picked":["Bullet Time","Corpse Explosion"],"picked":"Phantasmal Killer","floor":16},{"not_picked":["Prepared","Backflip+1"],"picked":"Masterful Stab+1","floor":18},{"not_picked":["Terror","Quick Slash"],"picked":"Burst","floor":23},{"not_picked":["Acrobatics+1","Cloak And Dagger"],"picked":"Leg Sweep","floor":27},{"not_picked":["Outmaneuver","Venomology"],"picked":"Well Laid Plans","floor":28},{"not_picked":["Flying Knee+1","Outmaneuver"],"picked":"Backstab","floor":29},{"not_picked":["Flying Knee","Escape Plan","Terror"],"picked":"Singing Bowl","floor":31},{"not_picked":["Glass Knife","Corpse Explosion"],"picked":"Malaise","floor":33},{"not_picked":["Bane+1","Flying Knee"],"picked":"Accuracy","floor":35},{"not_picked":["Bane+1","Dagger Throw","Backflip+1"],"picked":"Singing Bowl","floor":36},{"not_picked":["Acrobatics","Backflip+1","Slice+1"],"picked":"Singing Bowl","floor":38}],"player_experience":236800,"relics_obtained":[{"floor":6,"key":"Sundial"},{"floor":8,"key":"Gambling Chip"},{"floor":11,"key":"Shovel"},{"floor":23,"key":"Shuriken"},{"floor":26,"key":"Singing Bowl"},{"floor":28,"key":"Anchor"},{"floor":38,"key":"Calipers"}],"event_choices":[{"damage_healed":0,"gold_gain":0,"player_choice":"Left Gold","damage_taken":0,"max_hp_gain":0,"max_hp_loss":0,"event_name":"World of Goop","floor":12,"gold_loss":50},{"damage_healed":0,"gold_gain":0,"player_choice":"Shed Blood","damage_taken":18,"max_hp_gain":5,"max_hp_loss":0,"event_name":"Forgotten Altar","floor":19,"gold_loss":0},{"damage_healed":0,"gold_gain":0,"player_choice":"Ignored","damage_taken":0,"max_hp_gain":0,"max_hp_loss":0,"event_name":"Vampires","floor":20,"gold_loss":0},{"damage_healed":0,"gold_gain":0,"player_choice":"Gave Potion","damage_taken":0,"relics_obtained":["Juzu Bracelet"],"max_hp_gain":0,"max_hp_loss":0,"event_name":"WeMeetAgain","floor":22,"gold_loss":0},{"damage_healed":0,"gold_gain":0,"player_choice":"Copied","damage_taken":0,"max_hp_gain":0,"max_hp_loss":0,"event_name":"Duplicator","floor":25,"gold_loss":0,"cards_obtained":["Footwork"]},{"damage_healed":0,"gold_gain":0,"player_choice":"Fight","damage_taken":0,"max_hp_gain":0,"max_hp_loss":0,"event_name":"MindBloom","floor":38,"gold_loss":0},{"cards_removed":["Noxious Fumes"],"damage_healed":0,"gold_gain":0,"player_choice":"Removed Power","damage_taken":0,"max_hp_gain":0,"max_hp_loss":0,"event_name":"Falling","floor":39,"gold_loss":0}],"is_beta":false,"boss_relics":[{"not_picked":["Orrery","Lizard Tail"],"picked":"WristBlade"},{"not_picked":["Coffee Dripper","Velvet Choker"],"picked":"Runic Pyramid"}],"items_purged_floors":[],"is_endless":false,"potions_floor_spawned":[1,2,4,8,13,18,27,31,36,38],"killed_by":"Giant Head","ascension_level":1}