{"gold_per_floor":[116,191,116,49,60,74,88,88,88,105,139,152,152,172,172,172],"floor_reached":16,"playtime":812,"items_purged":[],"score":104,"play_id":"300ad2d6-bada-4ffe-8cd3-af5d8e50011b","local_time":"20190603133613","is_ascension_mode":false,"campfire_choices":[{"floor":8,"key":"REST"},{"floor":13,"key":"REST"},{"floor":15,"key":"REST"}],"neow_cost":"NONE","seed_source_timestamp":13456502360826,"circlet_count":0,"master_deck":["Strike_B","Strike_B","Strike_B","Strike_B","Defend_B","Defend_B","Defend_B","Defend_B","Zap","Dualcast","Deep Breath","Redo","Storm","Heatsinks","Heatsinks","Tempest","Creative AI","Leap","Leap","Storm","Gash"],"relics":["Cracked Core","Mercury Hourglass"],"potions_floor_usage":[],"damage_taken":[{"damage":5,"enemies":"Cultist","floor":1,"turns":4},{"damage":6,"enemies":"Jaw Worm","floor":5,"turns":2},{"damage":1,"enemies":"2 Louse","floor":6,"turns":2},{"damage":5,"enemies":"Looter","floor":7,"turns":4},{"damage":10,"enemies":"2 Fungi Beasts","floor":10,"turns":4},{"damage":44,"enemies":"3 Sentries","floor":11,"turns":7},{"damage":4,"enemies":"3 Louse","floor":12,"turns":2},{"damage":25,"enemies":"Gremlin Gang","floor":14,"turns":3},{"damage":32,"enemies":"The Guardian","floor":16,"turns":2}],"seed_played":"-5709370793987150998","potions_obtained":[{"floor":1,"key":"FocusPotion"},{"floor":10,"key":"Explosive Potion"},{"floor":11,"key":"Strength Potion"}],"is_trial":false,"path_per_floor":["M","?","$","$","M","M","M","R","T","M","E","M","R","M","R","B"],"character_chosen":"DEFECT","items_purchased":["Storm","Heatsinks"],"campfire_rested":3,"item_purchase_floors":[3,4],"current_hp_per_floor":[70,59,59,59,53,52,47,69,69,59,15,11,33,8,30,0],"gold":172,"neow_bonus":"RANDOM_COLORLESS","is_prod":false,"is_daily":false,"chose_seed":false,"campfire_upgraded":0,"win_rate":0,"timestamp":1559583373,"path_taken":["M","?","?","$","M","M","?","R","T","M","E","M","R","M","R","BOSS"],"build_version":"2019-01-23","purchased_purges":0,"victory":false,"max_hp_per_floor":[75,75,75,75,75,75,75,75,75,75,75,75,75,75,75,75],"card_choices":[{"not_picked":["Compile Driver","Streamline"],"picked":"Redo","floor":1},{"not_picked":["FTL","Ball Lightning"],"picked":"Heatsinks","floor":5},{"not_picked":["Double Energy","Consume"],"picked":"Tempest","floor":6},{"not_picked":["Double Energy","Steam"],"picked":"Creative AI","floor":7},{"not_picked":["Hologram","Genetic Algorithm"],"picked":"Leap","floor":10},{"not_picked":["Steam","Fusion"],"picked":"Leap","floor":11},{"not_picked":["Stack","Melter"],"picked":"Storm","floor":12},{"not_picked":["Rebound","Fusion"],"picked":"Gash","floor":14}],"player_experience":59317,"relics_obtained":[{"floor":11,"key":"Mercury Hourglass"}],"event_choices":[{"damage_healed":0,"gold_gain":75,"player_choice":"Gather Gold","damage_taken":11,"max_hp_gain":0,"max_hp_loss":0,"event_name":"World of Goop","floor":2,"gold_loss":0}],"is_beta":false,"boss_relics":[],"items_purged_floors":[],"is_endless":false,"potions_floor_spawned":[1,10,11],"killed_by":"The Guardian","ascension_level":0}