{"gold_per_floor":[115,39,51,65,65,65,100,100,100,100,100,100,120,159,159,284,284,303,303,37,50,0,0,0,15,15,15,31,31,31,49,49,151,151,170,19,19,38,52,82,82,108,132,132,143,43,43,61,61,61],"floor_reached":50,"playtime":2209,"items_purged":["True Grit","Strike_R"],"score":718,"play_id":"d8a33624-96a7-4c67-a1a0-8be10613cf51","local_time":"20190607121352","is_ascension_mode":true,"campfire_choices":[{"data":"Infernal Blade","floor":6,"key":"SMITH"},{"data":"Shockwave","floor":8,"key":"SMITH"},{"floor":10,"key":"REST"},{"floor":15,"key":"REST"},{"data":"Whirlwind","floor":23,"key":"SMITH"},{"data":"Inflame","floor":27,"key":"SMITH"},{"data":"Bash","floor":29,"key":"SMITH"},{"floor":32,"key":"RECALL"},{"floor":41,"key":"REST"},{"floor":44,"key":"REST"},{"floor":47,"key":"REST"},{"data":"Shrug It Off","floor":49,"key":"SMITH"}],"neow_cost":"PERCENT_DAMAGE","seed_source_timestamp":1287821544023326,"circlet_count":0,"master_deck":["Strike_R+1","Strike_R+1","Strike_R","Defend_R","Defend_R+1","Defend_R","Defend_R","Bash+1","Thunderclap+1","Infernal Blade+1","Cleave","Shrug It Off+1","Shockwave+1","Limit Break+1","Impervious+1","Armaments+1","Whirlwind+1","Madness+1","Shrug It Off+1","Inflame+1","Heavy Blade+1","Immolate","True Grit+1","Inflame","Flame Barrier+1","Flex+1"],"relics":["Black Blood","Bloody Idol","Pantograph","Self Forming Clay","Toxic Egg 2","Velvet Choker","Gambling Chip","Red Skull","PreservedInsect","Centennial Puzzle","Bottled Lightning","Whetstone"],"potions_floor_usage":[13,16,16,25,25,31,33,50,50],"damage_taken":[{"damage":12,"enemies":"Jaw Worm","floor":1,"turns":2},{"damage":16,"enemies":"Small Slimes","floor":3,"turns":3},{"damage":9,"enemies":"2 Louse","floor":4,"turns":2},{"damage":29,"enemies":"3 Sentries","floor":7,"turns":8},{"damage":0,"enemies":"Large Slime","floor":13,"turns":5},{"damage":12,"enemies":"Gremlin Nob","floor":14,"turns":4},{"damage":98,"enemies":"Slime Boss","floor":16,"turns":16},{"damage":11,"enemies":"3 Byrds","floor":18,"turns":5},{"damage":27,"enemies":"Spheric Guardian","floor":21,"turns":6},{"damage":0,"enemies":"Chosen and Byrds","floor":25,"turns":4},{"damage":4,"enemies":"Snecko","floor":28,"turns":5},{"damage":3,"enemies":"Centurion and Healer","floor":31,"turns":4},{"damage":76,"enemies":"Collector","floor":33,"turns":9},{"damage":29,"enemies":"3 Darklings","floor":35,"turns":6},{"damage":23,"enemies":"3 Shapes","floor":38,"turns":6},{"damage":47,"enemies":"Spire Growth","floor":39,"turns":5},{"damage":9,"enemies":"Giant Head","floor":40,"turns":5},{"damage":34,"enemies":"Reptomancer","floor":42,"turns":3},{"damage":34,"enemies":"Sphere and 2 Shapes","floor":45,"turns":4},{"damage":19,"enemies":"Transient","floor":48,"turns":5},{"damage":105,"enemies":"Donu and Deca","floor":50,"turns":8}],"seed_played":"-4969873276025286256","potions_obtained":[{"floor":7,"key":"Fruit Juice"},{"floor":13,"key":"Regen Potion"},{"floor":14,"key":"Poison Potion"},{"floor":21,"key":"SkillPotion"},{"floor":25,"key":"FearPotion"},{"floor":28,"key":"Block Potion"},{"floor":33,"key":"PowerPotion"},{"floor":42,"key":"Fruit Juice"},{"floor":45,"key":"SpeedPotion"},{"floor":48,"key":"Strength Potion"}],"is_trial":false,"path_per_floor":["M","$","M","M","?","R","E","R","T","R","?","?","M","E","R","B",null,"M","?","$","M","$","R","?","M","T","R","M","R","?","M","R","B",null,"M","$","?","M","M","E","R","E","T","R","M","$","R","M","R","B"],"character_chosen":"IRONCLAD","items_purchased":["Infernal Blade","Armaments+1","Whirlwind","Madness+1","SkillPotion","Red Skull"],"campfire_rested":5,"item_purchase_floors":[2,20,20,20,22,36],"current_hp_per_floor":[61,61,51,48,48,48,25,25,25,51,33,26,37,31,59,7,72,67,67,67,46,46,46,46,52,52,52,54,54,54,62,62,22,76,62,62,62,54,22,28,56,37,42,70,51,51,79,75,75,0],"gold":61,"neow_bonus":"TWENTY_PERCENT_HP_BONUS","is_prod":false,"is_daily":false,"chose_seed":false,"campfire_upgraded":6,"win_rate":0,"timestamp":1559902432,"path_taken":["M","$","M","M","?","R","E","R","T","R","?","?","M","E","R","BOSS","M","?","$","M","$","R","?","M","T","R","M","R","?","M","R","BOSS","M","$","?","M","M","E","R","E","T","R","M","$","R","M","R","BOSS"],"build_version":"2019-06-02","purchased_purges":2,"victory":false,"max_hp_per_floor":[96,96,96,96,89,89,89,89,89,89,89,89,94,94,94,94,94,94,94,94,94,94,94,94,94,94,94,94,94,94,94,94,94,94,94,94,94,94,94,94,94,94,94,94,94,94,94,94,94,99],"card_choices":[{"not_picked":["Anger","Pommel Strike"],"picked":"Thunderclap","floor":1},{"not_picked":["Uppercut","Body Slam"],"picked":"Cleave","floor":3},{"not_picked":["Seeing Red","Havoc"],"picked":"Shrug It Off","floor":4},{"not_picked":["Bloodletting","Flex"],"picked":"Shockwave","floor":7},{"not_picked":["Iron Wave","Wild Strike"],"picked":"True Grit","floor":13},{"not_picked":["Second Wind","Uppercut"],"picked":"Limit Break","floor":14},{"not_picked":["Limit Break+1","Barricade"],"picked":"Impervious+1","floor":16},{"not_picked":["Cleave","Thunderclap","Power Through+1"],"picked":"SKIP","floor":18},{"not_picked":["Headbutt","Havoc+1"],"picked":"Shrug It Off+1","floor":21},{"not_picked":["Armaments+1","Clash+1"],"picked":"Inflame","floor":25},{"not_picked":["Twin Strike+1","Perfected Strike+1","Body Slam+1"],"picked":"SKIP","floor":28},{"not_picked":["Wild Strike","Immolate"],"picked":"Heavy Blade+1","floor":31},{"not_picked":["Bludgeon","Limit Break+1"],"picked":"Immolate","floor":33},{"not_picked":["Searing Blow","Shrug It Off+1"],"picked":"True Grit+1","floor":35},{"not_picked":["Dual Wield+1","Fire Breathing","Thunderclap"],"picked":"SKIP","floor":38},{"not_picked":["Heavy Blade","Anger+1","Sword Boomerang"],"picked":"SKIP","floor":39},{"not_picked":["Barricade","Pommel Strike+1"],"picked":"Inflame","floor":40},{"not_picked":["Perfected Strike","Infernal Blade+1"],"picked":"Flame Barrier+1","floor":42},{"not_picked":["True Grit+1","Body Slam","Wild Strike+1"],"picked":"SKIP","floor":45},{"not_picked":["Rampage","Spot Weakness+1"],"picked":"Flex+1","floor":48}],"player_experience":357283,"relics_obtained":[{"floor":7,"key":"Pantograph"},{"floor":9,"key":"Self Forming Clay"},{"floor":14,"key":"Toxic Egg 2"},{"floor":26,"key":"Gambling Chip"},{"floor":40,"key":"Centennial Puzzle"},{"floor":42,"key":"Bottled Lightning"},{"floor":43,"key":"Whetstone"}],"event_choices":[{"damage_healed":0,"gold_gain":0,"player_choice":"Lose Max HP","damage_taken":0,"relics_obtained":["Golden Idol"],"max_hp_gain":0,"max_hp_loss":7,"event_name":"Golden Idol","floor":5,"gold_loss":0},{"damage_healed":0,"gold_gain":0,"player_choice":"Entered Light","damage_taken":18,"max_hp_gain":0,"max_hp_loss":0,"event_name":"Shining Light","floor":11,"gold_loss":0,"cards_upgraded":["Defend_R","Thunderclap"]},{"cards_removed":["Strike_R"],"damage_healed":0,"gold_gain":0,"player_choice":"Card Removal","damage_taken":7,"max_hp_gain":0,"max_hp_loss":0,"event_name":"Golden Wing","floor":12,"gold_loss":0},{"damage_healed":0,"gold_gain":0,"player_choice":"Ignored","damage_taken":0,"max_hp_gain":0,"max_hp_loss":0,"event_name":"The Mausoleum","floor":19,"gold_loss":0},{"damage_healed":0,"gold_gain":0,"player_choice":"Ignored","damage_taken":0,"max_hp_gain":0,"max_hp_loss":0,"event_name":"Ghosts","floor":24,"gold_loss":0},{"damage_healed":0,"gold_gain":0,"player_choice":"Gave Idol","damage_taken":0,"relics_obtained":["Bloody Idol"],"max_hp_gain":0,"max_hp_loss":0,"event_name":"Forgotten Altar","floor":30,"relics_lost":["Golden Idol"],"gold_loss":0},{"damage_healed":0,"gold_gain":0,"player_choice":"Gave Potion","damage_taken":0,"relics_obtained":["PreservedInsect"],"max_hp_gain":0,"max_hp_loss":0,"event_name":"WeMeetAgain","floor":37,"gold_loss":0}],"is_beta":true,"boss_relics":[{"not_picked":["Snecko Eye","White Beast Statue"],"picked":"Velvet Choker"},{"not_picked":["Mark of Pain","Runic Pyramid"],"picked":"Black Blood"}],"items_purged_floors":[20,46],"is_endless":false,"potions_floor_spawned":[7,13,14,21,25,28,33,42,45,48],"killed_by":"Donu and Deca","ascension_level":6}