{"gold_per_floor":[112,123,138,138,48,76,76,90,142,142],"floor_reached":10,"playtime":536,"items_purged":[],"score":133,"play_id":"60994181-4c30-49d8-b7e3-e6159d54f264","local_time":"20190607130729","is_ascension_mode":true,"campfire_choices":[{"floor":7,"key":"REST"}],"neow_cost":"NONE","seed_source_timestamp":1366391727845425,"circlet_count":0,"master_deck":["AscendersBane","Limit Break","Clothesline","Shockwave","Uppercut","Disarm","Impervious","Spot Weakness","Clothesline","Shockwave","Headbutt","Thunderclap","Jack Of All Trades","Battle Trance","Flame Barrier"],"relics":["Pandora\u0027s Box","Singing Bowl","Lantern"],"potions_floor_usage":[6,10],"damage_taken":[{"damage":6,"enemies":"Small Slimes","floor":1,"turns":5},{"damage":3,"enemies":"Cultist","floor":2,"turns":3},{"damage":16,"enemies":"Jaw Worm","floor":3,"turns":4},{"damage":35,"enemies":"3 Sentries","floor":6,"turns":7},{"damage":9,"enemies":"Looter","floor":8,"turns":3},{"damage":34,"enemies":"Gremlin Nob","floor":10,"turns":5}],"seed_played":"-4542860224628849209","potions_obtained":[{"floor":1,"key":"PowerPotion"},{"floor":6,"key":"Weak Potion"}],"is_trial":false,"path_per_floor":["M","M","M","?","$","E","R","M","T","E"],"character_chosen":"IRONCLAD","items_purchased":["Jack Of All Trades"],"campfire_rested":1,"item_purchase_floors":[5],"current_hp_per_floor":[62,59,43,43,43,8,30,21,21,0],"gold":142,"neow_bonus":"BOSS_RELIC","is_prod":false,"is_daily":false,"chose_seed":false,"campfire_upgraded":0,"win_rate":0,"timestamp":1559938049,"path_taken":["M","M","M","?","$","E","R","M","T","E"],"build_version":"2019-01-23","purchased_purges":0,"victory":false,"max_hp_per_floor":[75,75,75,75,75,75,75,75,75,75],"card_choices":[{"not_picked":["Heavy Blade","Warcry"],"picked":"Headbutt","floor":1},{"not_picked":["Entrench","Havoc","Body Slam"],"picked":"SKIP","floor":2},{"not_picked":["Entrench","Flex"],"picked":"Thunderclap","floor":3},{"not_picked":["Body Slam","Wild Strike"],"picked":"Battle Trance","floor":6},{"not_picked":["Clash","Immolate"],"picked":"Flame Barrier","floor":8}],"player_experience":828821,"relics_obtained":[{"floor":6,"key":"Singing Bowl"},{"floor":9,"key":"Lantern"}],"event_choices":[{"cards_removed":["Bash"],"damage_healed":0,"gold_gain":0,"player_choice":"Offered Basic","damage_taken":0,"max_hp_gain":0,"max_hp_loss":0,"event_name":"Bonfire Elementals","floor":4,"gold_loss":0}],"is_beta":false,"boss_relics":[],"items_purged_floors":[],"is_endless":false,"potions_floor_spawned":[1,6],"killed_by":"Gremlin Nob","ascension_level":19}