{"gold_per_floor":[117,127,147,167,117,127,127,157,183,203,203,214,214,228,228,330,330,346,346,346],"floor_reached":20,"playtime":1050,"items_purged":[],"score":178,"play_id":"7b8a6853-0a5c-4f17-bda1-3838020ead7b","local_time":"20190603131206","is_ascension_mode":false,"campfire_choices":[{"floor":13,"key":"RECALL"},{"floor":15,"key":"REST"}],"neow_cost":"NONE","seed_source_timestamp":11770467100406,"circlet_count":0,"master_deck":["Bash","Cleave","Cleave","Thunderclap","Perfected Strike","Intimidate","Havoc","Anger","Cleave","Twin Strike","Anger","Barricade","Corruption","Fire Breathing","Sever Soul","Limit Break","Bloodletting","Impervious","Warcry","Shrug It Off"],"relics":["Burning Blood","Whetstone","Bottled Lightning","Pandora\u0027s Box"],"potions_floor_usage":[],"damage_taken":[{"damage":1,"enemies":"Cultist","floor":1,"turns":3},{"damage":8,"enemies":"Jaw Worm","floor":2,"turns":4},{"damage":3,"enemies":"2 Louse","floor":3,"turns":2},{"damage":13,"enemies":"Exordium Wildlife","floor":4,"turns":3},{"damage":10,"enemies":"Looter","floor":6,"turns":3},{"damage":28,"enemies":"Gremlin Nob","floor":8,"turns":4},{"damage":0,"enemies":"Gremlin Gang","floor":10,"turns":2},{"damage":10,"enemies":"3 Louse","floor":12,"turns":2},{"damage":13,"enemies":"Large Slime","floor":14,"turns":4},{"damage":47,"enemies":"Slime Boss","floor":16,"turns":7},{"damage":34,"enemies":"2 Thieves","floor":18,"turns":5},{"damage":6,"enemies":"Chosen","floor":20,"turns":2}],"seed_played":"8979320058452156737","potions_obtained":[{"floor":4,"key":"SpeedPotion"},{"floor":6,"key":"BloodPotion"},{"floor":12,"key":"PowerPotion"},{"floor":14,"key":"BloodPotion"}],"is_trial":false,"path_per_floor":["M","M","M","M","?","M","?","E","T","M","?","M","R","M","R","B",null,"M","?","M"],"character_chosen":"IRONCLAD","items_purchased":[],"campfire_rested":1,"item_purchase_floors":[],"current_hp_per_floor":[80,78,80,73,73,69,69,47,47,53,53,49,49,42,66,25,80,52,37,31],"gold":346,"neow_bonus":"RANDOM_COMMON_RELIC","is_prod":false,"is_daily":false,"chose_seed":false,"campfire_upgraded":0,"win_rate":0,"timestamp":1559581926,"path_taken":["M","M","M","M","?","M","?","E","T","M","?","M","R","M","R","BOSS","M","?","M"],"build_version":"2019-01-23","purchased_purges":0,"victory":false,"max_hp_per_floor":[80,80,80,80,80,80,80,80,80,80,80,80,80,80,80,80,80,80,85,85],"card_choices":[{"not_picked":["Headbutt","Thunderclap"],"picked":"Cleave","floor":1},{"not_picked":["True Grit","Uppercut"],"picked":"Cleave","floor":2},{"not_picked":["Flex","Clothesline"],"picked":"Thunderclap","floor":3},{"not_picked":["Cleave","Fire Breathing"],"picked":"Perfected Strike","floor":4},{"not_picked":["Uppercut","Thunderclap"],"picked":"Intimidate","floor":6},{"not_picked":["True Grit","Offering"],"picked":"Havoc","floor":8},{"not_picked":["Flex","Rampage"],"picked":"Anger","floor":10},{"not_picked":["Searing Blow","Sword Boomerang"],"picked":"Twin Strike","floor":12},{"not_picked":["Second Wind","Body Slam"],"picked":"Anger","floor":14},{"not_picked":["Dark Embrace","Fiend Fire"],"picked":"Barricade","floor":16},{"not_picked":["Armaments","Blood for Blood"],"picked":"Shrug It Off","floor":18}],"player_experience":57669,"relics_obtained":[{"floor":8,"key":"Bottled Lightning"}],"event_choices":[{"cards_removed":["Defend_R"],"damage_healed":0,"gold_gain":0,"player_choice":"Card Removal","damage_taken":0,"max_hp_gain":0,"max_hp_loss":0,"event_name":"The Cleric","floor":5,"gold_loss":50},{"damage_healed":0,"gold_gain":0,"player_choice":"Ignored","damage_taken":0,"max_hp_gain":0,"max_hp_loss":0,"event_name":"Liars Game","floor":7,"gold_loss":0},{"damage_healed":0,"gold_gain":0,"cards_transformed":["Defend_R"],"player_choice":"Change","damage_taken":0,"max_hp_gain":0,"max_hp_loss":0,"event_name":"Living Wall","floor":11,"gold_loss":0,"cards_obtained":["Cleave"]},{"damage_healed":0,"gold_gain":0,"player_choice":"Shed Blood","damage_taken":20,"max_hp_gain":5,"max_hp_loss":0,"event_name":"Forgotten Altar","floor":19,"gold_loss":0}],"is_beta":false,"boss_relics":[{"not_picked":["Ectoplasm","Mark of Pain"],"picked":"Pandora\u0027s Box"}],"items_purged_floors":[],"is_endless":false,"potions_floor_spawned":[4,6,12,14],"killed_by":"Chosen","ascension_level":0}