{"gold_per_floor":[109,109,59,13,24,59,59,88,88,99,125,125,50,50,50,148,148,162,182,34,34,34,34],"floor_reached":23,"playtime":867,"items_purged":["Strike_R","Strike_R"],"score":288,"play_id":"115e2b88-e961-4b4f-8f92-83209704c2e9","local_time":"20190524210934","is_ascension_mode":true,"campfire_choices":[{"data":"Armaments","floor":7.0,"key":"SMITH"},{"floor":12.0,"key":"REST"},{"data":"Entrench","floor":15.0,"key":"SMITH"}],"neow_cost":"NONE","seed_source_timestamp":533723468322432,"circlet_count":0,"master_deck":["Strike_R+1","Strike_R","Defend_R","Defend_R+1","Defend_R","Defend_R","Bash","Hemokinesis+1","Body Slam+1","Armaments+1","Pommel Strike","Entrench+1","Thunderclap","Barricade","Shockwave"],"special_seed":0,"relics":["Burning Blood","NeowsBlessing","Nunchaku","Vajra","Question Card","Bag of Marbles","Whetstone","Runic Cube"],"potions_floor_usage":[23],"damage_taken":[{"damage":0.0,"enemies":"Cultist","floor":1.0,"turns":1.0},{"damage":0.0,"enemies":"2 Louse","floor":5.0,"turns":1.0},{"damage":0.0,"enemies":"Lagavulin","floor":6.0,"turns":1.0},{"damage":38.0,"enemies":"Gremlin Nob","floor":8.0,"turns":5.0},{"damage":3.0,"enemies":"Jaw Worm","floor":10.0,"turns":2.0},{"damage":33.0,"enemies":"Lagavulin","floor":11.0,"turns":5.0},{"damage":25.0,"enemies":"The Guardian","floor":16.0,"turns":10.0},{"damage":31.0,"enemies":"Spheric Guardian","floor":18.0,"turns":6.0},{"damage":14.0,"enemies":"2 Thieves","floor":19.0,"turns":4.0},{"damage":49,"enemies":"Gremlin Leader","floor":23,"turns":9}],"seed_played":"-4429469271997142150","potions_obtained":[{"floor":5.0,"key":"Block Potion"},{"floor":8.0,"key":"Swift Potion"},{"floor":10.0,"key":"Strength Potion"},{"floor":18.0,"key":"EssenceOfSteel"}],"is_trial":false,"path_per_floor":["M","?","?","$","M","E","R","E","T","M","E","R","$","T","R","B",null,"M","M","$","?","$","E"],"character_chosen":"IRONCLAD","items_purchased":["Body Slam","Block Potion"],"campfire_rested":1,"item_purchase_floors":[4,20],"current_hp_per_floor":[80,64,64,64,70,76,76,44,44,47,20,44,44,44,44,25,66,41,33,33,33,33,0],"gold":34,"neow_bonus":"THREE_ENEMY_KILL","is_prod":false,"is_daily":false,"chose_seed":false,"campfire_upgraded":2,"win_rate":0,"timestamp":1558724974,"path_taken":["M","?","?","$","M","E","R","E","T","M","E","R","$","?","R","BOSS","M","M","$","?","$","E"],"build_version":"2019-05-24","purchased_purges":2,"victory":false,"max_hp_per_floor":[80,80,80,80,80,80,80,80,80,80,80,80,80,80,80,80,80,80,80,80,80,80,80],"card_choices":[{"not_picked":["Headbutt","Havoc"],"picked":"Hemokinesis","floor":1.0},{"not_picked":["Havoc","Cleave"],"picked":"Armaments","floor":5.0},{"not_picked":["Combust","Perfected Strike","Heavy Blade"],"picked":"SKIP","floor":6.0},{"not_picked":["Combust","True Grit"],"picked":"Pommel Strike","floor":8.0},{"not_picked":["Offering","Infernal Blade","Reckless Charge"],"picked":"Entrench","floor":10.0},{"not_picked":["Sword Boomerang","Cleave","Twin Strike"],"picked":"Thunderclap","floor":11.0},{"not_picked":["Fiend Fire","Immolate","Reaper"],"picked":"Barricade","floor":16.0},{"not_picked":["Shrug It Off","Infernal Blade","Ghostly Armor"],"picked":"Shockwave","floor":18.0},{"not_picked":["Armaments","True Grit+1","Headbutt","Blood for Blood+1"],"picked":"SKIP","floor":19.0}],"player_experience":346846,"relics_obtained":[{"floor":6.0,"key":"Nunchaku"},{"floor":8.0,"key":"Vajra"},{"floor":9.0,"key":"Question Card"},{"floor":11.0,"key":"Bag of Marbles"},{"floor":14.0,"key":"Whetstone"}],"event_choices":[{"damage_healed":0.0,"max_hp_gain":0.0,"max_hp_loss":0.0,"gold_gain":0.0,"event_name":"Shining Light","player_choice":"Entered Light","floor":2.0,"gold_loss":0.0,"damage_taken":16.0,"cards_upgraded":["Strike_R","Defend_R"]},{"cards_removed":["Strike_R"],"damage_healed":0.0,"max_hp_gain":0.0,"max_hp_loss":0.0,"gold_gain":0.0,"event_name":"The Cleric","player_choice":"Card Removal","floor":3.0,"gold_loss":50.0,"damage_taken":0.0},{"damage_healed":0.0,"max_hp_gain":0.0,"max_hp_loss":0.0,"gold_gain":0.0,"event_name":"Beggar","player_choice":"Ignored","floor":21.0,"gold_loss":0.0,"damage_taken":0.0}],"is_beta":true,"boss_relics":[{"not_picked":["Pandora\u0027s Box","Eternal Feather"],"picked":"Runic Cube"}],"items_purged_floors":[13,20],"is_endless":false,"potions_floor_spawned":[5,8,10,18],"killed_by":"Gremlin Leader","ascension_level":5}