{"gold_per_floor":[115,115,80,106,106,106,134,148,201,201,227,49,67,80,80,157,157,157,157,157,157,107,107,107,107,107,107,107,107,107,107,107,107,107,107,107,0,0,0,0,0,0,0,0,0,0,0,0,0,0],"floor_reached":51,"playtime":2773,"items_purged":[],"score":1422,"play_id":"2c806378-e0b4-435c-8f0b-cefff9f316a3","local_time":"20190522003452","is_ascension_mode":true,"campfire_choices":[{"data":"Bash","floor":6.0,"key":"SMITH"},{"data":"Flame Barrier","floor":10.0,"key":"SMITH"},{"data":"Apotheosis","floor":15.0,"key":"SMITH"},{"floor":23.0,"key":"REST"},{"data":"Demon Form","floor":25.0,"key":"SMITH"},{"floor":32.0,"key":"REST"},{"floor":41.0,"key":"REST"},{"floor":44,"key":"REST"},{"floor":49,"key":"REST"}],"neow_cost":"NONE","seed_source_timestamp":216876614882500,"circlet_count":0,"master_deck":["AscendersBane","Strike_R","Strike_R+1","Strike_R","Strike_R","Defend_R","Defend_R","Defend_R","Defend_R","Bash+1","Iron Wave+1","Flame Barrier+1","Headbutt","Apotheosis+1","Ghostly Armor","Body Slam","Demon Form+1","Pummel","Necronomicurse","Clothesline","Anger+1","Anger+1","Rage","Clothesline+1","Disarm+1","Headbutt+1"],"special_seed":0,"relics":["Burning Blood","Orichalcum","Ginger","Art of War","Matryoshka","Bronze Scales","Ancient Tea Set","PreservedInsect","Ectoplasm","Necronomicon","Gremlin Horn","Blue Candle","Pen Nib","Champion Belt","Sozu","Red Mask","Mummified Hand","Blood Vial","Red Skull","Question Card"],"potions_floor_usage":[50,50],"damage_taken":[{"damage":8.0,"enemies":"Jaw Worm","floor":1.0,"turns":5.0},{"damage":20.0,"enemies":"Gremlin Nob","floor":7.0,"turns":4.0},{"damage":0.0,"enemies":"Small Slimes","floor":8.0,"turns":4.0},{"damage":12.0,"enemies":"3 Sentries","floor":11.0,"turns":10.0},{"damage":0.0,"enemies":"2 Louse","floor":13.0,"turns":2.0},{"damage":0.0,"enemies":"Blue Slaver","floor":14.0,"turns":4.0},{"damage":36.0,"enemies":"Slime Boss","floor":16.0,"turns":13.0},{"damage":10.0,"enemies":"Spheric Guardian","floor":18.0,"turns":5.0},{"damage":15.0,"enemies":"Shell Parasite","floor":20.0,"turns":3.0},{"damage":12.0,"enemies":"Centurion and Healer","floor":21.0,"turns":6.0},{"damage":9.0,"enemies":"Book of Stabbing","floor":24.0,"turns":4.0},{"damage":0.0,"enemies":"Snake Plant","floor":27.0,"turns":2.0},{"damage":2.0,"enemies":"Gremlin Leader","floor":28.0,"turns":4.0},{"damage":0.0,"enemies":"Cultist and Chosen","floor":29.0,"turns":4.0},{"damage":17.0,"enemies":"Centurion and Healer","floor":30.0,"turns":3.0},{"damage":0.0,"enemies":"3 Cultists","floor":31.0,"turns":4.0},{"damage":65.0,"enemies":"Automaton","floor":33.0,"turns":10.0},{"damage":0.0,"enemies":"Orb Walker","floor":35.0,"turns":3.0},{"damage":31.0,"enemies":"3 Darklings","floor":36.0,"turns":4.0},{"damage":5.0,"enemies":"4 Shapes","floor":38.0,"turns":7.0},{"damage":17.0,"enemies":"Reptomancer","floor":40.0,"turns":6.0},{"damage":32,"enemies":"Giant Head","floor":42,"turns":6},{"damage":35,"enemies":"Reptomancer","floor":45,"turns":6},{"damage":16,"enemies":"Maw","floor":48,"turns":4},{"damage":28,"enemies":"Time Eater","floor":50,"turns":8}],"seed_played":"6560727975021835434","potions_obtained":[{"floor":1.0,"key":"Poison Potion"},{"floor":7.0,"key":"EssenceOfSteel"},{"floor":8.0,"key":"BloodPotion"},{"floor":18.0,"key":"AttackPotion"},{"floor":20.0,"key":"Block Potion"},{"floor":21.0,"key":"SteroidPotion"},{"floor":24.0,"key":"Poison Potion"},{"floor":28.0,"key":"Dexterity Potion"}],"is_trial":false,"path_per_floor":["M","?","?","T","?","R","E","M","T","R","E","$","M","M","R","B",null,"M","?","M","M","?","R","E","R","T","M","E","M","M","M","R","B",null,"M","M","?","M","?","E","R","E","T","R","E","$","?","M","R","B",null],"character_chosen":"IRONCLAD","items_purchased":["Apotheosis"],"campfire_rested":5,"item_purchase_floors":[12],"current_hp_per_floor":[66,40,58,58,51,51,37,43,43,43,44,44,50,56,56,26,63,59,38,29,23,23,45,42,42,42,48,52,58,47,53,75,16,60,66,41,41,42,42,31,53,27,27,49,22,22,22,14,35,15],"gold":0,"neow_bonus":"RANDOM_COMMON_RELIC","is_prod":false,"is_daily":false,"chose_seed":false,"campfire_upgraded":4,"win_rate":0,"timestamp":1558510492,"path_taken":["M","?","?","?","?","R","E","M","T","R","E","$","M","M","R","BOSS","M","?","M","M","?","R","E","R","T","?","E","M","M","M","R","BOSS","M","M","?","M","?","E","R","E","T","R","E","?","?","M","R","BOSS"],"build_version":"2019-01-23","purchased_purges":0,"victory":true,"max_hp_per_floor":[75,75,75,75,75,75,75,75,75,75,75,75,75,75,75,75,75,75,75,75,75,75,75,75,75,75,75,75,75,75,75,75,75,75,75,75,75,75,75,75,75,75,75,75,75,75,71,71,71,71],"card_choices":[{"not_picked":["Searing Blow","Combust","Perfected Strike"],"picked":"SKIP","floor":1.0},{"not_picked":["Body Slam","Feel No Pain"],"picked":"Iron Wave","floor":7.0},{"not_picked":["Clash","Spot Weakness"],"picked":"Flame Barrier","floor":8.0},{"not_picked":["Infernal Blade","Cleave"],"picked":"Headbutt","floor":11.0},{"not_picked":["Sword Boomerang","Anger"],"picked":"Ghostly Armor","floor":13.0},{"not_picked":["Anger","Battle Trance"],"picked":"Body Slam","floor":14.0},{"not_picked":["Brutality","Juggernaut"],"picked":"Demon Form","floor":16.0},{"not_picked":["Ghostly Armor","Combust"],"picked":"Pummel","floor":18.0},{"not_picked":["Thunderclap+1","Bloodletting","Spot Weakness"],"picked":"SKIP","floor":20.0},{"not_picked":["Anger","Flex"],"picked":"Clothesline","floor":21.0},{"not_picked":["Headbutt","Heavy Blade"],"picked":"Anger+1","floor":24.0},{"not_picked":["Seeing Red","Armaments","Flame Barrier"],"picked":"SKIP","floor":27.0},{"not_picked":["Exhume","Second Wind"],"picked":"Anger+1","floor":28.0},{"not_picked":["Entrench+1","Cleave","Heavy Blade"],"picked":"SKIP","floor":29.0},{"not_picked":["Headbutt","Spot Weakness"],"picked":"Rage","floor":30.0},{"not_picked":["Anger","Havoc","Blood for Blood"],"picked":"SKIP","floor":31.0},{"not_picked":["Brutality","Demon Form"],"picked":"Limit Break","floor":33.0},{"not_picked":["Burning Pact","Hemokinesis","Twin Strike"],"picked":"SKIP","floor":35.0},{"not_picked":["Spot Weakness","Anger","Sever Soul"],"picked":"SKIP","floor":36.0},{"not_picked":["Body Slam","Anger"],"picked":"Clothesline+1","floor":38.0},{"not_picked":["Clash","Entrench"],"picked":"Disarm+1","floor":40.0},{"not_picked":["Cleave","Twin Strike"],"picked":"Headbutt+1","floor":42},{"not_picked":["Rage","Sever Soul","Rampage"],"picked":"SKIP","floor":45},{"not_picked":["Burning Pact","Berserk","Clothesline","Perfected Strike"],"picked":"SKIP","floor":48}],"player_experience":778111,"relics_obtained":[{"floor":4.0,"key":"Art of War"},{"floor":7.0,"key":"Matryoshka"},{"floor":9.0,"key":"Bronze Scales"},{"floor":9.0,"key":"Ancient Tea Set"},{"floor":11.0,"key":"PreservedInsect"},{"floor":19.0,"key":"Necronomicon"},{"floor":24.0,"key":"Gremlin Horn"},{"floor":26.0,"key":"Blue Candle"},{"floor":26.0,"key":"Pen Nib"},{"floor":28.0,"key":"Champion Belt"},{"floor":40.0,"key":"Mummified Hand"},{"floor":42,"key":"Blood Vial"},{"floor":43,"key":"Red Skull"},{"floor":45,"key":"Question Card"}],"event_choices":[{"damage_healed":0.0,"max_hp_gain":0.0,"max_hp_loss":0.0,"gold_gain":0.0,"event_name":"Scrap Ooze","player_choice":"Success","floor":2.0,"gold_loss":0.0,"damage_taken":26.0,"relics_obtained":["Ginger"]},{"damage_healed":18.0,"max_hp_gain":0.0,"max_hp_loss":0.0,"gold_gain":0.0,"event_name":"The Cleric","player_choice":"Healed","floor":3.0,"gold_loss":35.0,"damage_taken":0.0},{"cards_removed":["Strike_R"],"damage_healed":0.0,"max_hp_gain":0.0,"max_hp_loss":0.0,"gold_gain":0.0,"event_name":"Golden Wing","player_choice":"Card Removal","floor":5.0,"gold_loss":0.0,"damage_taken":7.0},{"damage_healed":0.0,"max_hp_gain":0.0,"max_hp_loss":0.0,"gold_gain":0.0,"event_name":"Cursed Tome","player_choice":"Obtained Book","floor":19.0,"gold_loss":0.0,"damage_taken":21.0},{"damage_healed":0.0,"max_hp_gain":0.0,"max_hp_loss":0.0,"gold_gain":0.0,"event_name":"Designer","player_choice":"Upgraded Two","floor":22.0,"gold_loss":50.0,"damage_taken":0.0,"cards_upgraded":["Iron Wave","Strike_R"]},{"damage_healed":0.0,"max_hp_gain":0.0,"max_hp_loss":0.0,"gold_gain":0.0,"event_name":"Tomb of Lord Red Mask","player_choice":"Paid","floor":37.0,"gold_loss":107.0,"damage_taken":0.0,"relics_obtained":["Red Mask"]},{"cards_removed":["Limit Break"],"damage_healed":0.0,"max_hp_gain":0.0,"max_hp_loss":0.0,"gold_gain":0.0,"event_name":"Falling","player_choice":"Removed Skill","floor":39.0,"gold_loss":0.0,"damage_taken":0.0},{"damage_healed":0,"gold_gain":0,"player_choice":"Max HP","damage_taken":0,"max_hp_gain":0,"max_hp_loss":4,"event_name":"Winding Halls","floor":47,"gold_loss":0}],"is_beta":false,"boss_relics":[{"not_picked":["Mark of Pain","Pandora\u0027s Box"],"picked":"Ectoplasm"},{"not_picked":["Runic Dome","White Beast Statue"],"picked":"Sozu"}],"items_purged_floors":[],"is_endless":false,"potions_floor_spawned":[1,7,8,18,20,21,24,28,35,38,45],"ascension_level":18}