{"gold_per_floor":[110,110,185,205,11,11,45,64,87,100,100,133,150,180,180,277,277,290,290,290,250,268,302,302,51,51,51,81,94,112,143,143,243,243,256,256,1,15,0,0,0,15,15,15,34,34,114,114,114,114,114,114,76,76],"floor_reached":54,"playtime":1875,"items_purged":["Spot Weakness"],"score":862,"play_id":"5aeeebaa-17b5-4ba9-b8c2-ca464c1500f5","local_time":"20181116191006","is_ascension_mode":true,"campfire_choices":[{"floor":6.0,"key":"RECALL"},{"floor":15.0,"key":"REST"},{"data":"Offering","floor":24.0,"key":"SMITH"},{"floor":27.0,"key":"REST"},{"floor":32.0,"key":"REST"},{"data":"Double Tap","floor":40,"key":"SMITH"},{"floor":49,"key":"REST"},{"data":"Searing Blow+2","floor":52,"key":"SMITH"}],"neow_cost":"NONE","seed_source_timestamp":1042023781842683,"circlet_count":0,"master_deck":["Bash+1","Ghostly Armor+1","Dropkick+1","Clothesline+1","Fiend Fire+1","Clash+1","Offering+1","Searing Blow+3","Sword Boomerang+1","Armaments+1","Cleave+1","Sword Boomerang+1","Fiend Fire+1","Pummel+1","Impervious+1","Shrug It Off+1","Headbutt+1","Double Tap+1","Twin Strike+1","Shrug It Off+1","Perfected Strike+1","Clash+1","Perfected Strike+1","Bloodletting+1","Havoc+1","Shrug It Off+1","Flash of Steel+1","Transmutation+1","Whirlwind+1","Perfected Strike+1","Flame Barrier"],"special_seed":0,"relics":["Burning Blood","NeowsBlessing","Brimstone","Lantern","Ornamental Fan","Sundial","Astrolabe","Red Skull","Bronze Scales","Bottled Lightning","Singing Bowl","Ginger","Pandora\u0027s Box","Strange Spoon","Red Mask","Mark of the Bloom","Molten Egg 2","Pantograph"],"potions_floor_usage":[42,50,50],"damage_taken":[{"damage":0.0,"enemies":"Jaw Worm","floor":1.0,"turns":1.0},{"damage":0.0,"enemies":"Small Slimes","floor":4.0,"turns":1.0},{"damage":0.0,"enemies":"Lagavulin","floor":7.0,"turns":1.0},{"damage":0.0,"enemies":"Cultist","floor":8.0,"turns":2.0},{"damage":16.0,"enemies":"Exordium Thugs","floor":10.0,"turns":4.0},{"damage":27.0,"enemies":"3 Sentries","floor":12.0,"turns":5.0},{"damage":10.0,"enemies":"Exordium Wildlife","floor":13.0,"turns":4.0},{"damage":0.0,"enemies":"Gremlin Nob","floor":14.0,"turns":2.0},{"damage":41.0,"enemies":"The Guardian","floor":16.0,"turns":9.0},{"damage":26.0,"enemies":"2 Thieves","floor":18.0,"turns":3.0},{"damage":7.0,"enemies":"Shell Parasite","floor":22.0,"turns":3.0},{"damage":6.0,"enemies":"Gremlin Leader","floor":23.0,"turns":4.0},{"damage":20.0,"enemies":"Book of Stabbing","floor":28.0,"turns":3.0},{"damage":0.0,"enemies":"Snecko","floor":29.0,"turns":2.0},{"damage":6.0,"enemies":"Centurion and Healer","floor":30.0,"turns":3.0},{"damage":14.0,"enemies":"Slavers","floor":31.0,"turns":3.0},{"damage":82,"enemies":"Champ","floor":33,"turns":9},{"damage":6,"enemies":"Orb Walker","floor":35,"turns":2},{"damage":23,"enemies":"3 Shapes","floor":38,"turns":7},{"damage":3,"enemies":"3 Darklings","floor":42,"turns":2},{"damage":26,"enemies":"Spire Growth","floor":45,"turns":3},{"damage":38,"enemies":"Awakened One","floor":50,"turns":7},{"damage":6,"enemies":"Shield and Spear","floor":54,"turns":1}],"seed_played":"-800482762065214105","potions_obtained":[{"floor":1.0,"key":"Weak Potion"},{"floor":12.0,"key":"GamblersBrew"},{"floor":13.0,"key":"Fire Potion"},{"floor":14.0,"key":"LiquidBronze"},{"floor":16.0,"key":"GamblersBrew"},{"floor":21.0,"key":"AttackPotion"},{"floor":21.0,"key":"Dexterity Potion"},{"floor":21.0,"key":"LiquidBronze"},{"floor":23.0,"key":"LiquidBronze"},{"floor":29.0,"key":"Energy Potion"},{"floor":30.0,"key":"EssenceOfSteel"},{"floor":42,"key":"LiquidBronze"}],"is_trial":false,"path_per_floor":["M","?","?","M","$","R","E","M","T","M","?","E","M","E","R","B",null,"M","?","?","?","M","E","R","$","T","R","E","M","M","E","R","B",null,"M","?","$","M","?","R","?","M","T","?","M","$","T","?","R","B",null,"R","$","E"],"character_chosen":"IRONCLAD","items_purchased":["Brimstone","Pummel","Impervious","Strange Spoon","Energy Potion","Flame Barrier"],"campfire_rested":4,"item_purchase_floors":[5,25,25,37,37,53],"current_hp_per_floor":[80,64,53,59,59,59,65,71,71,61,61,40,36,42,66,31,80,60,60,45,45,44,44,44,44,44,69,55,63,63,57,83,7,89,89,84,84,69,69,69,69,66,66,66,40,40,40,40,40,2,2,2,2,0],"gold":76,"neow_bonus":"THREE_ENEMY_KILL","is_prod":false,"is_daily":false,"chose_seed":false,"campfire_upgraded":3,"win_rate":0,"timestamp":1542391806,"path_taken":["M","?","?","M","$","R","E","M","T","M","?","E","M","E","R","BOSS","M","?","?","?","?","E","R","$","T","R","E","M","M","E","R","BOSS","M","?","$","M","?","R","?","M","T","?","?","?","?","?","R","BOSS","R","$","E"],"build_version":"2018-11-15","purchased_purges":1,"victory":false,"max_hp_per_floor":[80,80,80,80,80,80,80,80,80,80,80,80,80,80,80,80,80,80,80,85,85,85,85,85,85,85,85,85,87,87,89,89,89,89,89,89,89,91,91,91,91,91,91,91,91,91,91,91,91,91,91,91,91,91],"card_choices":[{"not_picked":["Fire Breathing","Reckless Charge"],"picked":"Ghostly Armor","floor":1.0},{"not_picked":["Intimidate","Rampage"],"picked":"Flex","floor":4.0},{"not_picked":["Flex","Reckless Charge"],"picked":"Dropkick","floor":7.0},{"not_picked":["Ghostly Armor","Havoc"],"picked":"Clothesline","floor":8.0},{"not_picked":["Warcry","Rage","Clothesline"],"picked":"SKIP","floor":10.0},{"not_picked":["Fire Breathing","Clash"],"picked":"Fiend Fire","floor":12.0},{"not_picked":["Clash","Intimidate"],"picked":"Spot Weakness","floor":13.0},{"not_picked":["Sever Soul","Bloodletting"],"picked":"Clash","floor":14.0},{"not_picked":["Feed","Bludgeon"],"picked":"Offering","floor":16.0},{"not_picked":["Flex","Sword Boomerang+1"],"picked":"Cleave","floor":18.0},{"not_picked":["Spot Weakness","Rampage"],"picked":"Sword Boomerang","floor":22.0},{"not_picked":["Pommel Strike","Intimidate"],"picked":"Fiend Fire","floor":23.0},{"not_picked":["Body Slam+1","Sentinel"],"picked":"Shrug It Off+1","floor":28.0},{"not_picked":["Intimidate","Feel No Pain+1","Corruption"],"picked":"Singing Bowl","floor":29.0},{"not_picked":["Shrug It Off","Metallicize"],"picked":"Headbutt+1","floor":30.0},{"not_picked":["Clothesline","Shrug It Off","Wild Strike+1"],"picked":"Singing Bowl","floor":31.0},{"not_picked":["Demon Form","Brutality"],"picked":"Double Tap","floor":33},{"not_picked":["Anger","Flex"],"picked":"Shrug It Off+1","floor":35},{"not_picked":["The Bomb","Mayhem"],"picked":"Flash of Steel","floor":36},{"not_picked":["Sadistic Nature","Deep Breath"],"picked":"Transmutation","floor":36},{"not_picked":["Anger+1","Dropkick","Searing Blow+1"],"picked":"Singing Bowl","floor":38},{"not_picked":["Spot Weakness+1","Anger"],"picked":"Whirlwind","floor":42},{"not_picked":["Cleave+1","Pommel Strike+1"],"picked":"Perfected Strike+1","floor":45}],"player_experience":218971,"relics_obtained":[{"floor":7.0,"key":"Lantern"},{"floor":12.0,"key":"Ornamental Fan"},{"floor":14.0,"key":"Sundial"},{"floor":23.0,"key":"Bronze Scales"},{"floor":26.0,"key":"Bottled Lightning"},{"floor":28.0,"key":"Singing Bowl"},{"floor":31.0,"key":"Ginger"},{"floor":43,"key":"Molten Egg 2"},{"floor":47,"key":"Pantograph"}],"event_choices":[{"damage_healed":0.0,"max_hp_gain":0.0,"max_hp_loss":0.0,"gold_gain":0.0,"event_name":"Shining Light","player_choice":"Entered Light","floor":2.0,"gold_loss":0.0,"damage_taken":16.0,"cards_upgraded":["Bash","Strike_R"]},{"damage_healed":0.0,"max_hp_gain":0.0,"max_hp_loss":0.0,"gold_gain":75.0,"event_name":"World of Goop","player_choice":"Gather Gold","floor":3.0,"gold_loss":0.0,"damage_taken":11.0},{"damage_healed":0.0,"max_hp_gain":0.0,"max_hp_loss":0.0,"gold_gain":0.0,"event_name":"Living Wall","player_choice":"Grow","floor":11.0,"gold_loss":0.0,"damage_taken":0.0,"cards_upgraded":["Ghostly Armor"]},{"damage_healed":0.0,"max_hp_gain":0.0,"max_hp_loss":0.0,"gold_gain":0.0,"event_name":"The Mausoleum","player_choice":"Opened","floor":19.0,"gold_loss":0.0,"damage_taken":0.0,"relics_obtained":["Red Skull"]},{"damage_healed":0.0,"max_hp_gain":5.0,"max_hp_loss":0.0,"gold_gain":0.0,"event_name":"Forgotten Altar","player_choice":"Shed Blood","floor":20.0,"gold_loss":0.0,"damage_taken":20.0},{"damage_healed":0.0,"max_hp_gain":0.0,"max_hp_loss":0.0,"gold_gain":0.0,"event_name":"The Woman in Blue","player_choice":"Bought 3 Potions","floor":21.0,"gold_loss":0.0,"damage_taken":0.0},{"damage_healed":0,"gold_gain":0,"player_choice":"Memory 2","damage_taken":5,"max_hp_gain":0,"max_hp_loss":0,"event_name":"SensoryStone","floor":36,"gold_loss":0},{"damage_healed":0,"gold_gain":0,"player_choice":"Paid","damage_taken":0,"relics_obtained":["Red Mask"],"max_hp_gain":0,"max_hp_loss":0,"event_name":"Tomb of Lord Red Mask","floor":39,"gold_loss":15},{"damage_healed":0,"gold_gain":0,"player_choice":"Upgrade","damage_taken":0,"relics_obtained":["Mark of the Bloom"],"max_hp_gain":0,"max_hp_loss":0,"event_name":"MindBloom","floor":41,"gold_loss":0,"cards_upgraded":["Dropkick","Clothesline","Fiend Fire","Clash","Searing Blow","Cleave","Sword Boomerang","Fiend Fire","Pummel","Impervious","Twin Strike","Shrug It Off","Perfected Strike","Clash","Perfected Strike","Bloodletting","Havoc","Flash of Steel","Transmutation"]},{"damage_healed":0,"gold_gain":0,"player_choice":"Upgraded","damage_taken":0,"max_hp_gain":0,"max_hp_loss":0,"event_name":"Upgrade Shrine","floor":44,"gold_loss":0,"cards_upgraded":["Whirlwind"]},{"damage_healed":0,"gold_gain":0,"player_choice":"Ignored","damage_taken":0,"max_hp_gain":0,"max_hp_loss":0,"event_name":"Mysterious Sphere","floor":48,"gold_loss":0}],"is_beta":true,"boss_relics":[{"not_picked":["Runic Pyramid","Orrery"],"picked":"Astrolabe"},{"not_picked":["Busted Crown","Empty Cage"],"picked":"Pandora\u0027s Box"}],"items_purged_floors":[25],"is_endless":false,"potions_floor_spawned":[1,12,13,14,16,23,29,30,42],"killed_by":"Shield and Spear","ascension_level":2}