{"gold_per_floor":[113,113,113,78,91,91,120,139,139,139,139,149,182,196,196,296,346,357,376,158,257,257,257,257,277,277,277,37,37,37,50,50,145,145,158,207,207,207,0,0,19,19,19,67,83,183,202,221,221,221],"floor_reached":51,"playtime":3736,"items_purged":[],"score":678,"play_id":"3ec0272c-ed71-40cc-9242-1bd1cc3eeac6","local_time":"20190601222437","is_ascension_mode":false,"campfire_choices":[{"data":"Defragment","floor":6,"key":"SMITH"},{"floor":10,"key":"REST"},{"floor":15,"key":"REST"},{"data":"Redo","floor":23,"key":"SMITH"},{"floor":27,"key":"REST"},{"floor":32,"key":"REST"},{"data":"Apotheosis","floor":40,"key":"SMITH"},{"data":"Leap","floor":42,"key":"SMITH"},{"floor":49,"key":"REST"}],"neow_cost":"NONE","seed_source_timestamp":445252979754111,"circlet_count":0,"master_deck":["Strike_B","Strike_B+1","Strike_B+1","Defend_B","Defend_B","Defend_B","Defend_B","Zap","Dualcast","Sweeping Beam","Beam Cell","Defragment+1","Leap+1","Gash","Sweeping Beam","Melter","Self Repair+1","Storm+1","Heatsinks+1","Melter+1","Machine Learning+1","Redo+1","Static Discharge+1","Streamline+1","Loop+1","Writhe","Steam+1","Rip and Tear+1","Apotheosis+1","Defragment+1","Panacea","Genetic Algorithm","Biased Cognition+1","Reinforced Body","Doom and Gloom","Writhe","Defragment+1","Capacitor+1","Rip and Tear+1","Conserve Battery","Leap"],"relics":["Cracked Core","Kunai","Frozen Egg 2","Tiny House","Juzu Bracelet","WingedGreaves","Enchiridion","Calipers","Nloth\u0027s Gift","Sozu","Vajra","Red Mask","Pear","Lantern","Thread and Needle"],"potions_floor_usage":[50,50],"damage_taken":[{"damage":1,"enemies":"2 Louse","floor":1,"turns":3},{"damage":4,"enemies":"Small Slimes","floor":5,"turns":3},{"damage":21,"enemies":"Lagavulin","floor":7,"turns":7},{"damage":0,"enemies":"Cultist","floor":8,"turns":3},{"damage":4,"enemies":"Large Slime","floor":12,"turns":6},{"damage":26,"enemies":"3 Sentries","floor":13,"turns":6},{"damage":6,"enemies":"Exordium Thugs","floor":14,"turns":4},{"damage":51,"enemies":"The Guardian","floor":16,"turns":8},{"damage":25,"enemies":"2 Thieves","floor":18,"turns":4},{"damage":5,"enemies":"Spheric Guardian","floor":19,"turns":3},{"damage":26,"enemies":"Centurion and Healer","floor":25,"turns":3},{"damage":0,"enemies":"Snake Plant","floor":31,"turns":2},{"damage":31,"enemies":"Champ","floor":33,"turns":8},{"damage":21,"enemies":"3 Shapes","floor":35,"turns":2},{"damage":12,"enemies":"3 Darklings","floor":41,"turns":4},{"damage":16,"enemies":"Spire Growth","floor":45,"turns":3},{"damage":9,"enemies":"Mind Bloom Boss Battle","floor":46,"turns":5},{"damage":19,"enemies":"Maw","floor":47,"turns":4},{"damage":10,"enemies":"4 Shapes","floor":48,"turns":3},{"damage":69,"enemies":"Time Eater","floor":50,"turns":9}],"seed_played":"-3112372219512614603","potions_obtained":[{"floor":5,"key":"SkillPotion"},{"floor":13,"key":"FairyPotion"},{"floor":14,"key":"Energy Potion"},{"floor":18,"key":"Regen Potion"}],"is_trial":false,"path_per_floor":["M","$","?","?","M","R","E","M","T","R","?","M","E","M","R","B",null,"M","M","$","?","?","R","?","M","T","R","$","?","?","M","R","B",null,"M","T","?","?","?","R","M","R","T","T","M","?","M","M","R","B",null],"character_chosen":"DEFECT","items_purchased":["Loop+1","Juzu Bracelet","Apotheosis","Defragment+1"],"campfire_rested":5,"item_purchase_floors":[20,20,28,28],"current_hp_per_floor":[74,74,59,75,71,71,50,50,50,72,72,68,52,56,75,24,80,65,70,70,70,70,70,54,28,28,52,52,36,36,46,70,39,80,59,59,59,79,79,79,67,67,77,77,71,72,53,53,80,26],"gold":221,"neow_bonus":"THREE_CARDS","is_prod":false,"is_daily":false,"chose_seed":false,"campfire_upgraded":4,"win_rate":0.0,"timestamp":1559442277,"path_taken":["M","$","?","?","M","R","E","M","T","R","?","M","E","M","R","BOSS","M","M","?","?","?","R","?","M","T","R","$","?","?","M","R","BOSS","M","?","?","?","?","R","M","R","T","?","M","?","M","M","R","BOSS"],"build_version":"2019-01-23","purchased_purges":0,"victory":true,"max_hp_per_floor":[75,75,75,75,75,75,75,75,75,75,75,75,75,75,75,75,80,80,80,80,80,80,80,80,80,80,80,80,80,80,80,80,80,80,80,80,80,80,80,80,80,80,90,90,90,90,90,90,90,90],"card_choices":[{"not_picked":["Double Energy","Chaos"],"picked":"Sweeping Beam","floor":0},{"not_picked":["Barrage","Chaos"],"picked":"Beam Cell","floor":1},{"not_picked":["Redo","Stack"],"picked":"Defragment","floor":5},{"not_picked":["Skim","Conserve Battery"],"picked":"Leap","floor":7},{"not_picked":["Streamline","Compile Driver"],"picked":"Gash","floor":8},{"not_picked":["White Noise","Beam Cell"],"picked":"Self Repair+1","floor":12},{"not_picked":["Steam","Barrage"],"picked":"Storm+1","floor":13},{"not_picked":["Hologram","Cold Snap"],"picked":"Heatsinks+1","floor":14},{"not_picked":["Cold Snap","Darkness"],"picked":"Melter","floor":15},{"not_picked":["Biased Cognition+1","Multi-Cast"],"picked":"Machine Learning+1","floor":16},{"not_picked":["Fusion","Hologram"],"picked":"Redo","floor":17},{"not_picked":["Hologram","Steam"],"picked":"Static Discharge+1","floor":18},{"not_picked":["Sweeping Beam","White Noise"],"picked":"Streamline+1","floor":19},{"not_picked":["Beam Cell","Stack"],"picked":"Steam+1","floor":25},{"not_picked":["Consume","Steam Power+1"],"picked":"Rip and Tear+1","floor":27},{"not_picked":["Sweeping Beam","Fusion+1"],"picked":"Genetic Algorithm","floor":31},{"not_picked":["Buffer+1","Reboot"],"picked":"Biased Cognition+1","floor":33},{"not_picked":["Redo","Loop+1"],"picked":"Reinforced Body","floor":35},{"not_picked":["Darkness+1","Gash"],"picked":"Defragment+1","floor":41},{"not_picked":["Coolheaded+1","Glacier"],"picked":"Capacitor+1","floor":45},{"not_picked":["Reprogram+1","Sweeping Beam+1"],"picked":"Rip and Tear+1","floor":46},{"not_picked":["Go for the Eyes+1","Streamline"],"picked":"Conserve Battery","floor":47},{"not_picked":["Compile Driver+1","Coolheaded+1"],"picked":"Leap","floor":48}],"player_experience":23057,"relics_obtained":[{"floor":7,"key":"Kunai"},{"floor":9,"key":"Frozen Egg 2"},{"floor":13,"key":"Dream Catcher"},{"floor":24,"key":"Enchiridion"},{"floor":26,"key":"Calipers"},{"floor":36,"key":"Vajra"},{"floor":43,"key":"Pear"},{"floor":44,"key":"Lantern"},{"floor":46,"key":"Thread and Needle"}],"event_choices":[{"damage_healed":0,"gold_gain":0,"player_choice":"Entered Light","damage_taken":15,"max_hp_gain":0,"max_hp_loss":0,"event_name":"Shining Light","floor":3,"gold_loss":0,"cards_upgraded":["Strike_B","Strike_B"]},{"damage_healed":18,"gold_gain":0,"player_choice":"Healed","damage_taken":0,"max_hp_gain":0,"max_hp_loss":0,"event_name":"The Cleric","floor":4,"gold_loss":35},{"damage_healed":0,"gold_gain":0,"player_choice":"2 cards matched","damage_taken":0,"max_hp_gain":0,"max_hp_loss":0,"event_name":"Match and Keep!","floor":11,"gold_loss":0,"cards_obtained":["Sweeping Beam","Melter"]},{"damage_healed":0,"gold_gain":99,"player_choice":"Stole From Cult","damage_taken":0,"max_hp_gain":0,"max_hp_loss":0,"event_name":"Nest","floor":21,"gold_loss":0},{"damage_healed":0,"gold_gain":0,"player_choice":"Opened","damage_taken":0,"relics_obtained":["WingedGreaves"],"max_hp_gain":0,"max_hp_loss":0,"event_name":"The Mausoleum","floor":22,"gold_loss":0,"cards_obtained":["Writhe"]},{"damage_healed":0,"gold_gain":0,"player_choice":"Obtained Book","damage_taken":16,"max_hp_gain":0,"max_hp_loss":0,"event_name":"Cursed Tome","floor":24,"gold_loss":0},{"damage_healed":0,"gold_gain":0,"player_choice":"CARD ","damage_taken":16,"max_hp_gain":0,"max_hp_loss":0,"event_name":"Knowing Skull","floor":29,"potions_obtained":[],"gold_loss":0,"cards_obtained":["Panacea"]},{"damage_healed":0,"gold_gain":0,"player_choice":"Traded Relic","damage_taken":0,"relics_obtained":["Nloth\u0027s Gift"],"max_hp_gain":0,"max_hp_loss":0,"event_name":"N\u0027loth","floor":30,"relics_lost":["Dream Catcher"],"gold_loss":0},{"damage_healed":0,"gold_gain":0,"cards_transformed":["Strike_B"],"player_choice":"Transformed","damage_taken":0,"max_hp_gain":0,"max_hp_loss":0,"event_name":"Transmorgrifier","floor":37,"gold_loss":0,"cards_obtained":["Doom and Gloom"]},{"damage_healed":20,"gold_gain":0,"player_choice":"Writhe","damage_taken":0,"max_hp_gain":0,"max_hp_loss":0,"event_name":"Winding Halls","floor":38,"gold_loss":0,"cards_obtained":["Writhe"]},{"damage_healed":0,"gold_gain":0,"player_choice":"Paid","damage_taken":0,"relics_obtained":["Red Mask"],"max_hp_gain":0,"max_hp_loss":0,"event_name":"Tomb of Lord Red Mask","floor":39,"gold_loss":207},{"damage_healed":0,"gold_gain":0,"player_choice":"Fight","damage_taken":0,"max_hp_gain":0,"max_hp_loss":0,"event_name":"MindBloom","floor":46,"gold_loss":0}],"is_beta":false,"boss_relics":[{"not_picked":["Empty Cage","Runic Dome"],"picked":"Tiny House"},{"not_picked":["Lizard Tail","Velvet Choker"],"picked":"Sozu"}],"items_purged_floors":[],"is_endless":false,"potions_floor_spawned":[5,13,14,18,25,33,41,46,47],"ascension_level":0}