{"gold_per_floor":[110,128,1,1,26,26,55,55,81,109,167,37,37,54,54,128,128,147,147,165,165,177,0,0,0],"floor_reached":25,"playtime":1105,"items_purged":["Strike_R"],"score":452,"play_id":"1876f3f9-691c-4989-b3b5-5fb8f71d3869","local_time":"20190607115535","is_ascension_mode":true,"campfire_choices":[{"data":"True Grit","floor":6.0,"key":"SMITH"},{"data":"Havoc","floor":8.0,"key":"SMITH"},{"data":"Shrug It Off","floor":13.0,"key":"SMITH"},{"data":"Bash","floor":15.0,"key":"SMITH"},{"floor":24,"key":"REST"}],"neow_cost":"NONE","seed_source_timestamp":1361094166971054,"circlet_count":0,"master_deck":["AscendersBane","Strike_R+1","Strike_R+1","Defend_R","Defend_R","Defend_R","Bash+1","True Grit+1","Shockwave","Feel No Pain","Carnage","Power Through","Havoc+1","Limit Break","Clothesline","Shrug It Off+1","Dropkick","Immolate","Pommel Strike","Sentinel","RitualDagger","Double Tap"],"special_seed":0,"relics":["Burning Blood","NeowsBlessing","Pen Nib","Orichalcum","Whetstone","Bronze Scales","Empty Cage","Nilry\u0027s Codex"],"potions_floor_usage":[],"damage_taken":[{"damage":0.0,"enemies":"Small Slimes","floor":1.0,"turns":1.0},{"damage":0.0,"enemies":"Jaw Worm","floor":2.0,"turns":1.0},{"damage":0.0,"enemies":"Lagavulin","floor":7.0,"turns":1.0},{"damage":13.0,"enemies":"3 Sentries","floor":10.0,"turns":19.0},{"damage":13.0,"enemies":"Lagavulin Event","floor":11.0,"turns":6.0},{"damage":0.0,"enemies":"2 Louse","floor":14.0,"turns":2.0},{"damage":39.0,"enemies":"Hexaghost","floor":16.0,"turns":11.0},{"damage":9.0,"enemies":"2 Thieves","floor":18.0,"turns":4.0},{"damage":0.0,"enemies":"Spheric Guardian","floor":20.0,"turns":5.0},{"damage":25.0,"enemies":"Shelled Parasite and Fungi","floor":22.0,"turns":7.0},{"damage":61,"enemies":"Gremlin Leader","floor":25,"turns":5}],"seed_played":"6156591191053506252","potions_obtained":[{"floor":1.0,"key":"Energy Potion"},{"floor":7.0,"key":"Swift Potion"},{"floor":11.0,"key":"Explosive Potion"},{"floor":14.0,"key":"FairyPotion"},{"floor":18.0,"key":"Dexterity Potion"},{"floor":20.0,"key":"Energy Potion"},{"floor":22.0,"key":"FairyPotion"}],"is_trial":false,"path_per_floor":["M","M","$","?","T","R","E","R","T","E","?","$","R","M","R","B",null,"M","?","M","?","M","?","R","E"],"character_chosen":"IRONCLAD","items_purchased":["Feel No Pain","Carnage","Shrug It Off"],"campfire_rested":1,"item_purchase_floors":[3,3,12],"current_hp_per_floor":[74,75,75,75,75,75,75,75,75,68,61,61,61,67,67,34,65,62,41,47,41,22,22,44,0],"gold":0,"neow_bonus":"THREE_ENEMY_KILL","is_prod":false,"is_daily":false,"chose_seed":false,"campfire_upgraded":4,"win_rate":0,"timestamp":1559933735,"path_taken":["M","M","$","?","?","R","E","R","T","E","?","?","R","M","R","BOSS","M","?","M","?","M","?","R","E"],"build_version":"2019-01-23","purchased_purges":1,"victory":false,"max_hp_per_floor":[75,75,75,75,75,75,75,75,75,75,75,75,75,75,75,75,75,75,75,75,75,75,75,75,75],"card_choices":[{"not_picked":["Reckless Charge","Warcry"],"picked":"True Grit","floor":1.0},{"not_picked":["True Grit","Seeing Red"],"picked":"Shockwave","floor":2.0},{"not_picked":["Searing Blow","Cleave"],"picked":"Havoc","floor":7.0},{"not_picked":["Rage","Cleave"],"picked":"Limit Break","floor":10.0},{"not_picked":["Iron Wave","Twin Strike"],"picked":"Clothesline","floor":11.0},{"not_picked":["Havoc","Bludgeon"],"picked":"Dropkick","floor":14.0},{"not_picked":["Reaper","Berserk"],"picked":"Immolate","floor":16.0},{"not_picked":["Havoc","Sword Boomerang"],"picked":"Pommel Strike","floor":18.0},{"not_picked":["Heavy Blade","Anger"],"picked":"Sentinel","floor":20.0},{"not_picked":["Warcry","Wild Strike"],"picked":"Double Tap","floor":22.0}],"player_experience":824716,"relics_obtained":[{"floor":5.0,"key":"Pen Nib"},{"floor":7.0,"key":"Orichalcum"},{"floor":10.0,"key":"Whetstone"},{"floor":11.0,"key":"Bronze Scales"},{"floor":19.0,"key":"Nilry\u0027s Codex"}],"event_choices":[{"damage_healed":0.0,"max_hp_gain":0.0,"max_hp_loss":0.0,"gold_gain":0.0,"cards_transformed":["Strike_R"],"event_name":"Living Wall","player_choice":"Change","floor":4.0,"gold_loss":0.0,"damage_taken":0.0,"cards_obtained":["Power Through"]},{"damage_healed":0.0,"max_hp_gain":0.0,"max_hp_loss":0.0,"gold_gain":0.0,"event_name":"Dead Adventurer","player_choice":"Searched \u00271\u0027 times","floor":11.0,"gold_loss":0.0,"damage_taken":0.0},{"damage_healed":0.0,"max_hp_gain":0.0,"max_hp_loss":0.0,"gold_gain":0.0,"event_name":"Cursed Tome","player_choice":"Obtained Book","floor":19.0,"gold_loss":0.0,"damage_taken":21.0},{"damage_healed":0.0,"max_hp_gain":0.0,"max_hp_loss":0.0,"gold_gain":0.0,"event_name":"Nest","player_choice":"Joined the Cult","floor":21.0,"gold_loss":0.0,"damage_taken":6.0,"cards_obtained":["RitualDagger"]},{"damage_healed":0,"gold_gain":0,"player_choice":"Paid Fearfully","damage_taken":0,"max_hp_gain":0,"max_hp_loss":0,"event_name":"Masked Bandits","floor":23,"gold_loss":177}],"is_beta":false,"boss_relics":[{"not_picked":["Runic Cube","Orrery"],"picked":"Empty Cage"}],"items_purged_floors":[12],"is_endless":false,"potions_floor_spawned":[1,7,11,14,18,20,22],"killed_by":"Gremlin Leader","ascension_level":19}