{"gold_per_floor":[115,131,149,162,7,38,56,83,110,122,122,139,139,153,153,153],"floor_reached":16,"playtime":2264,"items_purged":["Strike_G"],"score":128,"play_id":"5f2a8f18-57d9-49bf-b134-d67d5ff8ac59","local_time":"20190608000733","is_ascension_mode":true,"campfire_choices":[{"floor":11,"key":"REST"},{"floor":15,"key":"REST"}],"neow_cost":"NONE","seed_source_timestamp":38702477674000,"circlet_count":0,"master_deck":["Defend_G","Defend_G","Defend_G","Defend_G","Defend_G","Strike_G","Strike_G","Strike_G","Strike_G","Survivor","Neutralize","Cloak And Dagger","PiercingWail","Dagger Spray","Well Laid Plans","Backflip","Backstab","Blur","Crippling Poison","All Out Attack","Predator"],"relics":["Ring of the Snake","Pear","FossilizedHelix","Boot","Golden Idol"],"potions_floor_usage":[4,8,16,16,16],"damage_taken":[{"damage":0,"enemies":"Cultist","floor":1,"turns":5},{"damage":3,"enemies":"2 Louse","floor":2,"turns":3},{"damage":2,"enemies":"Small Slimes","floor":3,"turns":4},{"damage":18,"enemies":"Exordium Wildlife","floor":4,"turns":10},{"damage":23,"enemies":"3 Sentries","floor":6,"turns":14},{"damage":3,"enemies":"Large Slime","floor":7,"turns":10},{"damage":30,"enemies":"Gremlin Nob","floor":8,"turns":6},{"damage":0,"enemies":"Looter","floor":10,"turns":3},{"damage":0,"enemies":"Blue Slaver","floor":12,"turns":4},{"damage":0,"enemies":"2 Fungi Beasts","floor":14,"turns":5},{"damage":63,"enemies":"Hexaghost","floor":16,"turns":18}],"seed_played":"-4227410086634394819","potions_obtained":[{"floor":1,"key":"GamblersBrew"},{"floor":6,"key":"Ancient Potion"},{"floor":7,"key":"Ancient Potion"},{"floor":10,"key":"Weak Potion"},{"floor":14,"key":"Block Potion"}],"is_trial":false,"path_per_floor":["M","M","M","M","$","E","M","E","T","M","R","M","?","M","R","B"],"character_chosen":"THE_SILENT","items_purchased":["Well Laid Plans"],"campfire_rested":2,"item_purchase_floors":[5],"current_hp_per_floor":[77,74,72,54,54,41,38,8,8,8,34,34,34,34,58,0],"gold":153,"neow_bonus":"TEN_PERCENT_HP_BONUS","is_prod":false,"is_daily":false,"chose_seed":false,"campfire_upgraded":0,"win_rate":0,"timestamp":1559945253,"path_taken":["M","M","M","M","?","E","M","E","T","M","R","M","?","M","R","BOSS"],"build_version":"2019-01-23","purchased_purges":1,"victory":false,"max_hp_per_floor":[77,77,77,77,77,87,87,87,87,87,87,87,81,81,81,81],"card_choices":[{"not_picked":["Heel Hook","Finisher","Deflect"],"picked":"SKIP","floor":1},{"not_picked":["Bouncing Flask","Reflex"],"picked":"Cloak And Dagger","floor":2},{"not_picked":["Slice","Underhanded Strike"],"picked":"PiercingWail","floor":3},{"not_picked":["Terror","Dodge and Roll"],"picked":"Dagger Spray","floor":4},{"not_picked":["Poisoned Stab","Dagger Throw"],"picked":"Backflip","floor":6},{"not_picked":["Poisoned Stab","Quick Slash"],"picked":"Backstab","floor":7},{"not_picked":["Poisoned Stab","Escape Plan"],"picked":"Blur","floor":8},{"not_picked":["Blade Dance","Grand Finale"],"picked":"Crippling Poison","floor":10},{"not_picked":["Deadly Poison","Flying Knee"],"picked":"All Out Attack","floor":12},{"not_picked":["Flechettes","Prepared"],"picked":"Predator","floor":14}],"player_experience":392484,"relics_obtained":[{"floor":6,"key":"Pear"},{"floor":8,"key":"FossilizedHelix"},{"floor":9,"key":"Boot"}],"event_choices":[{"damage_healed":0,"gold_gain":0,"player_choice":"Lose Max HP","damage_taken":0,"relics_obtained":["Golden Idol"],"max_hp_gain":0,"max_hp_loss":6,"event_name":"Golden Idol","floor":13,"gold_loss":0}],"is_beta":false,"boss_relics":[],"items_purged_floors":[5],"is_endless":false,"potions_floor_spawned":[1,6,7,10,14],"killed_by":"Hexaghost","ascension_level":2}