{"gold_per_floor":[114,127,127,142,162,162,191,191,191,191,224,224],"floor_reached":12,"playtime":873,"items_purged":[],"score":106,"play_id":"50b49c6f-efb4-4694-bdb2-6b9d9189f73e","local_time":"20190513214143","is_ascension_mode":true,"campfire_choices":[{"floor":6.0,"key":"RECALL"},{"data":"Bash","floor":8,"key":"SMITH"}],"neow_cost":"NONE","seed_source_timestamp":0,"circlet_count":0,"master_deck":["Strike_R","Strike_R","Strike_R","Strike_R","Defend_R","Defend_R","Defend_R","Defend_R","Bash+1","Flex","Anger+1","Wild Strike","Clothesline","Battle Trance","Pommel Strike"],"special_seed":0,"relics":["Burning Blood","Bag of Preparation","Pantograph"],"potions_floor_usage":[],"damage_taken":[{"damage":6.0,"enemies":"2 Louse","floor":1.0,"turns":4.0},{"damage":1.0,"enemies":"Cultist","floor":2.0,"turns":3.0},{"damage":5.0,"enemies":"Small Slimes","floor":4.0,"turns":4.0},{"damage":12.0,"enemies":"Red Slaver","floor":5.0,"turns":4.0},{"damage":20.0,"enemies":"3 Sentries","floor":7.0,"turns":10.0},{"damage":50,"enemies":"Gremlin Nob","floor":11,"turns":5},{"damage":27,"enemies":"Exordium Wildlife","floor":12,"turns":3}],"seed_played":"7142139172899454009","potions_obtained":[{"floor":2.0,"key":"EssenceOfSteel"},{"floor":5.0,"key":"Block Potion"}],"is_trial":false,"path_per_floor":["M","M","?","M","M","R","E","R","T","?","E","M"],"character_chosen":"IRONCLAD","items_purchased":[],"campfire_rested":0,"item_purchase_floors":[],"current_hp_per_floor":[88,88,88,88,82,82,68,68,68,68,24,0],"gold":224,"neow_bonus":"TEN_PERCENT_HP_BONUS","is_prod":false,"is_daily":false,"chose_seed":false,"campfire_upgraded":1,"win_rate":0,"timestamp":1557776503,"path_taken":["M","M","?","?","M","R","E","R","T","?","E","?"],"build_version":"2019-01-23","purchased_purges":0,"victory":false,"max_hp_per_floor":[88,88,88,88,88,88,88,88,88,88,88,88],"card_choices":[{"not_picked":["Iron Wave","Feel No Pain"],"picked":"Flex","floor":1.0},{"not_picked":["Cleave","Battle Trance"],"picked":"Anger","floor":2.0},{"not_picked":["Dual Wield","Anger"],"picked":"Wild Strike","floor":4.0},{"not_picked":["Whirlwind","Shrug It Off"],"picked":"Clothesline","floor":5.0},{"not_picked":["Flex","Twin Strike"],"picked":"Battle Trance","floor":7},{"not_picked":["Berserk","Twin Strike"],"picked":"Pommel Strike","floor":11}],"player_experience":285880,"relics_obtained":[{"floor":7,"key":"Bag of Preparation"},{"floor":11,"key":"Pantograph"}],"event_choices":[{"cards_removed":["Strike_R"],"damage_healed":0.0,"max_hp_gain":0.0,"max_hp_loss":0.0,"gold_gain":0.0,"event_name":"Bonfire Elementals","player_choice":"Offered Basic","floor":3.0,"gold_loss":0.0,"damage_taken":0.0},{"damage_healed":0,"gold_gain":0,"player_choice":"Upgraded","damage_taken":0,"max_hp_gain":0,"max_hp_loss":0,"event_name":"Upgrade Shrine","floor":10,"gold_loss":0,"cards_upgraded":["Anger"]}],"is_beta":false,"boss_relics":[],"items_purged_floors":[],"is_endless":false,"potions_floor_spawned":[2,5],"killed_by":"Exordium Wildlife","ascension_level":4}