{"gold_per_floor":[113,132,144,159,159,159,84,109,109,109,109,135,150,176,176,176],"floor_reached":16,"playtime":848,"items_purged":["Defend_G"],"score":216,"play_id":"13047fa4-40d8-4a92-92a9-74e1af8d0f68","local_time":"20190518205012","is_ascension_mode":true,"campfire_choices":[{"data":"Leg Sweep","floor":6.0,"key":"SMITH"},{"data":"Bane","floor":10.0,"key":"SMITH"},{"data":"Cloak And Dagger","floor":15.0,"key":"SMITH"}],"neow_cost":"NONE","seed_source_timestamp":3275081966923077,"circlet_count":0,"master_deck":["AscendersBane","Defend_G+1","Defend_G+1","Defend_G","Defend_G","Strike_G","Strike_G","Strike_G","Strike_G","Strike_G","Survivor","Neutralize","Bane+1","Well Laid Plans","Leg Sweep+1","Caltrops+1","Leg Sweep","Cloak And Dagger+1","Terror","After Image"],"special_seed":0,"relics":["Sozu","War Paint","The Courier","Ornamental Fan"],"potions_floor_usage":[],"damage_taken":[{"damage":0.0,"enemies":"Jaw Worm","floor":1.0,"turns":5.0},{"damage":0.0,"enemies":"Cultist","floor":2.0,"turns":4.0},{"damage":0.0,"enemies":"2 Louse","floor":3.0,"turns":3.0},{"damage":12.0,"enemies":"Lots of Slimes","floor":4.0,"turns":7.0},{"damage":20.0,"enemies":"Lagavulin","floor":8.0,"turns":10.0},{"damage":35.0,"enemies":"Gremlin Nob","floor":12.0,"turns":6.0},{"damage":0.0,"enemies":"Looter","floor":13.0,"turns":4.0},{"damage":2.0,"enemies":"Lagavulin","floor":14.0,"turns":9.0},{"damage":14,"enemies":"The Guardian","floor":16,"turns":2}],"seed_played":"-6041385870431468881","potions_obtained":[],"is_trial":false,"path_per_floor":["M","M","M","M","?","R","$","E","T","R","?","E","M","E","R","B"],"character_chosen":"THE_SILENT","items_purchased":[],"campfire_rested":0,"item_purchase_floors":[],"current_hp_per_floor":[59,59,59,47,47,47,47,27,27,27,49,14,14,12,12,0],"gold":176,"neow_bonus":"BOSS_RELIC","is_prod":false,"is_daily":false,"chose_seed":false,"campfire_upgraded":3,"win_rate":0,"timestamp":1558237812,"path_taken":["M","M","M","M","?","R","?","E","T","R","?","E","M","E","R","BOSS"],"build_version":"2019-01-23","purchased_purges":1,"victory":false,"max_hp_per_floor":[66,66,66,66,66,66,66,66,66,66,66,66,66,66,66,66],"card_choices":[{"not_picked":["Reflex","Outmaneuver"],"picked":"Bane","floor":1.0},{"not_picked":["Prepared","Slice"],"picked":"Well Laid Plans","floor":2.0},{"not_picked":["Concentrate","Prepared"],"picked":"Leg Sweep","floor":3.0},{"not_picked":["Endless Agony","Deadly Poison"],"picked":"Caltrops","floor":4.0},{"not_picked":["Prepared","Endless Agony"],"picked":"Leg Sweep","floor":8.0},{"not_picked":["Dagger Spray","Bane"],"picked":"Cloak And Dagger","floor":12.0},{"not_picked":["Dagger Spray","Flechettes"],"picked":"Terror","floor":13.0},{"not_picked":["Dash","Backstab"],"picked":"After Image","floor":14.0}],"player_experience":646175,"relics_obtained":[{"floor":8.0,"key":"War Paint"},{"floor":12.0,"key":"The Courier"},{"floor":14.0,"key":"Ornamental Fan"}],"event_choices":[{"damage_healed":0.0,"max_hp_gain":0.0,"max_hp_loss":0.0,"gold_gain":0.0,"event_name":"Upgrade Shrine","player_choice":"Upgraded","floor":5.0,"gold_loss":0.0,"damage_taken":0.0,"cards_upgraded":["Caltrops"]},{"damage_healed":22.0,"max_hp_gain":0.0,"max_hp_loss":0.0,"gold_gain":0.0,"event_name":"Big Fish","player_choice":"Banana","floor":11.0,"gold_loss":0.0,"damage_taken":0.0}],"is_beta":false,"boss_relics":[],"items_purged_floors":[7],"is_endless":false,"potions_floor_spawned":[1,3,12,13],"killed_by":"The Guardian","ascension_level":16}