{"gold_per_floor":[128,140,165,177,27,27,27,52,78,112,122,122,152,171,171,249,249,260,18,34,134,134,134,154,182,205,238,248,258,258,271,271,348,348,368,368,384,404,32,32,57,57,57,68,9,28,55,55,55,55],"floor_reached":51,"playtime":2762,"items_purged":["Strike_R","Pain"],"score":1547,"play_id":"79f7da2b-125a-41ed-9b41-8c8239d3d053","local_time":"20190526144627","is_ascension_mode":true,"campfire_choices":[{"data":"Inflame","floor":6.0,"key":"SMITH"},{"data":"Immolate","floor":12.0,"key":"SMITH"},{"data":"Flame Barrier","floor":15.0,"key":"SMITH"},{"data":"Offering","floor":23.0,"key":"SMITH"},{"floor":30.0,"key":"REST"},{"data":"Fiend Fire","floor":32.0,"key":"SMITH"},{"data":"Apotheosis","floor":40.0,"key":"SMITH"},{"data":"Corruption","floor":42.0,"key":"SMITH"},{"floor":49.0,"key":"REST"}],"neow_cost":"NONE","seed_source_timestamp":12197906330492,"circlet_count":0,"master_deck":["AscendersBane","Strike_R","Strike_R","Defend_R","Defend_R","Defend_R","Defend_R","Bash","Pummel","Twin Strike+1","Inflame+1","Cleave","Dropkick","Immolate+1","Flame Barrier+1","Offering+1","Spot Weakness","Armaments+1","Thunderclap","Battle Trance+1","Sword Boomerang","Dropkick","Fiend Fire+1","Exhume","Pummel","Shrug It Off","Apotheosis+1","Corruption+1","Decay","Demon Form+1","Headbutt","Blood for Blood+1","Writhe","Heavy Blade+1"],"special_seed":0,"relics":["Burning Blood","MawBank","Singing Bowl","Ornamental Fan","Bag of Preparation","Kunai","Boot","Cursed Key","Omamori","Pocketwatch","Pear","Darkstone Periapt","Oddly Smooth Stone","Bottled Tornado","Empty Cage","WarpedTongs","Dream Catcher","Frozen Egg 2","Blue Candle"],"potions_floor_usage":[50],"damage_taken":[{"damage":1.0,"enemies":"Cultist","floor":1.0,"turns":3.0},{"damage":4.0,"enemies":"Small Slimes","floor":3.0,"turns":4.0},{"damage":32.0,"enemies":"Gremlin Nob","floor":8.0,"turns":4.0},{"damage":10.0,"enemies":"3 Sentries","floor":10.0,"turns":5.0},{"damage":2.0,"enemies":"Jaw Worm","floor":11.0,"turns":3.0},{"damage":8.0,"enemies":"Large Slime","floor":14.0,"turns":4.0},{"damage":25.0,"enemies":"Slime Boss","floor":16.0,"turns":6.0},{"damage":6.0,"enemies":"Chosen","floor":18.0,"turns":3.0},{"damage":0.0,"enemies":"Spheric Guardian","floor":20.0,"turns":3.0},{"damage":7.0,"enemies":"Colosseum Slavers","floor":21.0,"turns":3.0},{"damage":9.0,"enemies":"Colosseum Nobs","floor":21.0,"turns":3.0},{"damage":11.0,"enemies":"Centurion and Healer","floor":24.0,"turns":4.0},{"damage":42.0,"enemies":"Slavers","floor":25.0,"turns":5.0},{"damage":6.0,"enemies":"Gremlin Leader","floor":27.0,"turns":2.0},{"damage":8.0,"enemies":"Snake Plant","floor":28.0,"turns":2.0},{"damage":6.0,"enemies":"Cultist and Chosen","floor":29.0,"turns":2.0},{"damage":0.0,"enemies":"Chosen and Byrds","floor":31.0,"turns":3.0},{"damage":12.0,"enemies":"Collector","floor":33.0,"turns":4.0},{"damage":6.0,"enemies":"3 Darklings","floor":35.0,"turns":2.0},{"damage":5.0,"enemies":"Orb Walker","floor":37.0,"turns":2.0},{"damage":21.0,"enemies":"Maw","floor":38.0,"turns":6.0},{"damage":0.0,"enemies":"Reptomancer","floor":41.0,"turns":3.0},{"damage":17.0,"enemies":"4 Shapes","floor":44.0,"turns":3.0},{"damage":21.0,"enemies":"Spire Growth","floor":46.0,"turns":3.0},{"damage":25.0,"enemies":"Nemesis","floor":47.0,"turns":7.0},{"damage":88,"enemies":"Donu and Deca","floor":50,"turns":7}],"seed_played":"-2744298366008126870","potions_obtained":[{"floor":1.0,"key":"Weak Potion"},{"floor":3.0,"key":"AttackPotion"},{"floor":10.0,"key":"Explosive Potion"},{"floor":18.0,"key":"Energy Potion"},{"floor":24.0,"key":"Poison Potion"},{"floor":25.0,"key":"SpeedPotion"},{"floor":28.0,"key":"GamblersBrew"},{"floor":29.0,"key":"SkillPotion"},{"floor":31.0,"key":"Energy Potion"},{"floor":33.0,"key":"Block Potion"},{"floor":37.0,"key":"Weak Potion"},{"floor":44.0,"key":"EssenceOfSteel"}],"is_trial":false,"path_per_floor":["M","?","M","?","$","R","?","E","T","E","M","R","?","M","R","B",null,"M","$","M","?","?","R","M","E","T","E","M","M","R","M","R","B",null,"M","?","M","M","$","R","E","R","T","M","$","M","E","?","R","B",null],"character_chosen":"IRONCLAD","items_purchased":["Inflame","Omamori","Spot Weakness","Apotheosis","Corruption","Headbutt"],"campfire_rested":2,"item_purchase_floors":[5,19,19,39,39,45],"current_hp_per_floor":[73,62,64,64,64,64,64,38,38,34,38,38,38,36,36,17,61,63,63,71,77,77,77,72,36,36,38,36,36,63,69,69,63,84,84,90,93,78,78,78,86,86,92,81,81,68,49,77,111,29],"gold":55,"neow_bonus":"RANDOM_COMMON_RELIC","is_prod":false,"is_daily":false,"chose_seed":false,"campfire_upgraded":7,"win_rate":0,"timestamp":1558874787,"path_taken":["M","?","M","?","?","R","?","E","T","E","M","R","?","M","R","BOSS","M","$","M","?","?","R","M","E","T","E","M","M","R","?","R","BOSS","M","?","M","?","$","R","E","R","T","M","$","M","E","?","R","BOSS"],"build_version":"2019-01-23","purchased_purges":2,"victory":true,"max_hp_per_floor":[75,75,75,75,75,75,75,75,75,75,75,75,75,75,75,75,75,77,77,79,89,89,89,89,89,89,91,91,91,91,91,91,91,91,91,97,99,99,99,99,101,101,107,107,107,109,109,115,115,115],"card_choices":[{"not_picked":["Second Wind","Seeing Red"],"picked":"Pummel","floor":1.0},{"not_picked":["Rage","Wild Strike"],"picked":"Twin Strike","floor":3.0},{"not_picked":["Sword Boomerang","Combust"],"picked":"Cleave","floor":8.0},{"not_picked":["Iron Wave","Wild Strike"],"picked":"Dropkick","floor":10.0},{"not_picked":["Clash","Flex"],"picked":"Immolate","floor":11.0},{"not_picked":["Havoc","Flex"],"picked":"Flame Barrier","floor":14.0},{"not_picked":["Berserk","Limit Break"],"picked":"Offering","floor":16.0},{"not_picked":["True Grit","Thunderclap","Heavy Blade"],"picked":"Singing Bowl","floor":18.0},{"not_picked":["Searing Blow","Thunderclap","Sentinel+1"],"picked":"Singing Bowl","floor":20.0},{"not_picked":["True Grit","Cleave"],"picked":"Armaments+1","floor":21.0},{"not_picked":["Second Wind","Seeing Red"],"picked":"Thunderclap","floor":24.0},{"not_picked":["Rupture","True Grit"],"picked":"Battle Trance+1","floor":25.0},{"not_picked":["Power Through","Burning Pact","Carnage"],"picked":"Singing Bowl","floor":27.0},{"not_picked":["Carnage+1","Havoc"],"picked":"Sword Boomerang","floor":28.0},{"not_picked":["Thunderclap","Clothesline"],"picked":"Dropkick","floor":29.0},{"not_picked":["Ghostly Armor","Rupture"],"picked":"Fiend Fire","floor":31.0},{"not_picked":["Bludgeon","Fiend Fire"],"picked":"Exhume","floor":33.0},{"not_picked":["Clash","Sword Boomerang"],"picked":"Pummel","floor":35.0},{"not_picked":["Rupture","Armaments","Flex"],"picked":"Singing Bowl","floor":37.0},{"not_picked":["Body Slam+1","Fire Breathing"],"picked":"Shrug It Off","floor":38.0},{"not_picked":["Wild Strike+1","Hemokinesis","Burning Pact"],"picked":"Singing Bowl","floor":41.0},{"not_picked":["Battle Trance","True Grit"],"picked":"Demon Form+1","floor":44.0},{"not_picked":["Flex","Reckless Charge","Cleave+1"],"picked":"Singing Bowl","floor":46.0},{"not_picked":["Warcry","Immolate"],"picked":"Blood for Blood+1","floor":47.0},{"not_picked":["Thunderclap+1","Pommel Strike"],"picked":"Heavy Blade+1","floor":49.0}],"player_experience":78881,"relics_obtained":[{"floor":8.0,"key":"Ornamental Fan"},{"floor":9.0,"key":"Bag of Preparation"},{"floor":10.0,"key":"Kunai"},{"floor":21.0,"key":"Pocketwatch"},{"floor":21.0,"key":"Pear"},{"floor":25.0,"key":"Darkstone Periapt"},{"floor":26.0,"key":"Oddly Smooth Stone"},{"floor":27.0,"key":"Bottled Tornado"},{"floor":41.0,"key":"Dream Catcher"},{"floor":43.0,"key":"Frozen Egg 2"},{"floor":47.0,"key":"Blue Candle"}],"event_choices":[{"damage_healed":0.0,"max_hp_gain":0.0,"max_hp_loss":0.0,"gold_gain":0.0,"event_name":"Scrap Ooze","player_choice":"Success","floor":2.0,"gold_loss":0.0,"damage_taken":11.0,"relics_obtained":["Singing Bowl"]},{"damage_healed":0.0,"max_hp_gain":0.0,"max_hp_loss":0.0,"gold_gain":0.0,"event_name":"Living Wall","player_choice":"Grow","floor":4.0,"gold_loss":0.0,"damage_taken":0.0,"cards_upgraded":["Twin Strike"]},{"damage_healed":0.0,"max_hp_gain":0.0,"max_hp_loss":0.0,"gold_gain":0.0,"event_name":"The Cleric","player_choice":"Leave","floor":7.0,"gold_loss":0.0,"damage_taken":0.0},{"damage_healed":0.0,"max_hp_gain":0.0,"max_hp_loss":0.0,"gold_gain":30.0,"event_name":"Dead Adventurer","player_choice":"Searched \u00272\u0027 times","floor":13.0,"gold_loss":0.0,"damage_taken":0.0,"relics_obtained":["Boot"]},{"damage_healed":0.0,"max_hp_gain":0.0,"max_hp_loss":0.0,"gold_gain":0.0,"event_name":"Colosseum","player_choice":"Fight","floor":21.0,"gold_loss":0.0,"damage_taken":0.0},{"damage_healed":0.0,"max_hp_gain":0.0,"max_hp_loss":0.0,"gold_gain":0.0,"event_name":"Colosseum","player_choice":"Fought Nobs","floor":21.0,"gold_loss":0.0,"damage_taken":0.0},{"damage_healed":0.0,"max_hp_gain":0.0,"max_hp_loss":0.0,"gold_gain":0.0,"event_name":"Forgotten Altar","player_choice":"Smashed Altar","floor":22.0,"gold_loss":0.0,"damage_taken":0.0,"cards_obtained":["Decay"]},{"damage_healed":0.0,"max_hp_gain":0.0,"max_hp_loss":0.0,"gold_gain":0.0,"event_name":"Accursed Blacksmith","player_choice":"Rummage","floor":36.0,"gold_loss":0.0,"damage_taken":0.0,"relics_obtained":["WarpedTongs"],"cards_obtained":["Pain"]},{"damage_healed":22.0,"max_hp_gain":0.0,"max_hp_loss":0.0,"gold_gain":0.0,"event_name":"Winding Halls","player_choice":"Writhe","floor":48.0,"gold_loss":0.0,"damage_taken":0.0,"cards_obtained":["Writhe"]}],"is_beta":false,"boss_relics":[{"not_picked":["Ectoplasm","Runic Pyramid"],"picked":"Cursed Key"},{"not_picked":["Sozu","Velvet Choker"],"picked":"Empty Cage"}],"items_purged_floors":[5,39],"is_endless":false,"potions_floor_spawned":[1,3,10,18,24,25,28,29,31,33,37,44],"ascension_level":19}