{"gold_per_floor":[112,131,145,18,18,18,28,59,133,133,147,162,162,172,172,277,277,294,294,23,33,46,73,73,73,154,181,181,198,198,211,211,310,310,325,325,112,123,0,33,33,65,65,78,93,112,86,112,112,112],"floor_reached":51,"playtime":2632,"items_purged":["Strike_G","Strike_G","Strike_G"],"score":1045,"play_id":"39b01bfc-f57c-45a0-8af8-eb4fb65390f2","local_time":"20190606230347","is_ascension_mode":true,"campfire_choices":[{"data":"Dagger Spray","floor":6.0,"key":"SMITH"},{"data":"Neutralize","floor":13.0,"key":"SMITH"},{"data":"Dash","floor":15.0,"key":"SMITH"},{"data":"Noxious Fumes","floor":24,"key":"SMITH"},{"data":"Leg Sweep","floor":28,"key":"SMITH"},{"data":"Dodge and Roll","floor":30,"key":"SMITH"},{"floor":32,"key":"REST"},{"data":"Footwork","floor":41,"key":"SMITH"},{"data":"PiercingWail","floor":49,"key":"SMITH"}],"neow_cost":"NONE","seed_source_timestamp":39130607234299,"circlet_count":0,"master_deck":["Defend_G","Defend_G","Defend_G+1","Defend_G","Defend_G","Strike_G+1","Survivor","Neutralize+1","Dagger Spray+1","Deadly Poison","Backflip","Poisoned Stab","Poisoned Stab","Terror","Dash+1","Backflip","Die Die Die","Adrenaline","Noxious Fumes+1","RitualDagger","Dodge and Roll+1","Deflect+1","Dodge and Roll+1","Leg Sweep+1","PiercingWail+1","Adrenaline","PiercingWail+1","Adrenaline","Dodge and Roll","Footwork+1","Prepared+1","Deadly Poison"],"special_seed":0,"relics":["Ring of the Snake","Bird Faced Urn","Blue Candle","Philosopher\u0027s Stone","Oddly Smooth Stone","Regal Pillow","Kunai","Paper Crane","Busted Crown","Red Mask","Thread and Needle","Meat on the Bone","Calipers","Bottled Tornado"],"potions_floor_usage":[18,23,27,33,33,48,50,50],"damage_taken":[{"damage":9.0,"enemies":"Small Slimes","floor":1.0,"turns":5.0},{"damage":0.0,"enemies":"2 Louse","floor":2.0,"turns":3.0},{"damage":6.0,"enemies":"Cultist","floor":3.0,"turns":4.0},{"damage":7.0,"enemies":"Large Slime","floor":7.0,"turns":4.0},{"damage":19.0,"enemies":"Gremlin Nob","floor":8.0,"turns":4.0},{"damage":1.0,"enemies":"Blue Slaver","floor":11.0,"turns":3.0},{"damage":0.0,"enemies":"Looter","floor":12.0,"turns":3.0},{"damage":0.0,"enemies":"Lots of Slimes","floor":14.0,"turns":1.0},{"damage":2.0,"enemies":"The Guardian","floor":16.0,"turns":9.0},{"damage":5,"enemies":"2 Thieves","floor":18,"turns":3},{"damage":0,"enemies":"Spheric Guardian","floor":21,"turns":3},{"damage":5,"enemies":"Centurion and Healer","floor":22,"turns":8},{"damage":0,"enemies":"Book of Stabbing","floor":23,"turns":5},{"damage":17,"enemies":"Slavers","floor":27,"turns":4},{"damage":0,"enemies":"Snecko","floor":29,"turns":4},{"damage":0,"enemies":"Sentry and Sphere","floor":31,"turns":5},{"damage":27,"enemies":"Collector","floor":33,"turns":10},{"damage":0,"enemies":"Orb Walker","floor":35,"turns":3},{"damage":0,"enemies":"3 Shapes","floor":38,"turns":4},{"damage":19,"enemies":"Nemesis","floor":40,"turns":9},{"damage":0,"enemies":"Giant Head","floor":42,"turns":11},{"damage":0,"enemies":"Jaw Worm Horde","floor":44,"turns":4},{"damage":0,"enemies":"Spire Growth","floor":45,"turns":6},{"damage":0,"enemies":"Maw","floor":46,"turns":9},{"damage":2,"enemies":"Nemesis","floor":48,"turns":7},{"damage":0,"enemies":"Donu and Deca","floor":50,"turns":11}],"seed_played":"8752476757335099451","potions_obtained":[{"floor":1.0,"key":"Block Potion"},{"floor":8.0,"key":"Ancient Potion"},{"floor":10.0,"key":"FearPotion"},{"floor":10.0,"key":"Energy Potion"},{"floor":10.0,"key":"LiquidBronze"},{"floor":14.0,"key":"Dexterity Potion"},{"floor":16.0,"key":"Strength Potion"},{"floor":18,"key":"Explosive Potion"},{"floor":21,"key":"PowerPotion"},{"floor":27,"key":"SpeedPotion"},{"floor":35,"key":"Dexterity Potion"},{"floor":40,"key":"SpeedPotion"},{"floor":45,"key":"PowerPotion"}],"is_trial":false,"path_per_floor":["M","M","M","$","?","R","M","E","T","?","M","M","R","M","R","B",null,"M","?","$","M","M","E","R","?","T","E","R","M","R","M","R","B",null,"M","?","$","M","?","E","R","E","T","M","M","M","$","E","R","B",null],"character_chosen":"THE_SILENT","items_purchased":["Poisoned Stab","Oddly Smooth Stone","Dodge and Roll","Footwork","Swift Potion","Deadly Poison"],"campfire_rested":1,"item_purchase_floors":[4,20,20,37,37,47],"current_hp_per_floor":[68,68,62,62,47,47,40,21,21,21,20,20,20,20,20,18,77,72,66,66,68,65,69,69,69,69,54,54,56,56,58,77,50,77,77,77,77,77,77,60,60,64,64,68,72,76,76,77,77,77],"gold":112,"neow_bonus":"TEN_PERCENT_HP_BONUS","is_prod":false,"is_daily":false,"chose_seed":false,"campfire_upgraded":8,"win_rate":1,"timestamp":1559880227,"path_taken":["M","M","M","$","?","R","M","E","T","?","M","M","R","?","R","BOSS","M","?","$","M","M","E","R","?","T","E","R","M","R","M","R","BOSS","M","?","$","?","?","E","R","E","T","M","M","M","?","E","R","BOSS"],"build_version":"2019-01-23","purchased_purges":3,"victory":true,"max_hp_per_floor":[77,77,77,77,77,77,77,77,77,77,77,77,77,77,77,77,77,77,77,77,77,77,77,77,77,77,77,77,77,77,77,77,77,77,77,77,77,77,77,77,77,77,77,77,77,77,77,77,77,77],"card_choices":[{"not_picked":["Eviscerate","PiercingWail"],"picked":"Dagger Spray","floor":1.0},{"not_picked":["Distraction","Prepared"],"picked":"Deadly Poison","floor":2.0},{"not_picked":["Deflect","Reflex"],"picked":"Backflip","floor":3.0},{"not_picked":["Dagger Throw","Choke"],"picked":"Poisoned Stab","floor":7.0},{"not_picked":["PiercingWail","Blade Dance"],"picked":"Terror","floor":8.0},{"not_picked":["Blade Dance","Unload"],"picked":"Dash","floor":11.0},{"not_picked":["Deflect","Slice"],"picked":"Backflip","floor":12.0},{"not_picked":["Eviscerate","Dodge and Roll"],"picked":"Die Die Die","floor":14.0},{"not_picked":["Unload","Burst"],"picked":"Adrenaline","floor":16.0},{"not_picked":["Poisoned Stab","Escape Plan"],"picked":"Noxious Fumes","floor":18},{"not_picked":["Outmaneuver+1","Quick Slash+1"],"picked":"Deflect+1","floor":21},{"not_picked":["Slice","Poisoned Stab"],"picked":"Dodge and Roll+1","floor":22},{"not_picked":["Cloak And Dagger","Dagger Throw"],"picked":"Leg Sweep","floor":23},{"not_picked":["Predator","Expertise"],"picked":"PiercingWail+1","floor":27},{"not_picked":["Sucker Punch","Blade Dance+1"],"picked":"Adrenaline","floor":29},{"not_picked":["Deadly Poison","Flying Knee"],"picked":"PiercingWail","floor":31},{"not_picked":["Unload","A Thousand Cuts"],"picked":"Adrenaline","floor":33},{"not_picked":["Accuracy"],"picked":"SKIP","floor":35},{"not_picked":["Accuracy+1"],"picked":"SKIP","floor":38},{"not_picked":[],"picked":"Prepared+1","floor":40},{"not_picked":["Dagger Throw+1"],"picked":"SKIP","floor":42},{"not_picked":["Poisoned Stab"],"picked":"SKIP","floor":44},{"not_picked":["Acrobatics"],"picked":"SKIP","floor":45},{"not_picked":["Slice+1"],"picked":"SKIP","floor":46},{"not_picked":["Dagger Throw"],"picked":"SKIP","floor":48}],"player_experience":27968,"relics_obtained":[{"floor":8.0,"key":"Bird Faced Urn"},{"floor":9.0,"key":"Blue Candle"},{"floor":23,"key":"Regal Pillow"},{"floor":26,"key":"Kunai"},{"floor":27,"key":"Paper Crane"},{"floor":40,"key":"Thread and Needle"},{"floor":42,"key":"Meat on the Bone"},{"floor":43,"key":"Calipers"},{"floor":48,"key":"Bottled Tornado"}],"event_choices":[{"damage_healed":0.0,"max_hp_gain":0.0,"max_hp_loss":0.0,"gold_gain":0.0,"event_name":"Shining Light","player_choice":"Entered Light","floor":5.0,"gold_loss":0.0,"damage_taken":15.0,"cards_upgraded":["Strike_G","Defend_G"]},{"damage_healed":0.0,"max_hp_gain":0.0,"max_hp_loss":0.0,"gold_gain":0.0,"event_name":"Lab","player_choice":"Got Potions","floor":10.0,"gold_loss":0.0,"damage_taken":0.0},{"damage_healed":0,"gold_gain":0,"player_choice":"Joined the Cult","damage_taken":6,"max_hp_gain":0,"max_hp_loss":0,"event_name":"Nest","floor":19,"gold_loss":0,"cards_obtained":["RitualDagger"]},{"damage_healed":0,"gold_gain":0,"player_choice":"Ignored","damage_taken":0,"max_hp_gain":0,"max_hp_loss":0,"event_name":"The Mausoleum","floor":25,"gold_loss":0},{"damage_healed":0,"gold_gain":0,"cards_transformed":["Strike_G"],"player_choice":"Transformed","damage_taken":0,"max_hp_gain":0,"max_hp_loss":0,"event_name":"Transmorgrifier","floor":36,"gold_loss":0,"cards_obtained":["Dodge and Roll"]},{"damage_healed":0,"gold_gain":0,"player_choice":"Paid","damage_taken":0,"relics_obtained":["Red Mask"],"max_hp_gain":0,"max_hp_loss":0,"event_name":"Tomb of Lord Red Mask","floor":39,"gold_loss":123}],"is_beta":false,"boss_relics":[{"not_picked":["White Beast Statue","Runic Pyramid"],"picked":"Philosopher\u0027s Stone"},{"not_picked":["Fusion Hammer","Snecko Eye"],"picked":"Busted Crown"}],"items_purged_floors":[4,20,37],"is_endless":false,"potions_floor_spawned":[1,8,14,16,18,21,22,27,35,40,45],"ascension_level":4}