{"gold_per_floor":[111,123,123,142,161,191,201,236,236,265,265,277,291,291,291,368,368,385,397,133,143,143],"floor_reached":22,"playtime":1717,"items_purged":[],"score":468,"play_id":"b1be0954-7279-456a-9f74-e1604c691c92","local_time":"20190518203512","is_ascension_mode":true,"campfire_choices":[{"data":"1","floor":11,"key":"LIFT"},{"data":"2","floor":15,"key":"LIFT"}],"neow_cost":"NONE","seed_source_timestamp":3273196027130509,"circlet_count":0,"master_deck":["AscendersBane","Defend_G","Defend_G","Defend_G","Defend_G","Defend_G","Strike_G","Strike_G","Strike_G","Strike_G","Strike_G","Survivor","Neutralize","Backflip","Blur","Terror","Concentrate","Crippling Poison","Choke","Tactician","Leg Sweep","Concentrate","PiercingWail","Neutralize","Die Die Die","Corpse Explosion","Footwork","Sadistic Nature","Footwork","Backstab"],"special_seed":0,"relics":["Runic Pyramid","Girya","Dream Catcher","Ginger","Black Star"],"potions_floor_usage":[10,13,16],"damage_taken":[{"damage":4.0,"enemies":"2 Louse","floor":1.0,"turns":3.0},{"damage":0.0,"enemies":"Jaw Worm","floor":2.0,"turns":6.0},{"damage":0.0,"enemies":"Cultist","floor":4.0,"turns":5.0},{"damage":1.0,"enemies":"Large Slime","floor":5.0,"turns":8.0},{"damage":8.0,"enemies":"Lagavulin","floor":6.0,"turns":8.0},{"damage":0.0,"enemies":"Blue Slaver","floor":7.0,"turns":6.0},{"damage":14.0,"enemies":"Gremlin Nob","floor":8.0,"turns":6.0},{"damage":7,"enemies":"Lagavulin","floor":10,"turns":8},{"damage":5,"enemies":"Lots of Slimes","floor":12,"turns":4},{"damage":8,"enemies":"Exordium Thugs","floor":13,"turns":6},{"damage":0,"enemies":"Slime Boss","floor":16,"turns":10},{"damage":2,"enemies":"Spheric Guardian","floor":18,"turns":5},{"damage":15,"enemies":"Shell Parasite","floor":19,"turns":8},{"damage":33,"enemies":"Centurion and Healer","floor":21,"turns":4},{"damage":13,"enemies":"Colosseum Slavers","floor":22,"turns":1}],"seed_played":"1956737222085414186","potions_obtained":[{"floor":2.0,"key":"GhostInAJar"},{"floor":4.0,"key":"Regen Potion"},{"floor":8.0,"key":"Regen Potion"},{"floor":12,"key":"Block Potion"},{"floor":13,"key":"Fire Potion"}],"is_trial":false,"path_per_floor":["M","M","?","M","M","E","M","E","T","E","R","M","M","?","R","B",null,"M","M","$","M","?"],"character_chosen":"THE_SILENT","items_purchased":["Sadistic Nature","Footwork"],"campfire_rested":0,"item_purchase_floors":[20,20],"current_hp_per_floor":[55,55,55,55,54,46,46,47,47,55,55,50,42,42,42,42,60,58,43,43,10,0],"gold":143,"neow_bonus":"BOSS_RELIC","is_prod":false,"is_daily":false,"chose_seed":false,"campfire_upgraded":0,"win_rate":0,"timestamp":1558236912,"path_taken":["M","M","?","M","M","E","M","E","T","E","R","M","M","?","R","BOSS","M","M","$","M","?"],"build_version":"2019-01-23","purchased_purges":0,"victory":false,"max_hp_per_floor":[66,66,66,66,66,66,66,66,66,66,66,66,66,66,66,66,66,66,66,66,66,66],"card_choices":[{"not_picked":["Acrobatics","Quick Slash"],"picked":"Backflip","floor":1.0},{"not_picked":["Deflect","Skewer"],"picked":"Blur","floor":2.0},{"not_picked":["Well Laid Plans","Expertise"],"picked":"Terror","floor":4.0},{"not_picked":["Endless Agony","Flying Knee"],"picked":"Concentrate","floor":5.0},{"not_picked":["PiercingWail","Bullet Time"],"picked":"Crippling Poison","floor":6.0},{"not_picked":["Endless Agony","Infinite Blades"],"picked":"Choke","floor":7.0},{"not_picked":["Flying Knee","Underhanded Strike"],"picked":"Tactician","floor":8.0},{"not_picked":["Dagger Spray","Infinite Blades"],"picked":"Leg Sweep","floor":10},{"not_picked":["Bane","Underhanded Strike"],"picked":"Concentrate","floor":12},{"not_picked":["Deadly Poison","Bane"],"picked":"PiercingWail","floor":13},{"not_picked":["Die Die Die","Malaise"],"picked":"Corpse Explosion","floor":16},{"not_picked":["Poisoned Stab","Quick Slash","Sucker Punch"],"picked":"SKIP","floor":18},{"not_picked":["Dagger Spray","Setup"],"picked":"Footwork","floor":19},{"not_picked":["Sucker Punch","Prepared"],"picked":"Backstab","floor":21}],"player_experience":644458,"relics_obtained":[{"floor":6.0,"key":"Girya"},{"floor":8.0,"key":"Dream Catcher"},{"floor":10,"key":"Ginger"}],"event_choices":[{"damage_healed":0.0,"max_hp_gain":0.0,"max_hp_loss":0.0,"gold_gain":0.0,"event_name":"Scrap Ooze","player_choice":"Fled","floor":3.0,"gold_loss":0.0,"damage_taken":0.0},{"damage_healed":0,"gold_gain":0,"player_choice":"2 cards matched","damage_taken":0,"max_hp_gain":0,"max_hp_loss":0,"event_name":"Match and Keep!","floor":14,"gold_loss":0,"cards_obtained":["Neutralize","Die Die Die"]},{"damage_healed":0,"gold_gain":0,"player_choice":"Fight","damage_taken":0,"max_hp_gain":0,"max_hp_loss":0,"event_name":"Colosseum","floor":22,"gold_loss":0}],"is_beta":false,"boss_relics":[{"not_picked":["Runic Dome","Orrery"],"picked":"Black Star"}],"items_purged_floors":[],"is_endless":false,"potions_floor_spawned":[2,4,6,8,12,13],"killed_by":"Colosseum Slavers","ascension_level":16}