{"gold_per_floor":[109,109,109,109,109,109,140,140,140,173,185,202,202,222,222,322,322,333,73,73,83,1,1,1,1,1,19,34,34,44,57,57,155,155,169,444,219,232,249,249,55,55,55,67,67,83,102,122,122,122],"floor_reached":51,"playtime":6776,"items_purged":["Normality"],"score":768,"play_id":"488f3abd-45c5-4944-a9b8-266e48b0535b","local_time":"20180823222309","is_ascension_mode":true,"campfire_choices":[{"data":"Neutralize","floor":6,"key":"SMITH"},{"data":"Backstab","floor":8,"key":"SMITH"},{"data":"Bullet Time","floor":13,"key":"SMITH"},{"data":"Leg Sweep","floor":15,"key":"SMITH"},{"data":"After Image","floor":23,"key":"SMITH"},{"data":"Backflip","floor":29,"key":"SMITH"},{"data":"Dodge and Roll","floor":32,"key":"SMITH"},{"data":"Blur","floor":40,"key":"SMITH"},{"data":"Blade Dance","floor":42,"key":"SMITH"},{"data":"Defend_G","floor":45,"key":"SMITH"},{"data":"Phantasmal Killer","floor":49,"key":"SMITH"}],"neow_cost":"NONE","seed_source_timestamp":42788722942570,"circlet_count":0,"master_deck":["Defend_G","Defend_G","Defend_G","Defend_G","Defend_G+1","Survivor+1","Neutralize+1","Backstab+1","Predator+1","Heel Hook+1","Bullet Time+1","Flying Knee+1","Leg Sweep+1","After Image+1","Backflip+1","Riddle With Holes+1","Endless Agony+1","Bite+1","Bite+1","Bite+1","Bite+1","Bite+1","Blade Dance+1","Heel Hook+1","Dodge and Roll+1","Die Die Die+1","Dodge and Roll+1","Regret","Corpse Explosion","Endless Agony+1","Blur+1","Doubt","Backflip+1","Sucker Punch+1","Phantasmal Killer+1","PiercingWail"],"relics":["Ring of the Snake","NeowsBlessing","Shuriken","Molten Egg 2","Question Card","Vajra","Cursed Key","Darkstone Periapt","Enchiridion","Kunai","Eternal Feather","HandDrill","Ornamental Fan"],"potions_floor_usage":[16,33,39,48,50,50],"damage_taken":[{"damage":0,"enemies":"Cultist","floor":1,"turns":1},{"damage":0,"enemies":"Gremlin Nob","floor":7,"turns":1},{"damage":0,"enemies":"3 Sentries","floor":10,"turns":1},{"damage":0,"enemies":"2 Louse","floor":11,"turns":1},{"damage":0,"enemies":"Jaw Worm","floor":12,"turns":1},{"damage":2,"enemies":"Blue Slaver","floor":14,"turns":2},{"damage":18,"enemies":"Hexaghost","floor":16,"turns":8},{"damage":0,"enemies":"Spheric Guardian","floor":18,"turns":3},{"damage":0,"enemies":"Chosen","floor":21,"turns":4},{"damage":0,"enemies":"Snake Plant","floor":27,"turns":3},{"damage":0,"enemies":"Centurion and Healer","floor":28,"turns":4},{"damage":1,"enemies":"Cultist and Chosen","floor":30,"turns":4},{"damage":1,"enemies":"Snecko","floor":31,"turns":5},{"damage":13,"enemies":"Automaton","floor":33,"turns":8},{"damage":0,"enemies":"3 Darklings","floor":35,"turns":3},{"damage":3,"enemies":"Orb Walker","floor":38,"turns":2},{"damage":2,"enemies":"Maw","floor":39,"turns":7},{"damage":1,"enemies":"Flame Bruiser 2 Orb","floor":44,"turns":5},{"damage":0,"enemies":"Spire Growth","floor":46,"turns":3},{"damage":1,"enemies":"Transient","floor":47,"turns":5},{"damage":3,"enemies":"Flame Bruiser 2 Orb","floor":48,"turns":6},{"damage":5,"enemies":"Donu and Deca","floor":50,"turns":5}],"seed_played":"7875081092618039615","potions_obtained":[{"floor":1,"key":"Energy Potion"},{"floor":14,"key":"PowerPotion"},{"floor":28,"key":"Strength Potion"},{"floor":31,"key":"SpeedPotion"},{"floor":33,"key":"GamblersBrew"},{"floor":39,"key":"EssenceOfSteel"}],"is_trial":false,"path_per_floor":["M","T","$","?","?","R","E","R","T","E","M","M","R","M","R","B",null,"M","$","?","M","$","R","?","?","T","M","M","R","M","M","R","B",null,"M","?","$","M","M","R","$","R","T","M","R","M","M","M","R","B"],"character_chosen":"THE_SILENT","items_purchased":["Darkstone Periapt","Endless Agony+1","Corpse Explosion","HandDrill"],"campfire_rested":0,"item_purchase_floors":[19,22,37,41],"current_hp_per_floor":[70,70,70,56,61,61,61,61,61,61,61,61,61,59,59,41,75,75,75,75,75,75,75,59,52,58,58,58,58,58,58,58,48,58,58,64,64,61,64,64,64,64,70,70,70,70,70,70,70,65],"gold":122,"neow_bonus":"THREE_ENEMY_KILL","is_prod":false,"is_daily":false,"chose_seed":false,"campfire_upgraded":11,"win_rate":0,"timestamp":1535055789,"path_taken":["M","?","$","?","?","R","E","R","T","E","M","M","R","M","R","BOSS","M","$","?","M","$","R","?","?","T","M","?","R","?","M","R","BOSS","M","?","$","?","M","R","$","R","T","M","R","M","M","M","R","BOSS"],"build_version":"2018-08-16","purchased_purges":1,"victory":true,"max_hp_per_floor":[70,70,70,70,75,75,75,75,75,75,75,75,75,75,75,75,75,75,75,75,75,75,75,75,52,58,58,58,58,58,58,58,58,58,58,64,64,64,64,64,64,64,70,70,70,70,70,70,70,70],"card_choices":[{"not_picked":["Infinite Blades","Flying Knee"],"picked":"Backstab","floor":1},{"not_picked":["Deadly Poison","Backflip"],"picked":"Predator","floor":7},{"not_picked":["Deflect","Outmaneuver","Caltrops"],"picked":"Heel Hook+1","floor":10},{"not_picked":["Deadly Poison","Bane+1","Underhanded Strike+1"],"picked":"Bullet Time","floor":11},{"not_picked":["Eviscerate+1","Finisher+1","Infinite Blades"],"picked":"Flying Knee+1","floor":12},{"not_picked":["Backflip","Quick Slash+1","Dagger Spray+1"],"picked":"Leg Sweep","floor":14},{"not_picked":["Venomology","Envenom","Malaise"],"picked":"After Image","floor":16},{"not_picked":["Skewer+1","Flechettes+1","Quick Slash+1"],"picked":"Backflip","floor":18},{"not_picked":["Quick Slash+1","Choke+1","Sucker Punch+1"],"picked":"Riddle With Holes+1","floor":21},{"not_picked":["Catalyst","Crippling Poison","Dagger Throw+1"],"picked":"Blade Dance","floor":27},{"not_picked":["Calculated Gamble","Bane+1","Tactician"],"picked":"Heel Hook+1","floor":28},{"not_picked":["Deflect","Dagger Throw+1","Dagger Spray+1","Outmaneuver"],"picked":"SKIP","floor":30},{"not_picked":["A Thousand Cuts","Catalyst+1","Slice+1"],"picked":"Dodge and Roll","floor":31},{"not_picked":["Night Terror","Wraith Form v2","Malaise"],"picked":"Die Die Die+1","floor":33},{"not_picked":["PiercingWail","Poisoned Stab+1","Prepared"],"picked":"Dodge and Roll+1","floor":35},{"not_picked":["Dodge and Roll","Quick Slash+1","Dagger Throw+1"],"picked":"Endless Agony+1","floor":38},{"not_picked":["Masterful Stab+1","Escape Plan","Deflect"],"picked":"Blur","floor":39},{"not_picked":["Heel Hook+1","Leg Sweep+1","Deadly Poison"],"picked":"Backflip+1","floor":44},{"not_picked":["Bane+1","All Out Attack+1","Tactician+1"],"picked":"Sucker Punch+1","floor":46},{"not_picked":["Prepared","Deadly Poison+1","Quick Slash+1"],"picked":"Phantasmal Killer","floor":47},{"not_picked":["Outmaneuver","Expertise+1","Masterful Stab+1"],"picked":"PiercingWail","floor":48}],"player_experience":19888,"relics_obtained":[{"floor":2,"key":"Shuriken"},{"floor":7,"key":"Molten Egg 2"},{"floor":9,"key":"Question Card"},{"floor":10,"key":"Vajra"},{"floor":24,"key":"Enchiridion"},{"floor":26,"key":"Kunai"},{"floor":43,"key":"Ornamental Fan"}],"event_choices":[{"event_name":"Shining Light","player_choice":"Entered Light","floor":4,"damage_taken":0},{"event_name":"Big Fish","player_choice":"Donut","floor":5,"damage_taken":0},{"event_name":"Beggar","player_choice":"Ignored","floor":20,"damage_taken":0},{"event_name":"Cursed Tome","player_choice":"Obtained Book","floor":24,"damage_taken":0},{"event_name":"Vampires","player_choice":"Became a vampire","floor":25,"damage_taken":0},{"event_name":"Golden Shrine","player_choice":"Desecrate","floor":36,"damage_taken":0}],"is_beta":false,"boss_relics":[{"not_picked":["Ring of the Serpent","Fusion Hammer"],"picked":"Cursed Key"},{"not_picked":["Runic Dome","Orrery"],"picked":"Eternal Feather"}],"items_purged_floors":[37],"is_endless":false,"potions_floor_spawned":[1,14,28,31,33,39,46,47],"ascension_level":1}