{"gold_per_floor":[112,127,127,145,163,163,194,214,268,345,365,379,379,395,395,497,497,513,513,544,544,556,556,572,276,301,313,313,324,324,339,339,440,440,460,117,137,137,156,156,122,122,122,222,240,272,284,329,341,353],"floor_reached":51,"playtime":3073,"items_purged":[],"score":761,"play_id":"18f0f00e-1645-4b60-9598-94cf59fdda0a","local_time":"20190604173021","is_ascension_mode":false,"campfire_choices":[{"data":"Perfected Strike","floor":6,"key":"SMITH"},{"floor":15,"key":"REST"},{"floor":23,"key":"REST"},{"data":"1","floor":30,"key":"LIFT"},{"data":"2","floor":32,"key":"LIFT"},{"data":"3","floor":40,"key":"LIFT"},{"data":"Heavy Blade","floor":42,"key":"SMITH"},{"floor":47,"key":"REST"},{"data":"Perfected Strike","floor":49,"key":"SMITH"}],"neow_cost":"NONE","seed_source_timestamp":111546766643118,"circlet_count":0,"master_deck":["Strike_R+1","Strike_R+1","Strike_R+1","Strike_R+1","Strike_R+1","Defend_R+1","Defend_R+1","Defend_R+1","Defend_R+1","Bash+1","Sword Boomerang","Cleave","Perfected Strike+1","Heavy Blade","Battle Trance","Perfected Strike","Perfected Strike+1","Evolve","Immolate","Demon Form","Perfected Strike","Clash","Pommel Strike","Inflame","Heavy Blade+1","Necronomicurse","Spot Weakness","Wild Strike","Bludgeon","Dark Shackles","Perfected Strike+1","Inflame","Ghostly Armor+1","Impervious","Perfected Strike+1"],"relics":["Burning Blood","Whetstone","Singing Bowl","War Paint","Sozu","Red Mask","Girya","Blood Vial","Necronomicon","Black Star","Shuriken","Magic Flower","Dead Branch","MawBank","Frozen Egg 2","Incense Burner","Gambling Chip"],"potions_floor_usage":[48,50,50],"damage_taken":[{"damage":1,"enemies":"Jaw Worm","floor":1,"turns":3},{"damage":2,"enemies":"Small Slimes","floor":2,"turns":3},{"damage":6,"enemies":"2 Louse","floor":4,"turns":2},{"damage":16,"enemies":"Red Slaver","floor":5,"turns":3},{"damage":17,"enemies":"3 Sentries","floor":7,"turns":5},{"damage":15,"enemies":"Looter","floor":8,"turns":3},{"damage":5,"enemies":"Exordium Wildlife","floor":11,"turns":4},{"damage":11,"enemies":"3 Louse","floor":12,"turns":2},{"damage":0,"enemies":"2 Fungi Beasts","floor":14,"turns":2},{"damage":71,"enemies":"The Guardian","floor":16,"turns":9},{"damage":16,"enemies":"Spheric Guardian","floor":18,"turns":4},{"damage":20,"enemies":"Masked Bandits","floor":20,"turns":3},{"damage":25,"enemies":"Colosseum Slavers","floor":21,"turns":4},{"damage":12,"enemies":"3 Byrds","floor":22,"turns":5},{"damage":0,"enemies":"Snecko","floor":24,"turns":3},{"damage":0,"enemies":"Snake Plant","floor":27,"turns":2},{"damage":4,"enemies":"Centurion and Healer","floor":29,"turns":3},{"damage":0,"enemies":"Snecko","floor":31,"turns":2},{"damage":14,"enemies":"Automaton","floor":33,"turns":3},{"damage":10,"enemies":"3 Shapes","floor":35,"turns":2},{"damage":0,"enemies":"Orb Walker","floor":37,"turns":1},{"damage":14,"enemies":"Sphere and 2 Shapes","floor":39,"turns":3},{"damage":0,"enemies":"Mind Bloom Boss Battle","floor":44,"turns":3},{"damage":0,"enemies":"Maw","floor":45,"turns":4},{"damage":29,"enemies":"Nemesis","floor":46,"turns":3},{"damage":0,"enemies":"Reptomancer","floor":48,"turns":2},{"damage":112,"enemies":"Awakened One","floor":50,"turns":8}],"seed_played":"2102720925924077882","potions_obtained":[{"floor":1,"key":"SteroidPotion"},{"floor":2,"key":"BloodPotion"},{"floor":7,"key":"LiquidBronze"},{"floor":12,"key":"Regen Potion"}],"is_trial":false,"path_per_floor":["M","M","?","M","M","R","E","M","T","?","M","M","?","M","R","B",null,"M","?","?","?","M","R","M","$","T","M","?","M","R","M","R","B",null,"M","$","M","?","M","R","$","R","T","?","M","E","R","E","R","B",null],"character_chosen":"IRONCLAD","items_purchased":["Girya","Shuriken","Dark Shackles","Inflame"],"campfire_rested":3,"item_purchase_floors":[25,36,36,41],"current_hp_per_floor":[80,80,80,80,70,70,59,50,50,50,51,46,46,52,76,11,80,70,70,56,37,31,55,61,61,61,69,53,57,57,65,65,59,80,78,78,82,82,74,74,74,74,74,84,84,64,84,84,84,12],"gold":365,"neow_bonus":"RANDOM_COMMON_RELIC","is_prod":false,"is_daily":false,"chose_seed":false,"campfire_upgraded":3,"win_rate":0,"timestamp":1559683821,"path_taken":["M","M","?","M","M","R","E","M","T","?","M","M","?","?","R","BOSS","M","?","?","?","M","R","?","$","T","M","?","M","R","M","R","BOSS","M","$","M","?","M","R","$","R","T","?","M","E","R","E","R","BOSS"],"build_version":"2019-01-23","purchased_purges":0,"victory":true,"max_hp_per_floor":[80,80,80,80,80,80,80,80,80,80,80,80,80,80,80,80,80,80,80,80,80,80,80,80,80,80,80,80,80,80,80,80,80,80,82,82,82,82,82,82,82,82,82,84,84,84,84,84,84,84],"card_choices":[{"not_picked":["True Grit","Pummel"],"picked":"Sword Boomerang","floor":1},{"not_picked":["Clothesline","Headbutt"],"picked":"Cleave","floor":2},{"not_picked":["Body Slam","Carnage"],"picked":"Perfected Strike","floor":4},{"not_picked":["Clothesline","Brutality"],"picked":"Heavy Blade","floor":5},{"not_picked":["Pommel Strike","Armaments"],"picked":"Battle Trance","floor":7},{"not_picked":["Rupture","Thunderclap"],"picked":"Perfected Strike","floor":8},{"not_picked":["Body Slam","Headbutt"],"picked":"Perfected Strike","floor":11},{"not_picked":["Searing Blow","Sword Boomerang"],"picked":"Evolve","floor":12},{"not_picked":["Feel No Pain","Battle Trance"],"picked":"Immolate","floor":14},{"not_picked":["Bludgeon","Barricade"],"picked":"Demon Form","floor":16},{"not_picked":["Iron Wave+1","Metallicize"],"picked":"Perfected Strike","floor":18},{"not_picked":["Shrug It Off","Havoc+1"],"picked":"Clash","floor":20},{"not_picked":["Brutality","Flex"],"picked":"Pommel Strike","floor":22},{"not_picked":["Power Through","Ghostly Armor+1"],"picked":"Inflame","floor":24},{"not_picked":["True Grit","Headbutt+1"],"picked":"Heavy Blade","floor":27},{"not_picked":["Bloodletting+1","Warcry"],"picked":"Spot Weakness","floor":29},{"not_picked":["Power Through","Havoc"],"picked":"Wild Strike","floor":31},{"not_picked":["Impervious","Reaper"],"picked":"Bludgeon","floor":33},{"not_picked":["Corruption","Feel No Pain","Havoc"],"picked":"Singing Bowl","floor":35},{"not_picked":["True Grit","Armaments+1"],"picked":"Wild Strike+1","floor":37},{"not_picked":["Twin Strike+1","Shrug It Off+1"],"picked":"Perfected Strike","floor":39},{"not_picked":["Iron Wave+1","Clothesline+1","Armaments+1"],"picked":"Singing Bowl","floor":44},{"not_picked":["Thunderclap","Sword Boomerang+1"],"picked":"Ghostly Armor+1","floor":45},{"not_picked":["Havoc","Combust"],"picked":"Impervious","floor":46},{"not_picked":["Demon Form+1","Dropkick+1"],"picked":"Perfected Strike+1","floor":48}],"player_experience":66593,"relics_obtained":[{"floor":7,"key":"Singing Bowl"},{"floor":9,"key":"War Paint"},{"floor":20,"key":"Red Mask"},{"floor":26,"key":"Blood Vial"},{"floor":28,"key":"Necronomicon"},{"floor":43,"key":"Magic Flower"},{"floor":44,"key":"Dead Branch"},{"floor":46,"key":"MawBank"},{"floor":46,"key":"Frozen Egg 2"},{"floor":48,"key":"Incense Burner"},{"floor":48,"key":"Gambling Chip"}],"event_choices":[{"damage_healed":0,"gold_gain":0,"player_choice":"Ignored","damage_taken":0,"max_hp_gain":0,"max_hp_loss":0,"event_name":"Liars Game","floor":3,"gold_loss":0},{"damage_healed":0,"gold_gain":77,"player_choice":"Gained Gold","damage_taken":0,"max_hp_gain":0,"max_hp_loss":0,"event_name":"Golden Wing","floor":10,"gold_loss":0},{"damage_healed":0,"gold_gain":0,"player_choice":"Upgraded","damage_taken":0,"max_hp_gain":0,"max_hp_loss":0,"event_name":"Upgrade Shrine","floor":13,"gold_loss":0,"cards_upgraded":["Perfected Strike"]},{"damage_healed":0,"gold_gain":0,"player_choice":"Simplicity","damage_taken":0,"max_hp_gain":0,"max_hp_loss":0,"event_name":"Back to Basics","floor":19,"gold_loss":0,"cards_upgraded":["Strike_R","Strike_R","Strike_R","Strike_R","Defend_R","Defend_R"]},{"damage_healed":0,"gold_gain":0,"player_choice":"Fought Bandits","damage_taken":0,"max_hp_gain":0,"max_hp_loss":0,"event_name":"Masked Bandits","floor":20,"gold_loss":0},{"damage_healed":0,"gold_gain":0,"player_choice":"Fight","damage_taken":0,"max_hp_gain":0,"max_hp_loss":0,"event_name":"Colosseum","floor":21,"gold_loss":0},{"damage_healed":0,"gold_gain":0,"player_choice":"Fled From Nobs","damage_taken":0,"max_hp_gain":0,"max_hp_loss":0,"event_name":"Colosseum","floor":21,"gold_loss":0},{"damage_healed":0,"gold_gain":0,"player_choice":"Obtained Book","damage_taken":16,"max_hp_gain":0,"max_hp_loss":0,"event_name":"Cursed Tome","floor":28,"gold_loss":0},{"cards_removed":["Wild Strike"],"damage_healed":0,"gold_gain":0,"player_choice":"Removed Attack","damage_taken":0,"max_hp_gain":0,"max_hp_loss":0,"event_name":"Falling","floor":38,"gold_loss":0},{"damage_healed":0,"gold_gain":0,"player_choice":"Fight","damage_taken":0,"max_hp_gain":0,"max_hp_loss":0,"event_name":"MindBloom","floor":44,"gold_loss":0}],"is_beta":false,"boss_relics":[{"not_picked":["Runic Pyramid","Fusion Hammer"],"picked":"Sozu"},{"not_picked":["Pandora\u0027s Box","Eternal Feather"],"picked":"Black Star"}],"items_purged_floors":[],"is_endless":false,"potions_floor_spawned":[1,2,7,12,14,18,20,27,31,33,39,45,46,48],"ascension_level":0}