{"gold_per_floor":[115,115,135,146,15,15,41,41,64,64,81,81,106,116,116,213,213,223,223,133,153,173,203,216,235,289,326,358,370,410,442,454,563,575,606,618,641,668,694,706,750,781,875,887,859,888,910,29,29,29],"floor_reached":51,"playtime":4912,"items_purged":["Decay"],"score":954,"play_id":"6a44392e-4b0b-4ca4-8d81-f95dbe622226","local_time":"20190320225002","is_ascension_mode":true,"campfire_choices":[{"data":"Armaments","floor":6.0,"key":"SMITH"},{"data":"Bash","floor":8.0,"key":"SMITH"},{"data":"Carnage","floor":10.0,"key":"SMITH"},{"data":"Juggernaut","floor":15.0,"key":"SMITH"},{"data":"Uppercut","floor":29.0,"key":"SMITH"},{"data":"True Grit","floor":32.0,"key":"SMITH"},{"floor":40.0,"key":"REST"},{"floor":44,"key":"REST"},{"floor":49,"key":"REST"}],"neow_cost":"CURSE","seed_source_timestamp":16411026863116,"circlet_count":0,"master_deck":["Strike_R","Strike_R","Defend_R","Defend_R","Defend_R","Defend_R","Bash+1","Clumsy","Exhume","Juggernaut+1","Carnage+1","Feel No Pain+1","Second Wind","Whirlwind+1","Armaments+1","Demon Form","Pummel+1","Intimidate","Immolate","Warcry+1","Shrug It Off","True Grit+1","Headbutt","Clumsy","Sentinel","Uppercut+1","Disarm+1","Sentinel+1","Offering","Parasite","Pummel","Iron Wave+1","Pommel Strike+1","Heavy Blade+1","Shrug It Off","True Grit","Impervious","Flash of Steel","Metamorphosis","Pommel Strike+1"],"special_seed":0,"relics":["Burning Blood","Dream Catcher","Bag of Preparation","WarpedTongs","Whetstone","Cursed Key","Darkstone Periapt","MawBank","Thread and Needle","Oddly Smooth Stone","Fusion Hammer","Gremlin Horn","Bottled Lightning","ClockworkSouvenir","Red Skull"],"potions_floor_usage":[50,50],"damage_taken":[{"damage":4.0,"enemies":"2 Louse","floor":1.0,"turns":3.0},{"damage":6.0,"enemies":"Cultist","floor":3.0,"turns":4.0},{"damage":12.0,"enemies":"Small Slimes","floor":4.0,"turns":4.0},{"damage":12.0,"enemies":"Lagavulin","floor":7.0,"turns":6.0},{"damage":1.0,"enemies":"Red Slaver","floor":11.0,"turns":4.0},{"damage":9.0,"enemies":"3 Sentries","floor":13.0,"turns":6.0},{"damage":1.0,"enemies":"Exordium Wildlife","floor":14.0,"turns":3.0},{"damage":4.0,"enemies":"Slime Boss","floor":16.0,"turns":5.0},{"damage":4.0,"enemies":"3 Byrds","floor":18.0,"turns":4.0},{"damage":1.0,"enemies":"Chosen","floor":21.0,"turns":5.0},{"damage":9.0,"enemies":"Centurion and Healer","floor":22.0,"turns":5.0},{"damage":27.0,"enemies":"Slavers","floor":23.0,"turns":5.0},{"damage":11.0,"enemies":"Snecko","floor":24.0,"turns":5.0},{"damage":0.0,"enemies":"Chosen and Byrds","floor":25.0,"turns":4.0},{"damage":17.0,"enemies":"Gremlin Leader","floor":27.0,"turns":5.0},{"damage":17.0,"enemies":"Shelled Parasite and Fungi","floor":28.0,"turns":4.0},{"damage":0.0,"enemies":"Book of Stabbing","floor":30.0,"turns":4.0},{"damage":0.0,"enemies":"Snake Plant","floor":31.0,"turns":3.0},{"damage":29.0,"enemies":"Automaton","floor":33.0,"turns":8.0},{"damage":6.0,"enemies":"Orb Walker","floor":35.0,"turns":2.0},{"damage":0.0,"enemies":"3 Shapes","floor":37.0,"turns":4.0},{"damage":15.0,"enemies":"Writhing Mass","floor":38.0,"turns":5.0},{"damage":0.0,"enemies":"4 Shapes","floor":39.0,"turns":3.0},{"damage":32,"enemies":"Giant Head","floor":41,"turns":8},{"damage":6,"enemies":"Maw","floor":42,"turns":5},{"damage":9,"enemies":"Transient","floor":46,"turns":5},{"damage":6,"enemies":"Sphere and 2 Shapes","floor":47,"turns":2},{"damage":61,"enemies":"Awakened One","floor":50,"turns":10}],"seed_played":"-5388103409890469661","potions_obtained":[{"floor":1.0,"key":"Regen Potion"},{"floor":7.0,"key":"EssenceOfSteel"},{"floor":13.0,"key":"Ancient Potion"},{"floor":14.0,"key":"Explosive Potion"},{"floor":16.0,"key":"Strength Potion"},{"floor":23.0,"key":"Strength Potion"},{"floor":25.0,"key":"Poison Potion"},{"floor":27.0,"key":"Fire Potion"},{"floor":28.0,"key":"Fire Potion"},{"floor":35.0,"key":"Poison Potion"},{"floor":39.0,"key":"SpeedPotion"},{"floor":42,"key":"Swift Potion"},{"floor":45,"key":"Weak Potion"},{"floor":45,"key":"GamblersBrew"}],"is_trial":false,"path_per_floor":["M","?","M","M","$","R","E","R","T","R","M","?","E","M","R","B",null,"M","?","?","M","M","E","M","M","T","E","M","R","E","M","R","B",null,"M","?","M","M","M","R","E","M","T","R","?","M","M","$","R","B",null],"character_chosen":"IRONCLAD","items_purchased":["Whirlwind","Armaments","ClockworkSouvenir","Red Skull","Impervious","Flash of Steel","FearPotion","Metamorphosis"],"campfire_rested":3,"item_purchase_floors":[5,5,48,48,48,48,48,48],"current_hp_per_floor":[80,80,80,74,74,74,68,68,68,68,73,73,70,75,75,77,80,80,80,80,80,77,68,63,69,75,64,53,53,59,65,65,42,86,86,82,82,79,85,88,62,62,68,94,94,91,91,91,94,39],"gold":29,"neow_bonus":"TRANSFORM_TWO_CARDS","is_prod":false,"is_daily":false,"chose_seed":false,"campfire_upgraded":6,"win_rate":0,"timestamp":1553118602,"path_taken":["M","?","M","M","$","R","E","R","T","R","?","?","E","M","R","BOSS","M","?","?","?","M","E","M","M","T","E","?","R","E","M","R","BOSS","M","?","M","M","M","R","E","M","T","R","?","M","?","$","R","BOSS"],"build_version":"2019-01-23","purchased_purges":1,"victory":true,"max_hp_per_floor":[80,80,80,80,80,80,80,80,80,80,80,80,80,80,80,80,80,80,80,80,80,80,80,80,80,86,86,86,86,86,86,86,86,86,86,82,82,88,88,88,88,88,94,94,94,94,94,94,94,94],"card_choices":[{"not_picked":["True Grit","Reckless Charge"],"picked":"Carnage","floor":1.0},{"not_picked":["Flex","Havoc"],"picked":"Feel No Pain","floor":3.0},{"not_picked":["Pommel Strike","Power Through"],"picked":"Second Wind","floor":4.0},{"not_picked":["Anger","Fire Breathing","Bloodletting"],"picked":"SKIP","floor":7.0},{"not_picked":["Havoc","Heavy Blade"],"picked":"Demon Form","floor":11.0},{"not_picked":["Flex","Intimidate"],"picked":"Pummel","floor":13.0},{"not_picked":["Rampage","Warcry"],"picked":"Intimidate","floor":14.0},{"not_picked":["Brutality","Double Tap"],"picked":"Immolate","floor":16.0},{"not_picked":["Burning Pact","Cleave","Armaments"],"picked":"SKIP","floor":18.0},{"not_picked":["Perfected Strike","Heavy Blade","Exhume"],"picked":"SKIP","floor":21.0},{"not_picked":["Pommel Strike","Armaments"],"picked":"Warcry+1","floor":22.0},{"not_picked":["Second Wind","Blood for Blood+1"],"picked":"Shrug It Off","floor":23.0},{"not_picked":["Rage","Sword Boomerang"],"picked":"True Grit","floor":24.0},{"not_picked":["Wild Strike+1","Flex"],"picked":"Headbutt","floor":25.0},{"not_picked":["Sword Boomerang","Sever Soul"],"picked":"Sentinel","floor":27.0},{"not_picked":["Clash","Headbutt"],"picked":"Uppercut","floor":28.0},{"not_picked":["Perfected Strike","Rupture"],"picked":"Disarm+1","floor":30.0},{"not_picked":["Bloodletting","Clash"],"picked":"Sentinel+1","floor":31.0},{"not_picked":["Brutality","Exhume"],"picked":"Offering","floor":33.0},{"not_picked":["Sword Boomerang","Uppercut","Cleave"],"picked":"SKIP","floor":35.0},{"not_picked":["Cleave","Heavy Blade","Perfected Strike"],"picked":"SKIP","floor":37.0},{"not_picked":["Headbutt+1","Sword Boomerang+1"],"picked":"Pummel","floor":38.0},{"not_picked":["Havoc+1","True Grit"],"picked":"Iron Wave+1","floor":39.0},{"not_picked":["Clothesline","Anger"],"picked":"Pommel Strike+1","floor":40.0},{"not_picked":["Armaments+1","Body Slam+1","Headbutt"],"picked":"SKIP","floor":41},{"not_picked":["Wild Strike","Combust+1"],"picked":"Heavy Blade+1","floor":42},{"not_picked":["Clash+1","Havoc"],"picked":"Shrug It Off","floor":44},{"not_picked":["Body Slam","Warcry"],"picked":"True Grit","floor":46},{"not_picked":["Heavy Blade","Seeing Red+1","Searing Blow+1"],"picked":"SKIP","floor":47},{"not_picked":["Reckless Charge","Combust+1"],"picked":"Pommel Strike+1","floor":49}],"player_experience":63674,"relics_obtained":[{"floor":7.0,"key":"Dream Catcher"},{"floor":9.0,"key":"Bag of Preparation"},{"floor":13.0,"key":"Whetstone"},{"floor":23.0,"key":"Darkstone Periapt"},{"floor":26.0,"key":"MawBank"},{"floor":27.0,"key":"Thread and Needle"},{"floor":30.0,"key":"Oddly Smooth Stone"},{"floor":41,"key":"Gremlin Horn"},{"floor":43,"key":"Bottled Lightning"}],"event_choices":[{"cards_removed":["Strike_R"],"damage_healed":0.0,"max_hp_gain":0.0,"max_hp_loss":0.0,"gold_gain":0.0,"event_name":"Purifier","player_choice":"Purged","floor":2.0,"gold_loss":0.0,"damage_taken":0.0},{"damage_healed":0.0,"max_hp_gain":0.0,"max_hp_loss":0.0,"gold_gain":0.0,"event_name":"Accursed Blacksmith","player_choice":"Rummage","floor":12.0,"gold_loss":0.0,"damage_taken":0.0,"relics_obtained":["WarpedTongs"],"cards_obtained":["Pain"]},{"damage_healed":0.0,"max_hp_gain":0.0,"max_hp_loss":0.0,"gold_gain":0.0,"event_name":"Vampires","player_choice":"Ignored","floor":19.0,"gold_loss":0.0,"damage_taken":0.0},{"cards_removed":["Pain"],"damage_healed":0.0,"max_hp_gain":0.0,"max_hp_loss":0.0,"gold_gain":0.0,"event_name":"Designer","player_choice":"Upgrade and Remove","floor":20.0,"gold_loss":90.0,"damage_taken":0.0,"cards_upgraded":["Feel No Pain"]},{"damage_healed":0.0,"max_hp_gain":0.0,"max_hp_loss":4.0,"gold_gain":0.0,"event_name":"Winding Halls","player_choice":"Max HP","floor":36.0,"gold_loss":0.0,"damage_taken":0.0},{"damage_healed":0,"gold_gain":0,"player_choice":"Bought 3 Potions","damage_taken":0,"max_hp_gain":0,"max_hp_loss":0,"event_name":"The Woman in Blue","floor":45,"gold_loss":0}],"is_beta":false,"boss_relics":[{"not_picked":["White Beast Statue","Astrolabe"],"picked":"Cursed Key"},{"not_picked":["Orrery","Tiny House"],"picked":"Fusion Hammer"}],"items_purged_floors":[48],"is_endless":false,"potions_floor_spawned":[1,7,13,14,16,23,25,27,28,35,39,42,47],"ascension_level":4}