{"gold_per_floor":[111,286,286,301,301,329,329,360,387,404,404,417,428,445,445,445],"floor_reached":16,"playtime":729,"items_purged":[],"score":158,"play_id":"b644fc9a-a007-481d-8042-18f6699eb87f","local_time":"20181117220343","is_ascension_mode":true,"campfire_choices":[{"data":"Body Slam","floor":7,"key":"SMITH"},{"data":"Bash","floor":11,"key":"SMITH"},{"floor":15,"key":"REST"}],"neow_cost":"NONE","seed_source_timestamp":192696742323374,"circlet_count":0,"master_deck":["Strike_R+1","Strike_R","Strike_R","Strike_R","Strike_R","Defend_R","Defend_R+1","Defend_R","Defend_R","Bash+1","Doubt","Thunderclap","Body Slam+1","Clothesline","Battle Trance","Feed","Ghostly Armor"],"relics":["Burning Blood","NeowsBlessing","Pen Nib","Potion Belt","Singing Bowl"],"potions_floor_usage":[13,16],"damage_taken":[{"damage":0,"enemies":"Small Slimes","floor":1,"turns":1},{"damage":0,"enemies":"2 Louse","floor":4,"turns":1},{"damage":0,"enemies":"Lagavulin","floor":6,"turns":1},{"damage":56,"enemies":"Gremlin Nob","floor":8,"turns":5},{"damage":5,"enemies":"Cultist","floor":10,"turns":4},{"damage":4,"enemies":"Blue Slaver","floor":12,"turns":4},{"damage":6,"enemies":"Looter","floor":13,"turns":3},{"damage":16,"enemies":"3 Louse","floor":14,"turns":4},{"damage":45,"enemies":"Hexaghost","floor":16,"turns":12}],"seed_played":"4101071039774232439","potions_obtained":[{"floor":1,"key":"FearPotion"},{"floor":8,"key":"PowerPotion"},{"floor":14,"key":"Swift Potion"}],"is_trial":false,"path_per_floor":["M","?","?","M","?","E","R","E","T","M","R","M","M","M","R","B"],"character_chosen":"IRONCLAD","items_purchased":[],"campfire_rested":1,"item_purchase_floors":[],"current_hp_per_floor":[80,80,64,70,70,76,76,26,26,29,29,31,31,21,45,0],"gold":445,"neow_bonus":"THREE_ENEMY_KILL","is_prod":false,"is_daily":false,"chose_seed":false,"campfire_upgraded":2,"win_rate":0,"timestamp":1542488623,"path_taken":["M","?","?","M","?","E","R","E","T","M","R","M","?","M","R","BOSS"],"build_version":"2018-11-15","purchased_purges":0,"victory":false,"max_hp_per_floor":[80,80,80,80,80,80,80,80,80,82,82,82,82,82,82,82],"card_choices":[{"not_picked":["Burning Pact","Sword Boomerang","Havoc"],"picked":"SKIP","floor":1},{"not_picked":["Anger","Headbutt"],"picked":"Thunderclap","floor":4},{"not_picked":["Clash","Bloodletting"],"picked":"Body Slam","floor":6},{"not_picked":["Headbutt","Body Slam"],"picked":"Clothesline","floor":8},{"not_picked":["Sentinel","Warcry","Iron Wave"],"picked":"Singing Bowl","floor":10},{"not_picked":["Body Slam","Clothesline"],"picked":"Battle Trance","floor":12},{"not_picked":["Dropkick","Wild Strike"],"picked":"Feed","floor":13},{"not_picked":["Flex","Searing Blow"],"picked":"Ghostly Armor","floor":14}],"player_experience":222752,"relics_obtained":[{"floor":6,"key":"Potion Belt"},{"floor":8,"key":"Singing Bowl"}],"event_choices":[{"damage_healed":0,"gold_gain":175,"player_choice":"AGREE","damage_taken":0,"max_hp_gain":0,"max_hp_loss":0,"event_name":"Liars Game","floor":2,"gold_loss":0,"cards_obtained":["Doubt"]},{"damage_healed":0,"gold_gain":0,"player_choice":"Entered Light","damage_taken":16,"max_hp_gain":0,"max_hp_loss":0,"event_name":"Shining Light","floor":3,"gold_loss":0,"cards_upgraded":["Defend_R","Strike_R"]},{"damage_healed":0,"gold_gain":0,"player_choice":"Gave Potion","damage_taken":0,"relics_obtained":["Pen Nib"],"max_hp_gain":0,"max_hp_loss":0,"event_name":"WeMeetAgain","floor":5,"gold_loss":0}],"is_beta":true,"boss_relics":[],"items_purged_floors":[],"is_endless":false,"potions_floor_spawned":[1,8,14],"killed_by":"Hexaghost","ascension_level":3}