{"gold_per_floor":[118,137,156,173,173,173,198,198,271,271,322,355,372,384,384,459,459,471,483,76,87,104,133,133,146,215,215,240,256,306,306,306,378,378,389,409,409,194,210,210,226,226,226,151,161,171,171,183,183,183,183,183,3,3],"floor_reached":54,"playtime":4625,"items_purged":["Defend_G","Defend_G"],"score":1386,"play_id":"72463f5e-04e3-4545-8fc8-f504cbf79887","local_time":"20190521163119","is_ascension_mode":true,"campfire_choices":[{"data":"Glass Knife","floor":6.0,"key":"SMITH"},{"data":"Bouncing Flask","floor":8.0,"key":"SMITH"},{"floor":15.0,"key":"REST"},{"floor":24.0,"key":"REST"},{"floor":32,"key":"REST"},{"floor":40,"key":"REST"},{"data":"Noxious Fumes","floor":42,"key":"SMITH"},{"floor":49,"key":"RECALL"},{"data":"Burst","floor":52,"key":"SMITH"}],"neow_cost":"CURSE","seed_source_timestamp":3514750799386565,"circlet_count":0,"master_deck":["AscendersBane","Defend_G","Defend_G","Defend_G","Strike_G","Strike_G","Strike_G","Survivor","Neutralize","Good Instincts","Flash of Steel","Flying Knee","PiercingWail","Glass Knife+1","Well Laid Plans","Bouncing Flask+1","Well Laid Plans","Die Die Die","Blur","Noxious Fumes+1","Adrenaline","Blur","Sadistic Nature","PiercingWail","Blur","Backflip","Malaise","Leg Sweep+1","Burst+1","Catalyst+1","Dash+1","Escape Plan"],"special_seed":0,"relics":["Ring of the Snake","Happy Flower","Odd Mushroom","Singing Bowl","Dream Catcher","White Beast Statue","Snake Skull","Pear","Pantograph","Dead Branch","Empty Cage","Toy Ornithopter","Mercury Hourglass"],"potions_floor_usage":[28,31,33,35,39,41,46,48,50,50],"damage_taken":[{"damage":0.0,"enemies":"2 Louse","floor":1.0,"turns":3.0},{"damage":6.0,"enemies":"Small Slimes","floor":2.0,"turns":5.0},{"damage":1.0,"enemies":"Jaw Worm","floor":3.0,"turns":4.0},{"damage":4.0,"enemies":"Red Slaver","floor":4.0,"turns":3.0},{"damage":0.0,"enemies":"The Mushroom Lair","floor":7.0,"turns":5.0},{"damage":9.0,"enemies":"3 Sentries","floor":12.0,"turns":9.0},{"damage":11.0,"enemies":"Exordium Wildlife","floor":13.0,"turns":2.0},{"damage":0.0,"enemies":"2 Fungi Beasts","floor":14.0,"turns":3.0},{"damage":9.0,"enemies":"Hexaghost","floor":16.0,"turns":9.0},{"damage":0.0,"enemies":"Chosen","floor":18.0,"turns":5.0},{"damage":12.0,"enemies":"Spheric Guardian","floor":19.0,"turns":4.0},{"damage":4.0,"enemies":"Snecko","floor":21.0,"turns":5.0},{"damage":10.0,"enemies":"Shelled Parasite and Fungi","floor":22.0,"turns":5.0},{"damage":18.0,"enemies":"Slavers","floor":23.0,"turns":5.0},{"damage":13.0,"enemies":"Centurion and Healer","floor":25.0,"turns":6.0},{"damage":33,"enemies":"Gremlin Leader","floor":28,"turns":9},{"damage":0,"enemies":"Snecko","floor":29,"turns":4},{"damage":0,"enemies":"Snake Plant","floor":31,"turns":3},{"damage":77,"enemies":"Automaton","floor":33,"turns":13},{"damage":26,"enemies":"3 Darklings","floor":35,"turns":9},{"damage":14,"enemies":"3 Shapes","floor":36,"turns":6},{"damage":18,"enemies":"Jaw Worm Horde","floor":39,"turns":6},{"damage":13,"enemies":"Maw","floor":41,"turns":7},{"damage":1,"enemies":"Transient","floor":45,"turns":6},{"damage":15,"enemies":"Sphere and 2 Shapes","floor":46,"turns":5},{"damage":20,"enemies":"Spire Growth","floor":48,"turns":5},{"damage":39,"enemies":"Donu and Deca","floor":50,"turns":12},{"damage":82,"enemies":"Shield and Spear","floor":54,"turns":5}],"seed_played":"-2867398502071617394","potions_obtained":[{"floor":1.0,"key":"Poison Potion"},{"floor":2.0,"key":"GamblersBrew"},{"floor":13.0,"key":"AttackPotion"},{"floor":14.0,"key":"GamblersBrew"},{"floor":18.0,"key":"Explosive Potion"},{"floor":19.0,"key":"AttackPotion"},{"floor":21.0,"key":"PowerPotion"},{"floor":22.0,"key":"AttackPotion"},{"floor":23.0,"key":"Weak Potion"},{"floor":25.0,"key":"Weak Potion"},{"floor":28,"key":"FearPotion"},{"floor":29,"key":"SmokeBomb"},{"floor":33,"key":"GhostInAJar"},{"floor":35,"key":"SkillPotion"},{"floor":36,"key":"GhostInAJar"},{"floor":39,"key":"Block Potion"},{"floor":41,"key":"SkillPotion"},{"floor":46,"key":"EssenceOfSteel"},{"floor":48,"key":"Energy Potion"}],"is_trial":false,"path_per_floor":["M","M","M","M","?","R","?","R","T","?","?","E","M","M","R","B",null,"M","M","$","M","M","E","R","M","T","?","E","M","?","M","R","B",null,"M","M","?","$","M","R","M","R","T","$","M","M","T","M","R","B",null,"R","$","E"],"character_chosen":"THE_SILENT","items_purchased":["Snake Skull","Sadistic Nature","PiercingWail","Toy Ornithopter","Escape Plan"],"campfire_rested":4,"item_purchase_floors":[20,20,20,38,53],"current_hp_per_floor":[59,53,52,48,30,30,30,30,30,30,30,21,12,12,32,23,57,57,47,47,43,35,27,53,42,42,59,26,26,26,26,53,1,66,40,28,28,28,17,46,40,40,40,40,41,33,33,18,18,14,79,79,79,0],"gold":3,"neow_bonus":"RANDOM_COLORLESS_2","is_prod":false,"is_daily":false,"chose_seed":false,"campfire_upgraded":4,"win_rate":0,"timestamp":1558481479,"path_taken":["M","M","M","M","?","R","?","R","T","?","?","E","M","?","R","BOSS","M","M","$","M","M","E","R","M","T","?","E","M","?","M","R","BOSS","M","M","?","$","?","R","M","R","T","$","M","M","?","?","R","BOSS","R","$","E"],"build_version":"2019-01-23","purchased_purges":2,"victory":false,"max_hp_per_floor":[66,66,66,66,66,66,66,66,66,66,66,66,68,68,68,68,68,68,70,70,70,72,82,84,86,86,86,86,86,86,86,88,88,88,88,90,90,90,92,94,96,96,96,96,98,100,100,100,100,100,100,100,100,100],"card_choices":[{"not_picked":["Accuracy","Quick Slash"],"picked":"Flying Knee","floor":1.0},{"not_picked":["Concentrate","Sucker Punch"],"picked":"PiercingWail","floor":2.0},{"not_picked":["Deadly Poison","PiercingWail"],"picked":"Glass Knife","floor":3.0},{"not_picked":["Quick Slash","Dagger Throw"],"picked":"Well Laid Plans","floor":4.0},{"not_picked":["Backflip","Distraction"],"picked":"Bouncing Flask","floor":7.0},{"not_picked":["Dodge and Roll","Concentrate"],"picked":"Die Die Die","floor":12.0},{"not_picked":["Skewer","Cloak And Dagger","PiercingWail"],"picked":"Singing Bowl","floor":13.0},{"not_picked":["Quick Slash","Poisoned Stab"],"picked":"Blur","floor":14.0},{"not_picked":["Prepared","Dagger Throw"],"picked":"Noxious Fumes","floor":15.0},{"not_picked":["Burst","Phantasmal Killer"],"picked":"Adrenaline","floor":16.0},{"not_picked":["Choke","Predator"],"picked":"Blur","floor":18.0},{"not_picked":["Underhanded Strike+1","Deadly Poison","Outmaneuver"],"picked":"Singing Bowl","floor":19.0},{"not_picked":["Underhanded Strike","Reflex"],"picked":"Blur","floor":21.0},{"not_picked":["Flechettes","Distraction","Deflect"],"picked":"Singing Bowl","floor":22.0},{"not_picked":["Cloak And Dagger","Eviscerate"],"picked":"Backflip","floor":23.0},{"not_picked":["Expertise+1","Blade Dance","Deadly Poison"],"picked":"Singing Bowl","floor":24.0},{"not_picked":["Escape Plan","Sucker Punch","Poisoned Stab+1"],"picked":"Singing Bowl","floor":25.0},{"not_picked":["Blur+1","Deflect"],"picked":"Malaise","floor":28},{"not_picked":["Flying Knee","Slice"],"picked":"Leg Sweep+1","floor":29},{"not_picked":["Cloak And Dagger","Riddle With Holes","Masterful Stab"],"picked":"Singing Bowl","floor":32},{"not_picked":["A Thousand Cuts","Tools of the Trade"],"picked":"Burst","floor":33},{"not_picked":["Endless Agony+1","Bouncing Flask+1"],"picked":"Catalyst+1","floor":35},{"not_picked":["Slice","Eviscerate","Leg Sweep"],"picked":"Singing Bowl","floor":36},{"not_picked":["Bane","Predator","Dagger Throw"],"picked":"Singing Bowl","floor":39},{"not_picked":["Prepared+1","Cloak And Dagger+1","PiercingWail"],"picked":"Singing Bowl","floor":40},{"not_picked":["Deadly Poison+1","Tactician","Expertise"],"picked":"Singing Bowl","floor":41},{"not_picked":["Infinite Blades+1","Reflex","Sucker Punch"],"picked":"Singing Bowl","floor":45},{"not_picked":["Dagger Spray","Unload","Dodge and Roll"],"picked":"Singing Bowl","floor":46},{"not_picked":["Concentrate","Outmaneuver"],"picked":"Dash+1","floor":48}],"player_experience":694954,"relics_obtained":[{"floor":7.0,"key":"Odd Mushroom"},{"floor":9.0,"key":"Singing Bowl"},{"floor":12.0,"key":"Dream Catcher"},{"floor":23.0,"key":"Pear"},{"floor":26.0,"key":"Pantograph"},{"floor":28,"key":"Dead Branch"},{"floor":47,"key":"Mercury Hourglass"}],"event_choices":[{"damage_healed":0.0,"max_hp_gain":0.0,"max_hp_loss":0.0,"gold_gain":0.0,"event_name":"Scrap Ooze","player_choice":"Success","floor":5.0,"gold_loss":0.0,"damage_taken":18.0,"relics_obtained":["Happy Flower"]},{"damage_healed":0.0,"max_hp_gain":0.0,"max_hp_loss":0.0,"gold_gain":0.0,"event_name":"Mushrooms","player_choice":"Fought Mushrooms","floor":7.0,"gold_loss":0.0,"damage_taken":0.0},{"damage_healed":0.0,"max_hp_gain":0.0,"max_hp_loss":0.0,"gold_gain":0.0,"cards_transformed":["Strike_G"],"event_name":"Living Wall","player_choice":"Change","floor":10.0,"gold_loss":0.0,"damage_taken":0.0,"cards_obtained":["Well Laid Plans"]},{"damage_healed":0.0,"max_hp_gain":0.0,"max_hp_loss":0.0,"gold_gain":51.0,"event_name":"Golden Wing","player_choice":"Gained Gold","floor":11.0,"gold_loss":0.0,"damage_taken":0.0},{"damage_healed":17.0,"max_hp_gain":0.0,"max_hp_loss":0.0,"gold_gain":0.0,"event_name":"The Library","player_choice":"Heal","floor":27.0,"gold_loss":0.0,"damage_taken":0.0},{"damage_healed":0,"gold_gain":50,"player_choice":"Stole From Cult","damage_taken":0,"max_hp_gain":0,"max_hp_loss":0,"event_name":"Nest","floor":30,"gold_loss":0},{"damage_healed":0,"gold_gain":0,"player_choice":"Got Potions","damage_taken":0,"max_hp_gain":0,"max_hp_loss":0,"event_name":"Lab","floor":37,"gold_loss":0}],"is_beta":false,"boss_relics":[{"not_picked":["Tiny House","Black Star"],"picked":"White Beast Statue"},{"not_picked":["WristBlade","Orrery"],"picked":"Empty Cage"}],"items_purged_floors":[44,53],"is_endless":false,"potions_floor_spawned":[1,2,13,14,18,19,21,22,23,25,28,29,31,33,35,36,39,41,45,46,48],"killed_by":"Shield and Spear","ascension_level":19}