{"gold_per_floor":[111,127,127,147,147,147,163,219,219,239,270,282,282,1,1,102,102,118,28,28,45,61,73,73,100,100,127,127,127,153,181,181,285,285,303,1302,600,700,717,717,749,749,776,789,801,34,34,34,34,34,34,34,34,64,64],"floor_reached":55,"playtime":6532,"items_purged":["Pain","Normality","Normality"],"score":1054,"play_id":"6c88d320-6063-4ee5-85ea-baf03e7ed39a","local_time":"20190508135107","is_ascension_mode":true,"campfire_choices":[{"data":"Quick Slash","floor":6.0,"key":"SMITH"},{"data":"Dagger Spray","floor":13.0,"key":"SMITH"},{"floor":15.0,"key":"REST"},{"data":"Predator","floor":24.0,"key":"SMITH"},{"data":"After Image","floor":29.0,"key":"SMITH"},{"floor":32.0,"key":"REST"},{"floor":40.0,"key":"RECALL"},{"floor":42.0,"key":"REST"},{"data":"Catalyst","floor":47.0,"key":"SMITH"},{"data":"Bullet Time","floor":49.0,"key":"SMITH"},{"data":"Well Laid Plans","floor":52.0,"key":"SMITH"}],"neow_cost":"NONE","seed_source_timestamp":15873708423861,"circlet_count":0,"master_deck":["Defend_G","Defend_G","Defend_G","Defend_G","Defend_G","Strike_G","Strike_G+1","Survivor","Neutralize","Well Laid Plans+1","Blur","Quick Slash+1","Flying Knee","Dagger Spray+1","Slice","Poisoned Stab","Grand Finale","After Image+1","Calculated Gamble","Predator+1","Dash+1","PiercingWail+1","Noxious Fumes+1","Writhe","Leg Sweep","Acrobatics","Die Die Die","Dash","Terror","Deadly Poison","Dodge and Roll+1","Dash+1","Normality","Backflip","Catalyst+1","Bullet Time+1","Envenom"],"special_seed":0,"relics":["Ring of the Snake","WarpedTongs","Tiny Chest","Darkstone Periapt","Tough Bandages","TwistedFunnel","Cursed Key","Boot","Gremlin Horn","Matryoshka","MutagenicStrength","Pen Nib","Red Mask","Black Star","Mummified Hand","Happy Flower","Juzu Bracelet","Nunchaku","Strawberry","Potion Belt","Lee\u0027s Waffle","Thread and Needle","Bottled Lightning"],"potions_floor_usage":[55,55,55,55],"damage_taken":[{"damage":0.0,"enemies":"2 Louse","floor":1.0,"turns":3.0},{"damage":2.0,"enemies":"Small Slimes","floor":2.0,"turns":4.0},{"damage":2.0,"enemies":"Cultist","floor":4.0,"turns":4.0},{"damage":3.0,"enemies":"Red Slaver","floor":7.0,"turns":4.0},{"damage":7.0,"enemies":"3 Sentries","floor":8.0,"turns":7.0},{"damage":1.0,"enemies":"Looter","floor":10.0,"turns":3.0},{"damage":30.0,"enemies":"Lagavulin","floor":11.0,"turns":6.0},{"damage":10.0,"enemies":"Exordium Thugs","floor":12.0,"turns":4.0},{"damage":24.0,"enemies":"Slime Boss","floor":16.0,"turns":8.0},{"damage":3.0,"enemies":"Spheric Guardian","floor":18.0,"turns":5.0},{"damage":5.0,"enemies":"Shell Parasite","floor":21.0,"turns":5.0},{"damage":6.0,"enemies":"Snake Plant","floor":22.0,"turns":3.0},{"damage":1.0,"enemies":"3 Cultists","floor":23.0,"turns":4.0},{"damage":3.0,"enemies":"Slavers","floor":25.0,"turns":3.0},{"damage":1.0,"enemies":"Book of Stabbing","floor":27.0,"turns":4.0},{"damage":0.0,"enemies":"Slavers","floor":30.0,"turns":3.0},{"damage":0.0,"enemies":"Masked Bandits","floor":31.0,"turns":2.0},{"damage":28.0,"enemies":"Automaton","floor":33.0,"turns":9.0},{"damage":0.0,"enemies":"3 Shapes","floor":35.0,"turns":1.0},{"damage":0.0,"enemies":"Orb Walker","floor":39.0,"turns":3.0},{"damage":36.0,"enemies":"Giant Head","floor":41.0,"turns":8.0},{"damage":27.0,"enemies":"Writhing Mass","floor":44.0,"turns":6.0},{"damage":0.0,"enemies":"4 Shapes","floor":45.0,"turns":5.0},{"damage":66.0,"enemies":"Awakened One","floor":50.0,"turns":18.0},{"damage":45.0,"enemies":"Shield and Spear","floor":54.0,"turns":9.0},{"damage":43,"enemies":"The Heart","floor":55,"turns":6}],"seed_played":"-7393638155085985183","potions_obtained":[{"floor":1.0,"key":"Energy Potion"},{"floor":2.0,"key":"SkillPotion"},{"floor":7.0,"key":"Energy Potion"},{"floor":10.0,"key":"Regen Potion"},{"floor":11.0,"key":"Swift Potion"},{"floor":18.0,"key":"EssenceOfSteel"},{"floor":21.0,"key":"Poison Potion"},{"floor":25.0,"key":"PowerPotion"},{"floor":33.0,"key":"Explosive Potion"},{"floor":35.0,"key":"Ancient Potion"},{"floor":44.0,"key":"Energy Potion"},{"floor":54.0,"key":"AttackPotion"}],"is_trial":false,"path_per_floor":["M","M","?","M","?","R","M","E","T","M","E","M","R","$","R","B",null,"M","?","$","M","M","M","R","E","T","E","?","R","E","?","R","B",null,"M","?","$","?","M","R","E","R","T","M","M","$","R","?","R","B",null,"R","$","E","B"],"character_chosen":"THE_SILENT","items_purchased":["TwistedFunnel","Mummified Hand","Happy Flower","Terror","GhostInAJar","Deadly Poison","Potion Belt","Lee\u0027s Waffle","Catalyst","Bullet Time","Energy Potion","Weak Potion"],"campfire_rested":3,"item_purchase_floors":[14,37,37,37,37,37,46,46,46,46,46,46],"current_hp_per_floor":[70,68,68,66,66,66,63,56,56,55,40,30,30,30,51,27,59,56,56,56,51,45,44,44,41,47,46,46,46,46,46,68,40,67,67,79,79,79,79,79,43,69,82,55,55,108,108,103,103,37,87,87,87,42,0],"gold":64,"neow_bonus":"REMOVE_CARD","is_prod":false,"is_daily":false,"chose_seed":false,"campfire_upgraded":7,"win_rate":0,"timestamp":1557316267,"path_taken":["M","M","?","M","?","R","M","E","T","M","E","?","R","?","R","BOSS","M","?","?","?","M","M","R","E","T","E","?","R","E","?","R","BOSS","M","?","$","?","?","R","E","R","T","M","M","$","R","?","R","BOSS","R","$","E","BOSS"],"build_version":"2019-01-23","purchased_purges":3,"victory":false,"max_hp_per_floor":[70,70,70,70,70,70,70,70,70,70,70,70,70,70,70,70,70,70,70,70,70,70,70,70,70,76,76,76,76,76,76,76,76,76,76,88,88,88,88,88,88,88,101,101,101,108,108,103,103,103,103,103,103,103,103],"card_choices":[{"not_picked":["Caltrops","Calculated Gamble"],"picked":"Well Laid Plans","floor":1.0},{"not_picked":["Escape Plan","Backflip"],"picked":"Blur","floor":2.0},{"not_picked":["Infinite Blades","Concentrate"],"picked":"Flying Knee","floor":4.0},{"not_picked":["Deflect","Dodge and Roll"],"picked":"Dagger Spray","floor":7.0},{"not_picked":["Deflect","Flechettes"],"picked":"Slice","floor":8.0},{"not_picked":["Prepared","Riddle With Holes"],"picked":"Poisoned Stab","floor":10.0},{"not_picked":["Choke","Distraction"],"picked":"Grand Finale","floor":11.0},{"not_picked":["Deflect","Eviscerate","Cloak And Dagger"],"picked":"SKIP","floor":12.0},{"not_picked":["Phantasmal Killer","Envenom"],"picked":"After Image","floor":16.0},{"not_picked":["Backflip","Setup"],"picked":"Calculated Gamble","floor":18.0},{"not_picked":["Concentrate","Leg Sweep"],"picked":"Predator","floor":21.0},{"not_picked":["Slice","Sucker Punch"],"picked":"Dash+1","floor":22.0},{"not_picked":["Acrobatics","Deflect"],"picked":"PiercingWail+1","floor":23.0},{"not_picked":["Reflex+1","Dodge and Roll"],"picked":"Noxious Fumes+1","floor":25.0},{"not_picked":["Outmaneuver","Setup","Heel Hook+1"],"picked":"SKIP","floor":27.0},{"not_picked":["Prepared","Finisher"],"picked":"Leg Sweep","floor":30.0},{"not_picked":["Flying Knee","Deflect"],"picked":"Acrobatics","floor":31.0},{"not_picked":["Tools of the Trade","Storm of Steel"],"picked":"Die Die Die","floor":33.0},{"not_picked":["Quick Slash+1","Backflip"],"picked":"Dash","floor":35.0},{"not_picked":["Acrobatics+1","Deflect"],"picked":"Dodge and Roll+1","floor":39.0},{"not_picked":["Dodge and Roll+1","Deadly Poison"],"picked":"Dash+1","floor":41.0},{"not_picked":["PiercingWail","Dodge and Roll+1"],"picked":"Backflip","floor":44.0},{"not_picked":["Cloak And Dagger","All Out Attack","Backflip"],"picked":"SKIP","floor":45.0},{"not_picked":["Flying Knee+1","Masterful Stab"],"picked":"Envenom","floor":54.0}],"player_experience":157936,"relics_obtained":[{"floor":8.0,"key":"Tiny Chest"},{"floor":9.0,"key":"Darkstone Periapt"},{"floor":11.0,"key":"Tough Bandages"},{"floor":25.0,"key":"Boot"},{"floor":26.0,"key":"Gremlin Horn"},{"floor":27.0,"key":"Matryoshka"},{"floor":30.0,"key":"Pen Nib"},{"floor":31.0,"key":"Red Mask"},{"floor":41.0,"key":"Juzu Bracelet"},{"floor":41.0,"key":"Nunchaku"},{"floor":43.0,"key":"Strawberry"},{"floor":54.0,"key":"Thread and Needle"},{"floor":54.0,"key":"Bottled Lightning"}],"event_choices":[{"damage_healed":0.0,"max_hp_gain":0.0,"max_hp_loss":0.0,"gold_gain":0.0,"cards_transformed":["Strike_G"],"event_name":"Living Wall","player_choice":"Change","floor":3.0,"gold_loss":0.0,"damage_taken":0.0,"cards_obtained":["Quick Slash"]},{"damage_healed":0.0,"max_hp_gain":0.0,"max_hp_loss":0.0,"gold_gain":0.0,"event_name":"Accursed Blacksmith","player_choice":"Rummage","floor":5.0,"gold_loss":0.0,"damage_taken":0.0,"relics_obtained":["WarpedTongs"],"cards_obtained":["Pain"]},{"cards_removed":["Strike_G"],"damage_healed":0.0,"max_hp_gain":0.0,"max_hp_loss":0.0,"gold_gain":0.0,"event_name":"Designer","player_choice":"Upgrade and Remove","floor":19.0,"gold_loss":90.0,"damage_taken":0.0,"cards_upgraded":["Strike_G"]},{"damage_healed":0.0,"max_hp_gain":0.0,"max_hp_loss":0.0,"gold_gain":0.0,"event_name":"Drug Dealer","player_choice":"Inject Mutagens","floor":28.0,"gold_loss":0.0,"damage_taken":0.0,"relics_obtained":["MutagenicStrength"]},{"damage_healed":0.0,"max_hp_gain":0.0,"max_hp_loss":0.0,"gold_gain":0.0,"event_name":"Masked Bandits","player_choice":"Fought Bandits","floor":31.0,"gold_loss":0.0,"damage_taken":0.0},{"damage_healed":0.0,"max_hp_gain":0.0,"max_hp_loss":0.0,"gold_gain":999.0,"event_name":"MindBloom","player_choice":"Gold","floor":36.0,"gold_loss":0.0,"damage_taken":0.0,"cards_obtained":["Normality","Normality"]},{"damage_healed":0.0,"max_hp_gain":0.0,"max_hp_loss":0.0,"gold_gain":100.0,"event_name":"Golden Shrine","player_choice":"Pray","floor":38.0,"gold_loss":0.0,"damage_taken":0.0},{"damage_healed":0.0,"max_hp_gain":0.0,"max_hp_loss":5.0,"gold_gain":0.0,"event_name":"Winding Halls","player_choice":"Max HP","floor":48.0,"gold_loss":0.0,"damage_taken":0.0}],"is_beta":false,"boss_relics":[{"not_picked":["HoveringKite","Sozu"],"picked":"Cursed Key"},{"not_picked":["Snecko Eye","WristBlade"],"picked":"Black Star"}],"items_purged_floors":[14,37,46],"is_endless":false,"potions_floor_spawned":[1,2,7,10,11,18,21,22,25,33,35,39,44,54],"killed_by":"The Heart","ascension_level":5}