{"gold_per_floor":[116,127,77,77,77,77,94,129,129,160,171,171,203,217,217,295,295,311,271,284,284,284,284,296,327,376,376,45,72,92,103,103,176,176,196,212,212,222,242,242,242,273,344,344,344,356,180,191,191,191,191,191,5,34,34],"floor_reached":56,"playtime":3389,"items_purged":["Sword Boomerang","Writhe"],"score":1995,"play_id":"665f0245-1407-439f-98a5-571eaa65fe8a","local_time":"20190414200033","is_ascension_mode":true,"campfire_choices":[{"data":"Searing Blow+1","floor":6.0,"key":"SMITH"},{"floor":12.0,"key":"REST"},{"data":"Searing Blow+2","floor":15.0,"key":"SMITH"},{"data":"Searing Blow+4","floor":23.0,"key":"SMITH"},{"floor":27.0,"key":"REST"},{"floor":32,"key":"REST"},{"floor":40,"key":"REST"},{"floor":45,"key":"RECALL"},{"data":"Corruption","floor":49,"key":"SMITH"},{"data":"Feel No Pain","floor":52,"key":"SMITH"}],"neow_cost":"NONE","seed_source_timestamp":12672823497832,"circlet_count":0,"master_deck":["AscendersBane","Bash+1","Searing Blow+6","Headbutt","Disarm+1","Fiend Fire+1","Armaments+1","Pummel","Juggernaut","True Grit+1","Shockwave+1","Berserk","Power Through+1","Metallicize","Disarm+1","Master of Strategy+1","Feel No Pain+1","True Grit+1","Seeing Red+1","Fiend Fire","True Grit+1","Corruption+1","Armaments+1","Feel No Pain","Spot Weakness+1","Disarm+1","Feel No Pain"],"special_seed":0,"relics":["Burning Blood","NeowsBlessing","Paper Frog","Orichalcum","Sundial","Dead Branch","Toxic Egg 2","Pandora\u0027s Box","Nilry\u0027s Codex","Dream Catcher","PreservedInsect","Bag of Marbles","Philosopher\u0027s Stone","Centennial Puzzle","SsserpentHead","Oddly Smooth Stone","Anchor"],"potions_floor_usage":[31,33,55,55],"damage_taken":[{"damage":0.0,"enemies":"2 Louse","floor":1.0,"turns":1.0},{"damage":0.0,"enemies":"Small Slimes","floor":2.0,"turns":1.0},{"damage":0.0,"enemies":"Jaw Worm","floor":7.0,"turns":1.0},{"damage":30.0,"enemies":"Gremlin Nob","floor":8.0,"turns":5.0},{"damage":27.0,"enemies":"Lagavulin","floor":10.0,"turns":7.0},{"damage":7.0,"enemies":"Exordium Thugs","floor":11.0,"turns":4.0},{"damage":20.0,"enemies":"Gremlin Nob","floor":13.0,"turns":4.0},{"damage":3.0,"enemies":"2 Fungi Beasts","floor":14.0,"turns":3.0},{"damage":16.0,"enemies":"The Guardian","floor":16.0,"turns":11.0},{"damage":0.0,"enemies":"Chosen","floor":18.0,"turns":4.0},{"damage":17.0,"enemies":"2 Thieves","floor":20.0,"turns":4.0},{"damage":22.0,"enemies":"Cultist and Chosen","floor":24.0,"turns":5.0},{"damage":3.0,"enemies":"Book of Stabbing","floor":25.0,"turns":5.0},{"damage":9,"enemies":"Gremlin Leader","floor":29,"turns":4},{"damage":14,"enemies":"Centurion and Healer","floor":30,"turns":4},{"damage":0,"enemies":"3 Cultists","floor":31,"turns":4},{"damage":0,"enemies":"Champ","floor":33,"turns":9},{"damage":21,"enemies":"3 Darklings","floor":35,"turns":3},{"damage":1,"enemies":"3 Shapes","floor":36,"turns":4},{"damage":22,"enemies":"Transient","floor":38,"turns":5},{"damage":35,"enemies":"3 Darklings","floor":39,"turns":6},{"damage":8,"enemies":"Giant Head","floor":42,"turns":4},{"damage":0,"enemies":"Maw","floor":46,"turns":5},{"damage":9,"enemies":"Jaw Worm Horde","floor":48,"turns":4},{"damage":37,"enemies":"Donu and Deca","floor":50,"turns":5},{"damage":3,"enemies":"Shield and Spear","floor":54,"turns":3},{"damage":43,"enemies":"The Heart","floor":55,"turns":8}],"seed_played":"-6177515929127655722","potions_obtained":[{"floor":7.0,"key":"Weak Potion"},{"floor":8.0,"key":"EssenceOfSteel"},{"floor":11.0,"key":"PowerPotion"},{"floor":18.0,"key":"Explosive Potion"},{"floor":25.0,"key":"FearPotion"},{"floor":38,"key":"Ancient Potion"},{"floor":46,"key":"Energy Potion"},{"floor":48,"key":"PowerPotion"}],"is_trial":false,"path_per_floor":["M","M","?","?","?","R","M","E","T","E","M","R","E","M","R","B",null,"M","?","M","?","?","R","M","E","T","R","$","E","M","M","R","B",null,"M","M","?","M","M","R","?","E","T","?","R","M","$","M","R","B",null,"R","$","E","B",null],"character_chosen":"IRONCLAD","items_purchased":["Master of Strategy+1","Ancient Potion","Disarm+1","Feel No Pain","Oddly Smooth Stone"],"campfire_rested":4,"item_purchase_floors":[28,28,47,53,53],"current_hp_per_floor":[74,75,75,68,53,53,59,35,35,14,13,35,21,24,24,14,60,66,66,55,39,39,39,23,26,26,48,48,45,37,43,65,71,74,59,64,64,48,19,41,60,58,58,58,58,64,64,61,61,30,64,64,64,67,30],"gold":34,"neow_bonus":"THREE_ENEMY_KILL","is_prod":false,"is_daily":false,"chose_seed":false,"campfire_upgraded":5,"win_rate":0,"timestamp":1555264833,"path_taken":["M","M","?","?","?","R","M","E","T","E","M","R","E","M","R","BOSS","M","?","?","?","?","R","M","E","T","R","$","E","?","M","R","BOSS","M","M","?","?","M","R","?","E","T","?","R","M","$","M","R","BOSS","R","$","E","BOSS"],"build_version":"2019-01-23","purchased_purges":2,"victory":true,"max_hp_per_floor":[75,75,75,75,75,75,75,75,75,75,75,75,75,75,75,75,75,75,75,75,75,75,75,75,75,75,75,75,75,75,75,75,75,75,75,75,75,75,75,75,75,75,75,75,75,75,75,75,75,75,75,75,75,75,75],"card_choices":[{"not_picked":["Perfected Strike","Entrench"],"picked":"Searing Blow","floor":1.0},{"not_picked":["Heavy Blade","Entrench","Evolve"],"picked":"SKIP","floor":2.0},{"not_picked":["Pommel Strike","Seeing Red","Anger"],"picked":"SKIP","floor":7.0},{"not_picked":["Flex","Wild Strike","Warcry"],"picked":"SKIP","floor":8.0},{"not_picked":["Twin Strike","Flex","Wild Strike"],"picked":"SKIP","floor":10.0},{"not_picked":["Pummel","Perfected Strike","Reckless Charge"],"picked":"SKIP","floor":11.0},{"not_picked":["Uppercut","Sword Boomerang"],"picked":"Headbutt","floor":13.0},{"not_picked":["Thunderclap","Pummel"],"picked":"Disarm+1","floor":14.0},{"not_picked":["Dual Wield+1","Second Wind+1"],"picked":"Power Through+1","floor":18.0},{"not_picked":["Dual Wield+1","Headbutt","Searing Blow"],"picked":"SKIP","floor":20.0},{"not_picked":["Dual Wield+1","Headbutt","Searing Blow"],"picked":"SKIP","floor":20.0},{"not_picked":["Warcry+1","Pummel"],"picked":"Metallicize","floor":24.0},{"not_picked":["Clothesline+1","Carnage"],"picked":"Disarm+1","floor":25.0},{"not_picked":["Berserk","Cleave"],"picked":"Feel No Pain","floor":29},{"not_picked":["Cleave","Rupture"],"picked":"True Grit+1","floor":30},{"not_picked":["Flex+1","Warcry+1"],"picked":"Seeing Red+1","floor":31},{"not_picked":["Berserk","Bludgeon"],"picked":"Fiend Fire","floor":33},{"not_picked":["Body Slam","Evolve","Clothesline"],"picked":"SKIP","floor":35},{"not_picked":["Wild Strike","Havoc+1"],"picked":"True Grit+1","floor":36},{"not_picked":["Flex+1","Warcry+1","Sword Boomerang"],"picked":"SKIP","floor":38},{"not_picked":["Headbutt+1","Iron Wave"],"picked":"Corruption","floor":39},{"not_picked":["Warcry+1","Perfected Strike"],"picked":"Armaments+1","floor":40},{"not_picked":["Second Wind+1","Sword Boomerang"],"picked":"Feel No Pain","floor":42},{"not_picked":["Body Slam","Thunderclap"],"picked":"Spot Weakness+1","floor":46},{"not_picked":["Immolate","Body Slam","Armaments+1"],"picked":"SKIP","floor":48},{"not_picked":["Blood for Blood","Clash","Double Tap+1"],"picked":"SKIP","floor":54}],"player_experience":154547,"relics_obtained":[{"floor":8.0,"key":"Orichalcum"},{"floor":9.0,"key":"Sundial"},{"floor":10.0,"key":"Dead Branch"},{"floor":13.0,"key":"Toxic Egg 2"},{"floor":21.0,"key":"Nilry\u0027s Codex"},{"floor":25.0,"key":"Dream Catcher"},{"floor":26.0,"key":"PreservedInsect"},{"floor":29,"key":"Bag of Marbles"},{"floor":42,"key":"Centennial Puzzle"},{"floor":54,"key":"Anchor"}],"event_choices":[{"cards_removed":["Strike_R"],"damage_healed":0.0,"max_hp_gain":0.0,"max_hp_loss":0.0,"gold_gain":0.0,"event_name":"The Cleric","player_choice":"Card Removal","floor":3.0,"gold_loss":50.0,"damage_taken":0.0},{"damage_healed":0.0,"max_hp_gain":0.0,"max_hp_loss":0.0,"gold_gain":0.0,"event_name":"Scrap Ooze","player_choice":"Success","floor":4.0,"gold_loss":0.0,"damage_taken":7.0,"relics_obtained":["Paper Frog"]},{"damage_healed":0.0,"max_hp_gain":0.0,"max_hp_loss":0.0,"gold_gain":0.0,"event_name":"Shining Light","player_choice":"Entered Light","floor":5.0,"gold_loss":0.0,"damage_taken":15.0,"cards_upgraded":["Searing Blow","Strike_R"]},{"damage_healed":0.0,"max_hp_gain":0.0,"max_hp_loss":0.0,"gold_gain":0.0,"event_name":"Designer","player_choice":"Upgraded Two","floor":19.0,"gold_loss":40.0,"damage_taken":0.0,"cards_upgraded":["Fiend Fire","Bash"]},{"damage_healed":0.0,"max_hp_gain":0.0,"max_hp_loss":0.0,"gold_gain":0.0,"event_name":"Cursed Tome","player_choice":"Obtained Book","floor":21.0,"gold_loss":0.0,"damage_taken":16.0},{"damage_healed":0.0,"max_hp_gain":0.0,"max_hp_loss":0.0,"gold_gain":0.0,"event_name":"Accursed Blacksmith","player_choice":"Forge","floor":22.0,"gold_loss":0.0,"damage_taken":0.0,"cards_upgraded":["Searing Blow"]},{"damage_healed":0,"gold_gain":0,"player_choice":"Upgraded","damage_taken":0,"max_hp_gain":0,"max_hp_loss":0,"event_name":"Upgrade Shrine","floor":37,"gold_loss":0,"cards_upgraded":["Searing Blow"]},{"damage_healed":19,"gold_gain":0,"player_choice":"Writhe","damage_taken":0,"max_hp_gain":0,"max_hp_loss":0,"event_name":"Winding Halls","floor":41,"gold_loss":0,"cards_obtained":["Writhe"]},{"damage_healed":0,"gold_gain":0,"player_choice":"Trade","damage_taken":0,"relics_obtained":["SsserpentHead"],"max_hp_gain":0,"max_hp_loss":0,"event_name":"FaceTrader","floor":44,"gold_loss":0}],"is_beta":false,"boss_relics":[{"not_picked":["Fusion Hammer","Eternal Feather"],"picked":"Pandora\u0027s Box"},{"not_picked":["Cursed Key","Coffee Dripper"],"picked":"Philosopher\u0027s Stone"}],"items_purged_floors":[28,47],"is_endless":false,"potions_floor_spawned":[7,8,11,14,18,25,29,38,46,48],"ascension_level":14}