{"gold_per_floor":[110,110,124,49,65,94,94,49,49,68,68,68,99,116,116,220,220,237,170,189,189,39,64,64,34,34,49,49,80,99,99,99,99],"floor_reached":33,"playtime":1263,"items_purged":["Strike_R"],"score":293,"play_id":"1576c98c-5955-475b-9028-aa21a873d0ba","local_time":"20181130193455","is_ascension_mode":false,"campfire_choices":[{"floor":11.0,"key":"REST"},{"floor":15.0,"key":"RECALL"},{"floor":24.0,"key":"REST"},{"floor":28.0,"key":"REST"},{"data":"Armaments","floor":32.0,"key":"SMITH"}],"neow_cost":"NONE","seed_source_timestamp":1158279716813892,"circlet_count":0,"master_deck":["Strike_R","Strike_R+1","Strike_R","Defend_R","Defend_R","Defend_R","Defend_R","Bash","Shrug It Off+1","Cleave","Disarm","Inflame","Pommel Strike","Armaments+1","Heavy Blade","Juggernaut","Feed","Combust","Entrench","True Grit+1","Impervious","Shrug It Off","Body Slam","Pummel"],"special_seed":0,"relics":["Burning Blood","Dodecahedron","Regal Pillow","Mercury Hourglass","Velvet Choker","Happy Flower","Boot","Darkstone Periapt","Bottled Lightning","Mummified Hand"],"potions_floor_usage":[],"damage_taken":[{"damage":17.0,"enemies":"Jaw Worm","floor":1.0,"turns":4.0},{"damage":0.0,"enemies":"2 Louse","floor":3.0,"turns":2.0},{"damage":2.0,"enemies":"Cultist","floor":5.0,"turns":4.0},{"damage":38.0,"enemies":"Gremlin Nob","floor":6.0,"turns":5.0},{"damage":5.0,"enemies":"Blue Slaver","floor":10.0,"turns":6.0},{"damage":22.0,"enemies":"3 Sentries","floor":13.0,"turns":5.0},{"damage":5.0,"enemies":"3 Louse","floor":14.0,"turns":2.0},{"damage":28.0,"enemies":"Slime Boss","floor":16.0,"turns":7.0},{"damage":12.0,"enemies":"3 Byrds","floor":18.0,"turns":4.0},{"damage":10.0,"enemies":"Spheric Guardian","floor":20.0,"turns":4.0},{"damage":63.0,"enemies":"Slavers","floor":23.0,"turns":5.0},{"damage":24.0,"enemies":"3 Cultists","floor":27.0,"turns":5.0},{"damage":31.0,"enemies":"Book of Stabbing","floor":29.0,"turns":6.0},{"damage":21.0,"enemies":"Centurion and Healer","floor":30.0,"turns":5.0},{"damage":45,"enemies":"Champ","floor":33,"turns":11}],"seed_played":"8676482009072869824","potions_obtained":[{"floor":5.0,"key":"GamblersBrew"},{"floor":6.0,"key":"Fire Potion"},{"floor":10.0,"key":"SteroidPotion"},{"floor":13.0,"key":"PowerPotion"},{"floor":16.0,"key":"Regen Potion"},{"floor":20.0,"key":"SpeedPotion"},{"floor":25.0,"key":"PowerPotion"},{"floor":25.0,"key":"Weak Potion"},{"floor":27.0,"key":"LiquidBronze"}],"is_trial":false,"path_per_floor":["M","?","M","$","M","E","?","$","T","M","R","T","E","M","R","B",null,"M","$","M","?","$","E","R","?","T","M","R","E","M","T","R","B"],"character_chosen":"IRONCLAD","items_purchased":["Armaments","Entrench","Happy Flower"],"campfire_rested":3,"item_purchase_floors":[8,19,22],"current_hp_per_floor":[69,62,68,68,72,40,24,24,24,25,49,49,33,34,34,12,80,74,74,70,70,70,13,52,52,52,48,80,55,43,43,43,0],"gold":99,"neow_bonus":"THREE_CARDS","is_prod":false,"is_daily":false,"chose_seed":false,"campfire_upgraded":1,"win_rate":0,"timestamp":1543602895,"path_taken":["M","?","M","$","M","E","?","?","T","?","R","?","E","M","R","BOSS","M","$","M","?","$","E","R","?","T","M","R","E","?","?","R","BOSS"],"build_version":"2018-11-15","purchased_purges":1,"victory":false,"max_hp_per_floor":[80,80,80,80,80,80,80,80,80,80,80,80,80,80,80,80,80,80,80,80,80,80,80,80,80,80,80,80,80,83,83,83,83],"card_choices":[{"not_picked":["Cleave","Metallicize"],"picked":"Shrug It Off","floor":0.0},{"not_picked":["Battle Trance","Shrug It Off"],"picked":"Cleave","floor":1.0},{"not_picked":["Clash","Clothesline"],"picked":"Disarm","floor":3.0},{"not_picked":["Flex","Brutality"],"picked":"Inflame","floor":5.0},{"not_picked":["Sword Boomerang","Dark Embrace"],"picked":"Pommel Strike","floor":6.0},{"not_picked":["Pommel Strike","Evolve"],"picked":"Heavy Blade","floor":10.0},{"not_picked":["Entrench","Headbutt"],"picked":"Juggernaut","floor":13.0},{"not_picked":["Combust","Power Through","Anger"],"picked":"SKIP","floor":14.0},{"not_picked":["Impervious","Dark Embrace"],"picked":"Feed","floor":16.0},{"not_picked":["Perfected Strike","Havoc+1"],"picked":"Combust","floor":18.0},{"not_picked":["Blood for Blood","Heavy Blade"],"picked":"True Grit+1","floor":20.0},{"not_picked":["Disarm","Anger+1"],"picked":"Impervious","floor":23.0},{"not_picked":["Havoc","Warcry"],"picked":"Shrug It Off","floor":27.0},{"not_picked":["Thunderclap","Body Slam","Blood for Blood+1"],"picked":"SKIP","floor":29.0},{"not_picked":["Thunderclap","Blood for Blood+1"],"picked":"Body Slam","floor":29.0},{"not_picked":["Blood for Blood+1","Pommel Strike"],"picked":"Pummel","floor":30.0}],"player_experience":258593,"relics_obtained":[{"floor":6.0,"key":"Dodecahedron"},{"floor":12.0,"key":"Regal Pillow"},{"floor":13.0,"key":"Mercury Hourglass"},{"floor":23.0,"key":"Boot"},{"floor":26.0,"key":"Darkstone Periapt"},{"floor":29.0,"key":"Bottled Lightning"},{"floor":31.0,"key":"Mummified Hand"}],"event_choices":[{"cards_removed":["Strike_R"],"damage_healed":0.0,"max_hp_gain":0.0,"max_hp_loss":0.0,"gold_gain":0.0,"event_name":"Golden Wing","player_choice":"Card Removal","floor":2.0,"gold_loss":0.0,"damage_taken":7.0},{"damage_healed":0.0,"max_hp_gain":0.0,"max_hp_loss":0.0,"gold_gain":0.0,"event_name":"Shining Light","player_choice":"Entered Light","floor":7.0,"gold_loss":0.0,"damage_taken":16.0,"cards_upgraded":["Strike_R","Shrug It Off"]},{"damage_healed":0.0,"max_hp_gain":0.0,"max_hp_loss":0.0,"gold_gain":0.0,"event_name":"Ghosts","player_choice":"Ignored","floor":21.0,"gold_loss":0.0,"damage_taken":0.0},{"damage_healed":0.0,"max_hp_gain":0.0,"max_hp_loss":0.0,"gold_gain":0.0,"event_name":"The Woman in Blue","player_choice":"Bought 2 Potions","floor":25.0,"gold_loss":0.0,"damage_taken":0.0}],"is_beta":true,"boss_relics":[{"not_picked":["White Beast Statue","Astrolabe"],"picked":"Velvet Choker"}],"items_purged_floors":[4],"is_endless":false,"potions_floor_spawned":[5,6,10,13,16,20,27],"killed_by":"Champ","ascension_level":0}