{"gold_per_floor":[116,66,40,40,55,55,81,81,128,128,146,157,174,174,174,278,278,292,292,12,26,26,26,40,51,51,51,64,16,42,42,42,138,138,150,164,177,94,94,120,120,120,120,145,245,245,272,5,5,5,5,5,5,30,30],"floor_reached":55,"playtime":3314,"items_purged":["Strike_R","Inflame+1"],"score":895,"play_id":"1952640b-4add-410b-b727-6760e5f29e60","local_time":"20190605140523","is_ascension_mode":true,"campfire_choices":[{"data":"Inflame","floor":6.0,"key":"SMITH"},{"data":"Hemokinesis","floor":8.0,"key":"SMITH"},{"floor":15.0,"key":"REST"},{"data":"Barricade","floor":23.0,"key":"SMITH"},{"data":"Dark Embrace","floor":27.0,"key":"SMITH"},{"floor":32.0,"key":"REST"},{"floor":41,"key":"REST"},{"floor":46,"key":"RECALL"},{"floor":49,"key":"DIG"},{"floor":52,"key":"DIG"}],"neow_cost":"PERCENT_DAMAGE","seed_source_timestamp":0,"circlet_count":0,"master_deck":["Strike_R+1","Strike_R","Defend_R","Defend_R+1","Defend_R","Bash","True Grit","Hemokinesis+1","Flex","Cleave","Entrench+1","Metallicize","Disarm+1","Shockwave+1","Parasite","Dark Embrace+1","Flame Barrier+1","Blood for Blood","Barricade+1","Feel No Pain","Shrug It Off+1","Havoc+1","Shrug It Off+1","True Grit+1","Armaments+1","Impervious+1","Havoc+1","Thunderclap+1","Panacea+1","Intimidate+1","Body Slam+1","Flame Barrier+1","Purity+1"],"special_seed":0,"relics":["Burning Blood","Toxic Egg 2","Pen Nib","Velvet Choker","StoneCalendar","Lantern","Sozu","Juzu Bracelet","Shovel","Pantograph","Ice Cream","Ancient Tea Set","Orichalcum","Sundial","Red Skull"],"potions_floor_usage":[44],"damage_taken":[{"damage":0.0,"enemies":"Small Slimes","floor":1.0,"turns":3.0},{"damage":5.0,"enemies":"Jaw Worm","floor":5.0,"turns":3.0},{"damage":38.0,"enemies":"3 Sentries","floor":7.0,"turns":6.0},{"damage":0.0,"enemies":"Cultist","floor":11.0,"turns":3.0},{"damage":4.0,"enemies":"Exordium Thugs","floor":12.0,"turns":3.0},{"damage":8.0,"enemies":"Gremlin Gang","floor":13.0,"turns":5.0},{"damage":38.0,"enemies":"Hexaghost","floor":16.0,"turns":9.0},{"damage":23.0,"enemies":"Spheric Guardian","floor":18.0,"turns":4.0},{"damage":2.0,"enemies":"3 Byrds","floor":21.0,"turns":6.0},{"damage":6.0,"enemies":"Shelled Parasite and Fungi","floor":24.0,"turns":9.0},{"damage":9.0,"enemies":"Snake Plant","floor":25.0,"turns":8.0},{"damage":13.0,"enemies":"Sentry and Sphere","floor":28.0,"turns":7.0},{"damage":7.0,"enemies":"Book of Stabbing","floor":30.0,"turns":8.0},{"damage":58,"enemies":"Collector","floor":33,"turns":12},{"damage":22,"enemies":"3 Darklings","floor":35,"turns":7},{"damage":2,"enemies":"Orb Walker","floor":36,"turns":6},{"damage":6,"enemies":"Maw","floor":37,"turns":8},{"damage":31,"enemies":"Reptomancer","floor":40,"turns":7},{"damage":26,"enemies":"Nemesis","floor":44,"turns":9},{"damage":4,"enemies":"Mind Bloom Boss Battle","floor":45,"turns":7},{"damage":29,"enemies":"Donu and Deca","floor":50,"turns":9},{"damage":64,"enemies":"Shield and Spear","floor":54,"turns":8},{"damage":38,"enemies":"The Heart","floor":55,"turns":2}],"seed_played":"2915950159708459437","potions_obtained":[{"floor":7.0,"key":"SteroidPotion"},{"floor":11.0,"key":"Explosive Potion"},{"floor":13.0,"key":"Ancient Potion"},{"floor":16.0,"key":"SkillPotion"},{"floor":21.0,"key":"Fire Potion"},{"floor":25.0,"key":"LiquidBronze"},{"floor":30.0,"key":"SteroidPotion"}],"is_trial":false,"path_per_floor":["M","?","$","?","M","R","E","R","T","?","M","M","M","?","R","B",null,"M","?","$","M","$","R","M","M","T","R","M","$","E","$","R","B",null,"M","M","M","$","?","E","R","T","T","E","?","R","T","$","R","B",null,"R","$","E","B"],"character_chosen":"IRONCLAD","items_purchased":["Flex","Feel No Pain","Shrug It Off+1","Havoc+1","SpeedPotion","Armaments+1","Panacea+1","Flame Barrier+1","Purity+1"],"campfire_rested":3,"item_purchase_floors":[3,20,20,20,20,29,38,48,48],"current_hp_per_floor":[62,62,62,62,63,63,31,31,31,15,21,23,21,41,65,33,68,51,51,51,55,55,55,55,52,52,52,45,45,44,44,68,16,64,48,52,52,52,52,27,49,49,49,29,56,56,56,56,56,53,70,70,70,12,0],"gold":30,"neow_bonus":"TRANSFORM_TWO_CARDS","is_prod":false,"is_daily":false,"chose_seed":false,"campfire_upgraded":4,"win_rate":0,"timestamp":1559736323,"path_taken":["M","?","$","?","M","R","E","R","T","?","M","M","M","?","R","BOSS","M","?","?","M","$","R","?","M","T","R","M","$","E","$","R","BOSS","M","?","M","$","?","E","R","?","T","E","?","R","?","?","R","BOSS","R","$","E","BOSS"],"build_version":"2019-06-02","purchased_purges":2,"victory":false,"max_hp_per_floor":[80,80,80,80,80,80,80,80,80,80,80,80,80,80,80,80,80,80,80,80,80,80,80,80,80,80,80,80,80,80,80,80,80,80,80,80,80,80,76,76,76,76,76,76,76,76,76,76,76,76,76,76,76,76,76],"card_choices":[{"not_picked":["Cleave","Infernal Blade"],"picked":"Hemokinesis","floor":1.0},{"not_picked":["Wild Strike","Body Slam"],"picked":"Cleave","floor":5.0},{"not_picked":["Havoc","Reckless Charge"],"picked":"Entrench","floor":7.0},{"not_picked":["Inflame","Heavy Blade"],"picked":"Metallicize","floor":11.0},{"not_picked":["Sword Boomerang","Carnage"],"picked":"Disarm+1","floor":12.0},{"not_picked":["Bloodletting+1","Warcry+1"],"picked":"Shockwave+1","floor":13.0},{"not_picked":["Feed","Brutality"],"picked":"Dark Embrace","floor":16.0},{"not_picked":["Evolve+1","Flex+1"],"picked":"Flame Barrier+1","floor":18.0},{"not_picked":["Twin Strike","Heavy Blade"],"picked":"Shrug It Off+1","floor":21.0},{"not_picked":["Wild Strike+1","Twin Strike+1","Uppercut"],"picked":"SKIP","floor":24.0},{"not_picked":["Rage+1","Twin Strike","Clash"],"picked":"SKIP","floor":25.0},{"not_picked":["Sever Soul","Twin Strike"],"picked":"True Grit+1","floor":28.0},{"not_picked":["Brutality","Feed","Rampage+1"],"picked":"SKIP","floor":30.0},{"not_picked":["Fiend Fire","Reaper"],"picked":"Impervious+1","floor":33},{"not_picked":["Dropkick","Cleave"],"picked":"Havoc+1","floor":35},{"not_picked":["Spot Weakness+1","Iron Wave"],"picked":"Thunderclap+1","floor":36},{"not_picked":["Inflame+1","Shrug It Off+1","Twin Strike"],"picked":"SKIP","floor":37},{"not_picked":["Berserk","Reckless Charge+1"],"picked":"Intimidate+1","floor":40},{"not_picked":["Flame Barrier+1","Havoc+1"],"picked":"Body Slam+1","floor":44},{"not_picked":["Twin Strike","Havoc+1","Rupture"],"picked":"SKIP","floor":54}],"player_experience":352323,"relics_obtained":[{"floor":7.0,"key":"Toxic Egg 2"},{"floor":9.0,"key":"Pen Nib"},{"floor":26.0,"key":"StoneCalendar"},{"floor":30.0,"key":"Lantern"},{"floor":40,"key":"Juzu Bracelet"},{"floor":42,"key":"Shovel"},{"floor":44,"key":"Pantograph"},{"floor":45,"key":"Ice Cream"},{"floor":47,"key":"Ancient Tea Set"},{"floor":49,"key":"Orichalcum"},{"floor":52,"key":"Sundial"},{"floor":54,"key":"Red Skull"}],"event_choices":[{"cards_removed":["Strike_R"],"damage_healed":0.0,"max_hp_gain":0.0,"max_hp_loss":0.0,"gold_gain":0.0,"event_name":"The Cleric","player_choice":"Card Removal","floor":2.0,"gold_loss":50.0,"damage_taken":0.0},{"damage_healed":0.0,"max_hp_gain":0.0,"max_hp_loss":0.0,"gold_gain":0.0,"event_name":"Liars Game","player_choice":"Ignored","floor":4.0,"gold_loss":0.0,"damage_taken":0.0},{"damage_healed":0.0,"max_hp_gain":0.0,"max_hp_loss":0.0,"gold_gain":0.0,"event_name":"Shining Light","player_choice":"Entered Light","floor":10.0,"gold_loss":0.0,"damage_taken":16.0,"cards_upgraded":["Defend_R","Strike_R"]},{"damage_healed":20.0,"max_hp_gain":0.0,"max_hp_loss":0.0,"gold_gain":0.0,"event_name":"Mushrooms","player_choice":"Healed and dodged fight","floor":14.0,"gold_loss":0.0,"damage_taken":0.0,"cards_obtained":["Parasite"]},{"damage_healed":0.0,"max_hp_gain":0.0,"max_hp_loss":0.0,"gold_gain":0.0,"event_name":"Match and Keep!","player_choice":"2 cards matched","floor":19.0,"gold_loss":0.0,"damage_taken":0.0,"cards_obtained":["Blood for Blood","Barricade"]},{"damage_healed":0,"gold_gain":0,"player_choice":"Max HP","damage_taken":0,"max_hp_gain":0,"max_hp_loss":4,"event_name":"Winding Halls","floor":39,"gold_loss":0},{"damage_healed":0,"gold_gain":0,"player_choice":"Fight","damage_taken":0,"max_hp_gain":0,"max_hp_loss":0,"event_name":"MindBloom","floor":45,"gold_loss":0}],"is_beta":true,"boss_relics":[{"not_picked":["Ectoplasm","Runic Dome"],"picked":"Velvet Choker"},{"not_picked":["Pandora\u0027s Box","Coffee Dripper"],"picked":"Sozu"}],"items_purged_floors":[20,48],"is_endless":false,"potions_floor_spawned":[7,11,13,16,21,25,30,35,37],"killed_by":"The Heart","ascension_level":5}