{"gold_per_floor":[113,263,31,31,48,48,48,66,121,146,146,146,178,178,178,252,252,267,267,267,281,295,295,295],"floor_reached":24,"playtime":1327,"items_purged":["Doubt"],"score":346,"play_id":"90c6ba0c-d95e-43ca-9f5a-cb8198809d96","local_time":"20190506224703","is_ascension_mode":true,"campfire_choices":[{"data":"A Thousand Cuts","floor":6.0,"key":"SMITH"},{"floor":11.0,"key":"REST"},{"floor":15.0,"key":"REST"},{"floor":23,"key":"REST"}],"neow_cost":"CURSE","seed_source_timestamp":0,"circlet_count":0,"master_deck":["AscendersBane","Defend_G","Defend_G","Defend_G","Defend_G","Defend_G","Strike_G+1","Strike_G","Strike_G+1","Strike_G","Strike_G","Survivor","Neutralize","A Thousand Cuts+1","Quick Slash","Noxious Fumes","Dash","Tactician","Doppelganger","Deflect+1","Ghostly","Ghostly","Ghostly","Heel Hook","Dagger Throw"],"special_seed":0,"relics":["Ring of the Serpent","Omamori","Ninja Scroll","Tiny Chest","Bag of Preparation","Strawberry","Blood Vial"],"potions_floor_usage":[21],"damage_taken":[{"damage":0.0,"enemies":"2 Louse","floor":1.0,"turns":3.0},{"damage":3.0,"enemies":"Jaw Worm","floor":5.0,"turns":5.0},{"damage":0.0,"enemies":"Small Slimes","floor":8.0,"turns":2.0},{"damage":6.0,"enemies":"3 Sentries","floor":13.0,"turns":8.0},{"damage":34.0,"enemies":"The Guardian","floor":16.0,"turns":11.0},{"damage":8.0,"enemies":"3 Byrds","floor":18.0,"turns":3.0},{"damage":22,"enemies":"Spheric Guardian","floor":21,"turns":8},{"damage":3,"enemies":"3 Cultists","floor":22,"turns":4},{"damage":34,"enemies":"Gremlin Leader","floor":24,"turns":7}],"seed_played":"5343456146188651555","potions_obtained":[{"floor":1.0,"key":"LiquidBronze"},{"floor":13.0,"key":"FearPotion"}],"is_trial":false,"path_per_floor":["M","?","$","?","M","R","?","M","T","T","R","?","E","?","R","B",null,"M","?","?","M","M","R","E"],"character_chosen":"THE_SILENT","items_purchased":["Omamori"],"campfire_rested":3,"item_purchase_floors":[3],"current_hp_per_floor":[59,59,59,52,49,49,31,31,31,31,50,57,51,29,50,18,59,53,36,28,8,7,19,0],"gold":295,"neow_bonus":"THREE_RARE_CARDS","is_prod":false,"is_daily":false,"chose_seed":false,"campfire_upgraded":1,"win_rate":0,"timestamp":1557150423,"path_taken":["M","?","$","?","M","R","?","?","T","?","R","?","E","?","R","BOSS","M","?","?","M","M","R","E"],"build_version":"2019-01-23","purchased_purges":1,"victory":false,"max_hp_per_floor":[66,66,66,66,66,66,66,66,66,66,66,73,73,73,73,73,73,73,36,41,41,41,41,41],"card_choices":[{"not_picked":["Envenom","Night Terror"],"picked":"A Thousand Cuts","floor":0.0},{"not_picked":["Bane","Backflip"],"picked":"Quick Slash","floor":1.0},{"not_picked":["Dodge and Roll","Deadly Poison"],"picked":"Noxious Fumes","floor":5.0},{"not_picked":["Cloak And Dagger","Skewer"],"picked":"Dash","floor":8.0},{"not_picked":["All Out Attack","Acrobatics"],"picked":"Tactician","floor":13.0},{"not_picked":["Venomology","Corpse Explosion"],"picked":"Doppelganger","floor":16.0},{"not_picked":["Escape Plan","Backstab"],"picked":"Deflect+1","floor":18.0},{"not_picked":["Deadly Poison","Dodge and Roll"],"picked":"Heel Hook","floor":21},{"not_picked":["Poisoned Stab","Eviscerate"],"picked":"Dagger Throw","floor":22}],"player_experience":1098131,"relics_obtained":[{"floor":9.0,"key":"Tiny Chest"},{"floor":10.0,"key":"Bag of Preparation"},{"floor":13.0,"key":"Blood Vial"}],"event_choices":[{"damage_healed":0.0,"max_hp_gain":0.0,"max_hp_loss":0.0,"gold_gain":150.0,"event_name":"Liars Game","player_choice":"AGREE","floor":2.0,"gold_loss":0.0,"damage_taken":0.0,"cards_obtained":["Doubt"]},{"cards_removed":["Doubt"],"damage_healed":0.0,"max_hp_gain":0.0,"max_hp_loss":0.0,"gold_gain":0.0,"event_name":"Golden Wing","player_choice":"Card Removal","floor":4.0,"gold_loss":0.0,"damage_taken":7.0},{"damage_healed":0.0,"max_hp_gain":0.0,"max_hp_loss":0.0,"gold_gain":0.0,"event_name":"Scrap Ooze","player_choice":"Success","floor":7.0,"gold_loss":0.0,"damage_taken":18.0,"relics_obtained":["Ninja Scroll"]},{"damage_healed":0.0,"max_hp_gain":0.0,"max_hp_loss":0.0,"gold_gain":0.0,"event_name":"Big Fish","player_choice":"Box","floor":12.0,"gold_loss":0.0,"damage_taken":0.0,"relics_obtained":["Strawberry"],"cards_obtained":["Regret"]},{"damage_healed":0.0,"max_hp_gain":0.0,"max_hp_loss":0.0,"gold_gain":0.0,"event_name":"Shining Light","player_choice":"Entered Light","floor":14.0,"gold_loss":0.0,"damage_taken":22.0,"cards_upgraded":["Strike_G","Strike_G"]},{"damage_healed":0.0,"max_hp_gain":0.0,"max_hp_loss":37.0,"gold_gain":0.0,"event_name":"Ghosts","player_choice":"Became a Ghost","floor":19.0,"gold_loss":0.0,"damage_taken":0.0,"cards_obtained":["Ghostly","Ghostly","Ghostly"]},{"damage_healed":0.0,"max_hp_gain":5.0,"max_hp_loss":0.0,"gold_gain":0.0,"event_name":"Forgotten Altar","player_choice":"Shed Blood","floor":20.0,"gold_loss":0.0,"damage_taken":13.0}],"is_beta":false,"boss_relics":[{"not_picked":["Black Star","Lizard Tail"],"picked":"Ring of the Serpent"}],"items_purged_floors":[3],"is_endless":false,"potions_floor_spawned":[1,13],"killed_by":"Gremlin Leader","ascension_level":16}