{"gold_per_floor":[116,116,134,149,424,458,458,46,71,81,81,94,108,122,122,225,225,237,257,8,18,117,117,152,152,152,170,170,180,180,200,200,304,304,317,329,181,0,0,25,25,25],"floor_reached":42,"playtime":3414,"items_purged":["Regret"],"score":498,"play_id":"875fea8d-ed20-4534-b8fb-0d1eddc873b7","local_time":"20190110100114","is_ascension_mode":true,"campfire_choices":[{"data":"Zap","floor":7.0,"key":"SMITH"},{"floor":15.0,"key":"REST"},{"data":"Fusion","floor":23.0,"key":"SMITH"},{"floor":28.0,"key":"REST"},{"floor":30.0,"key":"RECALL"},{"data":"Defragment","floor":32.0,"key":"SMITH"},{"floor":41.0,"key":"REST"}],"neow_cost":"NONE","seed_source_timestamp":234747400134685,"circlet_count":0,"master_deck":["Strike_B","Defend_B","Defend_B","Defend_B+1","Defend_B","Zap+1","Dualcast+1","Conserve Battery","Conserve Battery","Fusion+1","Hello World","Coolheaded","Sweeping Beam","Ball Lightning","Sweeping Beam","Creative AI","Static Discharge","Defragment+1","Core Surge","Rebound+1","Rebound+1","Static Discharge+1","Glacier+1","White Noise+1","Echo Form"],"special_seed":0,"relics":["Cracked Core","DataDisk","Calipers","Pocketwatch","Black Star","Singing Bowl","Regal Pillow","Pantograph","Vajra","Astrolabe","Red Mask","Emotion Chip","Ginger"],"potions_floor_usage":[],"damage_taken":[{"damage":0.0,"enemies":"Small Slimes","floor":1.0,"turns":3.0},{"damage":6.0,"enemies":"Cultist","floor":3.0,"turns":4.0},{"damage":1.0,"enemies":"Jaw Worm","floor":4.0,"turns":3.0},{"damage":18.0,"enemies":"3 Sentries","floor":6.0,"turns":13.0},{"damage":0.0,"enemies":"Exordium Thugs","floor":10.0,"turns":4.0},{"damage":5.0,"enemies":"Exordium Wildlife","floor":12.0,"turns":6.0},{"damage":4.0,"enemies":"Blue Slaver","floor":13.0,"turns":3.0},{"damage":0.0,"enemies":"2 Fungi Beasts","floor":14.0,"turns":3.0},{"damage":24.0,"enemies":"Hexaghost","floor":16.0,"turns":8.0},{"damage":0.0,"enemies":"Chosen","floor":18.0,"turns":5.0},{"damage":7.0,"enemies":"3 Byrds","floor":19.0,"turns":4.0},{"damage":1.0,"enemies":"Snecko","floor":21.0,"turns":7.0},{"damage":38.0,"enemies":"Slavers","floor":24.0,"turns":3.0},{"damage":23.0,"enemies":"Chosen and Byrds","floor":27.0,"turns":5.0},{"damage":15.0,"enemies":"Centurion and Healer","floor":29.0,"turns":6.0},{"damage":13.0,"enemies":"Cultist and Chosen","floor":31.0,"turns":5.0},{"damage":44.0,"enemies":"Collector","floor":33.0,"turns":7.0},{"damage":25.0,"enemies":"3 Darklings","floor":35.0,"turns":4.0},{"damage":29.0,"enemies":"3 Shapes","floor":36.0,"turns":4.0},{"damage":36.0,"enemies":"Reptomancer","floor":40.0,"turns":7.0},{"damage":51,"enemies":"Nemesis","floor":42,"turns":4}],"seed_played":"1886370884320872136","potions_obtained":[{"floor":4.0,"key":"Strength Potion"},{"floor":6.0,"key":"Block Potion"},{"floor":13.0,"key":"Weak Potion"},{"floor":16.0,"key":"SkillPotion"},{"floor":21.0,"key":"FocusPotion"},{"floor":24.0,"key":"Explosive Potion"},{"floor":27.0,"key":"EntropicBrew"},{"floor":29.0,"key":"EssenceOfSteel"},{"floor":36.0,"key":"Energy Potion"}],"is_trial":false,"path_per_floor":["M","?","M","M","?","E","R","$","T","M","T","M","M","M","R","B",null,"M","M","$","M","?","R","E","?","T","M","R","M","R","M","R","B",null,"M","M","$","?","?","E","R","E"],"character_chosen":"DEFECT","items_purchased":["Calipers","Hello World","Singing Bowl","Echo Form"],"campfire_rested":3,"item_purchase_floors":[8,8,20,37],"current_hp_per_floor":[82,66,60,59,59,41,41,41,41,41,41,36,32,32,56,32,82,82,75,75,76,76,76,40,40,40,19,60,47,47,36,36,17,92,67,38,38,38,38,4,47,0],"gold":25,"neow_bonus":"TEN_PERCENT_HP_BONUS","is_prod":false,"is_daily":false,"chose_seed":false,"campfire_upgraded":3,"win_rate":0,"timestamp":1547143274,"path_taken":["M","?","M","M","?","E","R","$","T","?","?","M","M","M","R","BOSS","M","M","$","M","?","R","E","?","T","M","R","M","R","M","R","BOSS","M","M","$","?","?","E","R","E"],"build_version":"2019-01-03v4","purchased_purges":1,"victory":false,"max_hp_per_floor":[82,82,82,82,82,82,82,82,82,82,82,82,82,82,82,82,82,82,82,82,84,84,84,86,86,86,88,88,90,90,92,92,92,92,92,92,92,92,92,94,94,94],"card_choices":[{"not_picked":["Steam","Heatsinks","Rip and Tear"],"picked":"SKIP","floor":1.0},{"not_picked":["Rebound","Force Field"],"picked":"Conserve Battery","floor":3.0},{"not_picked":["Stack","Leap"],"picked":"Conserve Battery","floor":4.0},{"not_picked":["Redo","Steam"],"picked":"Fusion","floor":6.0},{"not_picked":["Barrage","Compile Driver"],"picked":"Coolheaded","floor":10.0},{"not_picked":["Gash","Coolheaded"],"picked":"Sweeping Beam","floor":12.0},{"not_picked":["Force Field","Undo"],"picked":"Ball Lightning","floor":13.0},{"not_picked":["Stack","Self Repair"],"picked":"Sweeping Beam","floor":14.0},{"not_picked":["Biased Cognition","Meteor Strike"],"picked":"Creative AI","floor":16.0},{"not_picked":["Turbo","Beam Cell"],"picked":"Static Discharge","floor":18.0},{"not_picked":["Coolheaded","Conserve Battery"],"picked":"Defragment","floor":19.0},{"not_picked":["Ball Lightning","Melter","Fission"],"picked":"Singing Bowl","floor":21.0},{"not_picked":["Melter","Rainbow","Lockon+1"],"picked":"Singing Bowl","floor":24.0},{"not_picked":["Go for the Eyes","Barrage","Coolheaded"],"picked":"Singing Bowl","floor":27.0},{"not_picked":["Darkness","Melter","Storm"],"picked":"Singing Bowl","floor":29.0},{"not_picked":["Consume","Fusion","Leap"],"picked":"Singing Bowl","floor":31.0},{"not_picked":["Creative AI","Biased Cognition"],"picked":"Core Surge","floor":33.0},{"not_picked":["Ball Lightning","Melter"],"picked":"Glacier","floor":35.0},{"not_picked":["Ball Lightning","BootSequence"],"picked":"White Noise+1","floor":36.0},{"not_picked":["BootSequence","Hyperbeam","Doom and Gloom"],"picked":"Singing Bowl","floor":40.0}],"player_experience":351063,"relics_obtained":[{"floor":6.0,"key":"DataDisk"},{"floor":11.0,"key":"Pocketwatch"},{"floor":24.0,"key":"Regal Pillow"},{"floor":24.0,"key":"Pantograph"},{"floor":26.0,"key":"Vajra"},{"floor":40.0,"key":"Emotion Chip"},{"floor":40.0,"key":"Ginger"}],"event_choices":[{"damage_healed":0.0,"max_hp_gain":0.0,"max_hp_loss":0.0,"gold_gain":0.0,"event_name":"Shining Light","player_choice":"Entered Light","floor":2.0,"gold_loss":0.0,"damage_taken":16.0,"cards_upgraded":["Dualcast","Defend_B"]},{"damage_healed":0.0,"max_hp_gain":0.0,"max_hp_loss":0.0,"gold_gain":275.0,"event_name":"Golden Shrine","player_choice":"Desecrate","floor":5.0,"gold_loss":0.0,"damage_taken":0.0,"cards_obtained":["Regret"]},{"damage_healed":0.0,"max_hp_gain":0.0,"max_hp_loss":0.0,"gold_gain":99.0,"event_name":"Nest","player_choice":"Stole From Cult","floor":22.0,"gold_loss":0.0,"damage_taken":0.0},{"damage_healed":0.0,"max_hp_gain":0.0,"max_hp_loss":0.0,"gold_gain":0.0,"event_name":"Vampires","player_choice":"Ignored","floor":25.0,"gold_loss":0.0,"damage_taken":0.0},{"damage_healed":0.0,"max_hp_gain":0.0,"max_hp_loss":0.0,"gold_gain":0.0,"event_name":"Tomb of Lord Red Mask","player_choice":"Paid","floor":38.0,"gold_loss":181.0,"damage_taken":0.0,"relics_obtained":["Red Mask"]},{"damage_healed":0.0,"max_hp_gain":0.0,"max_hp_loss":0.0,"gold_gain":0.0,"event_name":"Upgrade Shrine","player_choice":"Upgraded","floor":39.0,"gold_loss":0.0,"damage_taken":0.0,"cards_upgraded":["Glacier"]}],"is_beta":false,"boss_relics":[{"not_picked":["Lizard Tail","Tiny House"],"picked":"Black Star"},{"not_picked":["Orrery","Runic Dome"],"picked":"Astrolabe"}],"items_purged_floors":[8],"is_endless":false,"potions_floor_spawned":[4,6,13,16,21,24,27,29,36],"killed_by":"Nemesis","ascension_level":1}