{"gold_per_floor":[114,114,114,114,132,164,88,108,131,206,218,218,232,252,252,347,347,360,360,374,374,374,401,421,421,421,421,455,472,472],"floor_reached":30,"playtime":4292,"items_purged":[],"score":295,"play_id":"5ffdd06f-0b12-4637-b350-07021156fc0e","local_time":"20190604203641","is_ascension_mode":false,"campfire_choices":[{"floor":15,"key":"RECALL"},{"floor":27,"key":"REST"}],"neow_cost":"NONE","seed_source_timestamp":121603781739569,"circlet_count":0,"master_deck":["Strike_R","Strike_R","Strike_R","Defend_R","Defend_R","Defend_R","Defend_R","Bash","Twin Strike","Shrug It Off","Double Tap","Entrench","Twin Strike","Flame Barrier","Disarm","Armaments","Demon Form","Spot Weakness","Shrug It Off","Uppercut","Flame Barrier","Anger","Rage","Entrench+1","Iron Wave","Cleave","Barricade","Clothesline"],"relics":["Burning Blood","Omamori","Pear","Orrery","PreservedInsect","Centennial Puzzle","Mummified Hand","Du-Vu Doll","Bottled Flame","Vajra"],"potions_floor_usage":[23,28],"damage_taken":[{"damage":3,"enemies":"Small Slimes","floor":1,"turns":3},{"damage":1,"enemies":"Jaw Worm","floor":5,"turns":5},{"damage":37,"enemies":"Gremlin Nob","floor":6,"turns":5},{"damage":4,"enemies":"2 Louse","floor":8,"turns":3},{"damage":22,"enemies":"Gremlin Gang","floor":11,"turns":6},{"damage":5,"enemies":"Large Slime","floor":13,"turns":6},{"damage":10,"enemies":"Looter","floor":14,"turns":2},{"damage":94,"enemies":"Hexaghost","floor":16,"turns":15},{"damage":33,"enemies":"2 Thieves","floor":18,"turns":4},{"damage":11,"enemies":"3 Byrds","floor":20,"turns":4},{"damage":62,"enemies":"Slavers","floor":23,"turns":8},{"damage":11,"enemies":"Snecko","floor":24,"turns":7},{"damage":16,"enemies":"Gremlin Leader","floor":28,"turns":6},{"damage":12,"enemies":"Snake Plant","floor":29,"turns":7},{"damage":25,"enemies":"3 Cultists","floor":30,"turns":3}],"seed_played":"-6942119341392755219","potions_obtained":[{"floor":8,"key":"Strength Potion"},{"floor":14,"key":"Explosive Potion"},{"floor":16,"key":"Fire Potion"},{"floor":24,"key":"LiquidBronze"},{"floor":28,"key":"FearPotion"}],"is_trial":false,"path_per_floor":["M","?","?","?","M","E","$","M","T","?","M","?","M","M","R","B",null,"M","?","M","?","$","E","M","?","T","R","E","M","M"],"character_chosen":"IRONCLAD","items_purchased":["Entrench"],"campfire_rested":1,"item_purchase_floors":[7],"current_hp_per_floor":[80,77,70,70,75,54,54,56,56,45,29,100,100,96,96,8,100,73,73,68,68,68,12,7,7,7,37,27,21,0],"gold":472,"neow_bonus":"ONE_RANDOM_RARE_CARD","is_prod":false,"is_daily":false,"chose_seed":false,"campfire_upgraded":0,"win_rate":0,"timestamp":1559695001,"path_taken":["M","?","?","?","?","E","$","M","T","?","M","?","?","M","R","BOSS","M","?","M","?","$","E","?","?","T","R","E","?","M"],"build_version":"2019-01-23","purchased_purges":0,"victory":false,"max_hp_per_floor":[80,80,80,80,80,90,90,90,90,90,90,100,100,100,100,100,100,100,100,100,100,100,100,100,100,100,100,100,100,100],"card_choices":[{"not_picked":["Havoc","Warcry"],"picked":"Twin Strike","floor":1},{"not_picked":["Infernal Blade","Clash"],"picked":"Shrug It Off","floor":5},{"not_picked":["Warcry","Searing Blow"],"picked":"Double Tap","floor":6},{"not_picked":["Entrench","Warcry"],"picked":"Twin Strike","floor":8},{"not_picked":["Dual Wield","Pommel Strike"],"picked":"Flame Barrier","floor":11},{"not_picked":["Twin Strike","Thunderclap"],"picked":"Disarm","floor":13},{"not_picked":["Twin Strike","Clothesline"],"picked":"Armaments","floor":14},{"not_picked":["Offering","Limit Break"],"picked":"Demon Form","floor":16},{"not_picked":["Corruption","Disarm"],"picked":"Spot Weakness","floor":17},{"not_picked":["Warcry","Corruption"],"picked":"Shrug It Off","floor":17},{"not_picked":["True Grit","Armaments"],"picked":"Uppercut","floor":17},{"not_picked":["Clothesline","True Grit"],"picked":"Flame Barrier","floor":17},{"not_picked":["Second Wind","Sword Boomerang"],"picked":"Anger","floor":17},{"not_picked":["Blood for Blood","Whirlwind"],"picked":"Rage","floor":18},{"not_picked":["Headbutt","Armaments"],"picked":"Entrench+1","floor":20},{"not_picked":["Offering","Entrench"],"picked":"Iron Wave","floor":23},{"not_picked":["Sword Boomerang","Wild Strike"],"picked":"Cleave","floor":24},{"not_picked":["Dual Wield","Body Slam"],"picked":"Barricade","floor":28},{"not_picked":["Pummel","Seeing Red"],"picked":"Clothesline","floor":29}],"player_experience":71661,"relics_obtained":[{"floor":6,"key":"Pear"},{"floor":21,"key":"Centennial Puzzle"},{"floor":23,"key":"Mummified Hand"},{"floor":26,"key":"Bottled Flame"},{"floor":28,"key":"Vajra"}],"event_choices":[{"damage_healed":0,"gold_gain":0,"player_choice":"Success","damage_taken":3,"relics_obtained":["Omamori"],"max_hp_gain":0,"max_hp_loss":0,"event_name":"Scrap Ooze","floor":2,"gold_loss":0},{"cards_removed":["Strike_R"],"damage_healed":0,"gold_gain":0,"player_choice":"Card Removal","damage_taken":7,"max_hp_gain":0,"max_hp_loss":0,"event_name":"Golden Wing","floor":3,"gold_loss":0},{"cards_removed":["Strike_R"],"damage_healed":0,"gold_gain":0,"player_choice":"Purged","damage_taken":0,"max_hp_gain":0,"max_hp_loss":0,"event_name":"Purifier","floor":4,"gold_loss":0},{"damage_healed":0,"gold_gain":75,"player_choice":"Gather Gold","damage_taken":11,"max_hp_gain":0,"max_hp_loss":0,"event_name":"World of Goop","floor":10,"gold_loss":0},{"cards_removed":["Exhume"],"damage_healed":61,"gold_gain":0,"player_choice":"Offered Rare","damage_taken":0,"max_hp_gain":10,"max_hp_loss":0,"event_name":"Bonfire Elementals","floor":12,"gold_loss":0},{"damage_healed":0,"gold_gain":0,"player_choice":"Opened","damage_taken":0,"relics_obtained":["PreservedInsect"],"max_hp_gain":0,"max_hp_loss":0,"event_name":"The Mausoleum","floor":19,"gold_loss":0},{"damage_healed":0,"gold_gain":0,"player_choice":"Relic","damage_taken":0,"max_hp_gain":0,"max_hp_loss":0,"event_name":"Wheel of Change","floor":21,"gold_loss":0},{"damage_healed":0,"gold_gain":0,"player_choice":"Gave Potion","damage_taken":0,"relics_obtained":["Du-Vu Doll"],"max_hp_gain":0,"max_hp_loss":0,"event_name":"WeMeetAgain","floor":25,"gold_loss":0}],"is_beta":false,"boss_relics":[{"not_picked":["Philosopher\u0027s Stone","Runic Dome"],"picked":"Orrery"}],"items_purged_floors":[],"is_endless":false,"potions_floor_spawned":[8,14,16,20,24,28],"killed_by":"3 Cultists","ascension_level":0}