{"gold_per_floor":[109,121,75,75,95,130,130,47,71,71,146,146,113,134,134,265,265,278,278,19,38,56,56,74,74,74,98,118,118,218,241,241,360,360,380,46,59,184,208,208,229,229,229,229,272,272,313,334,334,334],"floor_reached":50,"playtime":5097,"items_purged":[],"score":527,"play_id":"55371b8b-3816-447c-a721-47320642da6a","local_time":"20190407130108","is_ascension_mode":false,"campfire_choices":[{"data":"Shockwave","floor":7.0,"key":"SMITH"},{"data":"Rage","floor":10.0,"key":"SMITH"},{"floor":15.0,"key":"REST"},{"floor":23.0,"key":"REST"},{"data":"Armaments","floor":25,"key":"SMITH"},{"floor":29,"key":"REST"},{"data":"Carnage","floor":32,"key":"SMITH"},{"floor":40,"key":"REST"},{"floor":42,"key":"REST"},{"floor":44,"key":"REST"},{"floor":49,"key":"REST"}],"neow_cost":"NONE","seed_source_timestamp":0,"circlet_count":0,"master_deck":["Strike_R+1","Strike_R","Strike_R","Strike_R","Strike_R","Defend_R","Defend_R","Defend_R","Defend_R+1","Bash","Shockwave+1","Cleave","Perfected Strike","Infernal Blade","Rage+1","Cleave+1","Carnage+1","Rampage","Limit Break+1","Armaments+1","Apotheosis","Dark Shackles","Blood for Blood+1","Anger","Perfected Strike+1","Anger","Headbutt","Double Tap","Ghostly Armor","Iron Wave","Cleave","Bludgeon","Pommel Strike","Headbutt+1","Thunderclap+1","Blood for Blood+1","Self Repair+1","Leap","Iron Wave+1","Flex","Redo+1"],"special_seed":0,"relics":["Burning Blood","NeowsBlessing","Strawberry","Whetstone","Golden Idol","Sozu","War Paint","Orrery","Vajra","PrismaticShard","WingedGreaves","Letter Opener","Ancient Tea Set","Bottled Flame"],"potions_floor_usage":[],"damage_taken":[{"damage":0.0,"enemies":"Cultist","floor":1.0,"turns":1.0},{"damage":0.0,"enemies":"Small Slimes","floor":2.0,"turns":1.0},{"damage":0.0,"enemies":"2 Louse","floor":5.0,"turns":1.0},{"damage":16.0,"enemies":"Gremlin Nob","floor":6.0,"turns":4.0},{"damage":15.0,"enemies":"Exordium Thugs","floor":14.0,"turns":5.0},{"damage":59.0,"enemies":"The Guardian","floor":16.0,"turns":11.0},{"damage":3.0,"enemies":"Shell Parasite","floor":18.0,"turns":4.0},{"damage":14.0,"enemies":"3 Byrds","floor":21.0,"turns":5.0},{"damage":25.0,"enemies":"3 Cultists","floor":22.0,"turns":5.0},{"damage":12,"enemies":"Chosen and Byrds","floor":24,"turns":4},{"damage":42,"enemies":"Shelled Parasite and Fungi","floor":27,"turns":5},{"damage":10,"enemies":"Centurion and Healer","floor":28,"turns":5},{"damage":0,"enemies":"Snecko","floor":31,"turns":3},{"damage":70,"enemies":"Champ","floor":33,"turns":10},{"damage":15,"enemies":"Orb Walker","floor":35,"turns":3},{"damage":16,"enemies":"3 Shapes","floor":37,"turns":3},{"damage":26,"enemies":"Mind Bloom Boss Battle","floor":38,"turns":5},{"damage":17,"enemies":"Maw","floor":39,"turns":7},{"damage":33,"enemies":"Sphere and 2 Shapes","floor":41,"turns":4},{"damage":15,"enemies":"Reptomancer","floor":45,"turns":5},{"damage":52,"enemies":"Nemesis","floor":47,"turns":7},{"damage":28,"enemies":"Jaw Worm Horde","floor":48,"turns":4},{"damage":62,"enemies":"Awakened One","floor":50,"turns":4}],"seed_played":"-3342985095299864362","potions_obtained":[{"floor":5.0,"key":"Block Potion"},{"floor":6.0,"key":"EssenceOfSteel"},{"floor":14.0,"key":"SpeedPotion"},{"floor":16.0,"key":"Block Potion"}],"is_trial":false,"path_per_floor":["M","M","$","?","M","E","R","$","T","R","?","?","$","M","R","B",null,"M","?","$","M","M","R","M","R","T","M","M","R","?","M","R","B",null,"M","$","M","?","M","R","M","R","T","R","E","?","E","M","R","B"],"character_chosen":"IRONCLAD","items_purchased":["Perfected Strike","Rage","Cleave","Carnage","Apotheosis","Dark Shackles","Vajra","PrismaticShard"],"campfire_rested":7,"item_purchase_floors":[3,8,8,13,20,20,36,36],"current_hp_per_floor":[80,80,80,85,85,82,82,82,82,82,71,48,48,39,66,13,92,92,92,92,84,65,92,86,86,86,50,46,73,73,79,79,15,92,83,83,73,53,42,69,42,69,69,92,83,83,47,25,52,0],"gold":334,"neow_bonus":"THREE_ENEMY_KILL","is_prod":false,"is_daily":false,"chose_seed":false,"campfire_upgraded":4,"win_rate":0.0,"timestamp":1554634868,"path_taken":["M","M","$","?","M","E","R","$","T","R","?","?","$","M","R","BOSS","M","?","$","M","M","R","M","R","T","?","M","R","?","M","R","BOSS","M","$","M","?","M","R","M","R","T","R","E","?","E","?","R","BOSS"],"build_version":"2019-01-23","purchased_purges":0,"victory":false,"max_hp_per_floor":[80,80,80,85,85,92,92,92,92,92,92,92,92,92,92,92,92,92,92,92,92,92,92,92,92,92,92,92,92,92,92,92,92,92,92,92,92,92,92,92,92,92,92,92,92,92,92,92,92,92],"card_choices":[{"not_picked":["Perfected Strike","Headbutt"],"picked":"Shockwave","floor":1.0},{"not_picked":["Flex","Heavy Blade"],"picked":"Cleave","floor":2.0},{"not_picked":["Hemokinesis","Wild Strike"],"picked":"Infernal Blade","floor":5.0},{"not_picked":["True Grit","Fiend Fire","Bloodletting"],"picked":"SKIP","floor":6.0},{"not_picked":["Sever Soul","Heavy Blade"],"picked":"Rampage","floor":14.0},{"not_picked":["Berserk","Dark Embrace"],"picked":"Limit Break","floor":16.0},{"not_picked":["Pommel Strike","Warcry"],"picked":"Armaments","floor":18.0},{"not_picked":["Sword Boomerang","Clothesline"],"picked":"Blood for Blood+1","floor":21.0},{"not_picked":["Evolve","Heavy Blade"],"picked":"Anger","floor":22.0},{"not_picked":["Clash","Thunderclap"],"picked":"Perfected Strike+1","floor":24},{"not_picked":["Cleave","Dark Embrace"],"picked":"Anger","floor":27},{"not_picked":["True Grit","Armaments","Burning Pact+1"],"picked":"SKIP","floor":28},{"not_picked":["Warcry","Searing Blow"],"picked":"Headbutt","floor":31},{"not_picked":["Berserk","Limit Break"],"picked":"Double Tap","floor":33},{"not_picked":["Battle Trance","Flex"],"picked":"Ghostly Armor","floor":34},{"not_picked":["Wild Strike","Armaments+1"],"picked":"Iron Wave","floor":34},{"not_picked":["Body Slam+1","Battle Trance"],"picked":"Cleave","floor":34},{"not_picked":["Pommel Strike","Hemokinesis"],"picked":"Bludgeon","floor":34},{"not_picked":["Sword Boomerang","Twin Strike"],"picked":"Pommel Strike","floor":34},{"not_picked":["Warcry","Intimidate+1"],"picked":"Headbutt+1","floor":35},{"not_picked":["Disarm","Reflex"],"picked":"Thunderclap+1","floor":37},{"not_picked":["Redo","Deep Breath+1"],"picked":"Blood for Blood+1","floor":38},{"not_picked":["Impatience","Iron Wave"],"picked":"Self Repair+1","floor":39},{"not_picked":["Pommel Strike","Beam Cell+1"],"picked":"Leap","floor":41},{"not_picked":["Clothesline","Sucker Punch+1"],"picked":"Iron Wave+1","floor":45},{"not_picked":["Uppercut+1","Compile Driver","Flex"],"picked":"SKIP","floor":47},{"not_picked":["Uppercut+1","Compile Driver"],"picked":"Flex","floor":47},{"not_picked":["Calculated Gamble","Finisher"],"picked":"Redo+1","floor":48}],"player_experience":34078,"relics_obtained":[{"floor":6.0,"key":"Strawberry"},{"floor":9.0,"key":"Whetstone"},{"floor":26,"key":"War Paint"},{"floor":38,"key":"WingedGreaves"},{"floor":43,"key":"Letter Opener"},{"floor":45,"key":"Ancient Tea Set"},{"floor":47,"key":"Bottled Flame"}],"event_choices":[{"damage_healed":0.0,"max_hp_gain":5.0,"max_hp_loss":0.0,"gold_gain":0.0,"event_name":"Big Fish","player_choice":"Donut","floor":4.0,"gold_loss":0.0,"damage_taken":0.0},{"damage_healed":0.0,"max_hp_gain":0.0,"max_hp_loss":0.0,"gold_gain":75.0,"event_name":"World of Goop","player_choice":"Gather Gold","floor":11.0,"gold_loss":0.0,"damage_taken":11.0},{"damage_healed":0.0,"max_hp_gain":0.0,"max_hp_loss":0.0,"gold_gain":0.0,"event_name":"Golden Idol","player_choice":"Take Damage","floor":12.0,"gold_loss":0.0,"damage_taken":23.0,"relics_obtained":["Golden Idol"]},{"damage_healed":0.0,"max_hp_gain":0.0,"max_hp_loss":0.0,"gold_gain":0.0,"event_name":"N\u0027loth","player_choice":"Ignored","floor":19.0,"gold_loss":0.0,"damage_taken":0.0},{"damage_healed":0,"gold_gain":100,"player_choice":"Pray","damage_taken":0,"max_hp_gain":0,"max_hp_loss":0,"event_name":"Golden Shrine","floor":30,"gold_loss":0},{"damage_healed":0,"gold_gain":0,"player_choice":"Fight","damage_taken":0,"max_hp_gain":0,"max_hp_loss":0,"event_name":"MindBloom","floor":38,"gold_loss":0},{"damage_healed":0,"gold_gain":0,"player_choice":"Got Potions","damage_taken":0,"max_hp_gain":0,"max_hp_loss":0,"event_name":"Lab","floor":46,"gold_loss":0}],"is_beta":false,"boss_relics":[{"not_picked":["Busted Crown","Snecko Eye"],"picked":"Sozu"},{"not_picked":["Empty Cage","Runic Dome"],"picked":"Orrery"}],"items_purged_floors":[],"is_endless":false,"potions_floor_spawned":[5,6,14,16,22,24,33,37,39,41,47],"killed_by":"Awakened One","ascension_level":0}