{"gold_per_floor":[118,68,84,84,104,104,137,137,137,312,312,325,361,380,380,504,504,524,547,571,592,297,297,312,312,338,373,20,38,38,51,51,175,175,198,198,144,19,19,19,363,363,363,381,401,401,414,97,97,97],"floor_reached":50,"playtime":2156,"items_purged":["Doubt"],"score":681,"play_id":"3c43ce3a-99bf-4a20-abf3-5beed2abf189","local_time":"20190529041258","is_ascension_mode":true,"campfire_choices":[{"data":"Poisoned Stab","floor":6.0,"key":"SMITH"},{"data":"Crippling Poison","floor":8.0,"key":"SMITH"},{"data":"Predator","floor":15.0,"key":"SMITH"},{"floor":23.0,"key":"REST"},{"data":"Catalyst","floor":25.0,"key":"SMITH"},{"data":"Adrenaline","floor":32.0,"key":"SMITH"},{"data":"Burst","floor":40.0,"key":"SMITH"},{"data":"Deadly Poison","floor":42.0,"key":"SMITH"},{"data":"Blur","floor":46.0,"key":"SMITH"},{"data":"Bouncing Flask","floor":49.0,"key":"SMITH"}],"neow_cost":"NONE","seed_source_timestamp":106989415662000,"circlet_count":0,"master_deck":["Defend_G","Defend_G","Defend_G","Defend_G","Defend_G","Strike_G","Strike_G","Strike_G","Strike_G","Survivor","Neutralize","Backflip","Predator+1","Poisoned Stab+1","Crippling Poison+1","Burst+1","Caltrops+1","Deflect","Adrenaline+1","Poisoned Stab","Catalyst+1","Deadly Poison+1","Poisoned Stab","Bullet Time","Dash","PiercingWail+1","Noxious Fumes+1","Blur+1","Dagger Spray","Poisoned Stab+1","Corpse Explosion","PiercingWail+1","Escape Plan+1","Caltrops+1","Footwork+1","Flying Knee+1","Noxious Fumes+1","Dagger Spray+1","Prepared+1","PiercingWail+1","Bouncing Flask+1"],"special_seed":0,"relics":["Ring of the Snake","NeowsBlessing","Frozen Egg 2","Pear","Golden Idol","Sundial","Eternal Feather","Regal Pillow","Oddly Smooth Stone","The Courier","Kunai","Orrery","Happy Flower","CultistMask","Old Coin","Dodecahedron","Calipers"],"potions_floor_usage":[50],"damage_taken":[{"damage":0.0,"enemies":"Jaw Worm","floor":1.0,"turns":1.0},{"damage":0.0,"enemies":"Small Slimes","floor":3.0,"turns":1.0},{"damage":0.0,"enemies":"Cultist","floor":5.0,"turns":1.0},{"damage":20.0,"enemies":"Lagavulin","floor":7.0,"turns":6.0},{"damage":1.0,"enemies":"Exordium Wildlife","floor":12.0,"turns":4.0},{"damage":7.0,"enemies":"3 Sentries","floor":13.0,"turns":13.0},{"damage":10.0,"enemies":"3 Louse","floor":14.0,"turns":3.0},{"damage":10.0,"enemies":"The Guardian","floor":16.0,"turns":8.0},{"damage":7.0,"enemies":"3 Byrds","floor":18.0,"turns":4.0},{"damage":11.0,"enemies":"Shell Parasite","floor":19.0,"turns":7.0},{"damage":18.0,"enemies":"Cultist and Chosen","floor":20.0,"turns":6.0},{"damage":32.0,"enemies":"Sentry and Sphere","floor":21.0,"turns":5.0},{"damage":24.0,"enemies":"Shelled Parasite and Fungi","floor":24.0,"turns":5.0},{"damage":10.0,"enemies":"Slavers","floor":27.0,"turns":5.0},{"damage":7.0,"enemies":"Snake Plant","floor":29.0,"turns":3.0},{"damage":6.0,"enemies":"Chosen and Byrds","floor":31.0,"turns":3.0},{"damage":35.0,"enemies":"Automaton","floor":33.0,"turns":8.0},{"damage":25.0,"enemies":"3 Darklings","floor":35.0,"turns":4.0},{"damage":17.0,"enemies":"Giant Head","floor":41.0,"turns":5.0},{"damage":0.0,"enemies":"3 Shapes","floor":44.0,"turns":3.0},{"damage":34.0,"enemies":"Sphere and 2 Shapes","floor":45.0,"turns":6.0},{"damage":39.0,"enemies":"Writhing Mass","floor":47.0,"turns":7.0},{"damage":58,"enemies":"Time Eater","floor":50,"turns":7}],"seed_played":"3938697525960804978","potions_obtained":[{"floor":4.0,"key":"Poison Potion"},{"floor":4.0,"key":"Fruit Juice"},{"floor":4.0,"key":"SteroidPotion"},{"floor":12.0,"key":"SkillPotion"},{"floor":14.0,"key":"Explosive Potion"},{"floor":16.0,"key":"Fire Potion"},{"floor":19.0,"key":"AttackPotion"},{"floor":21.0,"key":"Weak Potion"},{"floor":31.0,"key":"GamblersBrew"},{"floor":33.0,"key":"Explosive Potion"},{"floor":47.0,"key":"Fire Potion"}],"is_trial":false,"path_per_floor":["M","?","M","?","M","R","E","R","T","?","?","M","E","M","R","B",null,"M","M","M","M","$","R","M","R","T","E","$","M","?","M","R","B",null,"M","?","$","$","?","R","E","R","T","M","M","R","M","$","R","B"],"character_chosen":"THE_SILENT","items_purchased":["Bullet Time","Regal Pillow","Noxious Fumes+1","Kunai","Blur","Noxious Fumes+1","Happy Flower","Bouncing Flask","Calipers"],"campfire_rested":1,"item_purchase_floors":[22,22,28,28,28,37,38,48,48],"current_hp_per_floor":[70,70,70,70,70,70,55,55,65,65,65,64,57,47,47,37,79,72,61,43,11,11,64,40,55,55,45,45,38,64,58,76,41,79,54,54,54,54,54,75,58,79,79,79,45,66,27,27,51,0],"gold":97,"neow_bonus":"THREE_ENEMY_KILL","is_prod":false,"is_daily":false,"chose_seed":false,"campfire_upgraded":9,"win_rate":0,"timestamp":1559128378,"path_taken":["M","?","M","?","?","R","E","R","T","?","?","M","E","M","R","BOSS","M","M","M","M","$","R","M","R","T","E","$","M","?","M","R","BOSS","M","?","?","$","?","R","E","R","T","M","M","R","?","$","R","BOSS"],"build_version":"2019-01-23","purchased_purges":1,"victory":false,"max_hp_per_floor":[70,70,70,70,70,70,75,75,85,85,79,79,79,79,79,79,79,79,79,79,79,79,79,79,79,79,79,79,79,79,79,79,79,79,79,79,79,79,79,79,79,79,79,79,79,79,79,79,79,79],"card_choices":[{"not_picked":["Dagger Spray","Underhanded Strike"],"picked":"Backflip","floor":1.0},{"not_picked":["Cloak And Dagger","Terror"],"picked":"Predator","floor":3.0},{"not_picked":["Dodge and Roll","Cloak And Dagger"],"picked":"Poisoned Stab","floor":5.0},{"not_picked":["Quick Slash","Expertise"],"picked":"Crippling Poison","floor":7.0},{"not_picked":["Prepared","PiercingWail"],"picked":"Burst","floor":12.0},{"not_picked":["Endless Agony","All Out Attack"],"picked":"Caltrops+1","floor":13.0},{"not_picked":["Quick Slash","Choke"],"picked":"Deflect","floor":14.0},{"not_picked":["Burst","After Image+1"],"picked":"Adrenaline","floor":16.0},{"not_picked":["Expertise","Dagger Throw"],"picked":"Poisoned Stab","floor":18.0},{"not_picked":["Outmaneuver","Choke"],"picked":"Catalyst","floor":19.0},{"not_picked":["Blade Dance","Acrobatics"],"picked":"Deadly Poison","floor":20.0},{"not_picked":["Quick Slash+1","Predator+1"],"picked":"Poisoned Stab","floor":21.0},{"not_picked":["Choke","Prepared+1"],"picked":"Dash","floor":24.0},{"not_picked":["Backstab","Choke"],"picked":"PiercingWail+1","floor":27.0},{"not_picked":["Flying Knee","Terror"],"picked":"Dagger Spray","floor":29.0},{"not_picked":["Unload","Accuracy+1"],"picked":"Poisoned Stab+1","floor":31.0},{"not_picked":["Phantasmal Killer","Tools of the Trade+1"],"picked":"Corpse Explosion","floor":33.0},{"not_picked":["Bane","Cloak And Dagger"],"picked":"PiercingWail+1","floor":34.0},{"not_picked":["Dodge and Roll","Reflex"],"picked":"Escape Plan+1","floor":34.0},{"not_picked":["Endless Agony","Dagger Throw"],"picked":"Caltrops+1","floor":34.0},{"not_picked":["Dodge and Roll","Slice"],"picked":"Footwork+1","floor":34.0},{"not_picked":["Storm of Steel","Acrobatics"],"picked":"PiercingWail","floor":34.0},{"not_picked":["Calculated Gamble","Backstab"],"picked":"Flying Knee+1","floor":35.0},{"not_picked":["Underhanded Strike+1","Flechettes","Flying Knee"],"picked":"SKIP","floor":41.0},{"not_picked":["Cloak And Dagger+1","PiercingWail"],"picked":"Dagger Spray+1","floor":44.0},{"not_picked":["Endless Agony+1","Terror+1"],"picked":"Prepared+1","floor":45.0},{"not_picked":["Cloak And Dagger+1","Masterful Stab"],"picked":"PiercingWail+1","floor":47.0}],"player_experience":116797,"relics_obtained":[{"floor":7.0,"key":"Frozen Egg 2"},{"floor":9.0,"key":"Pear"},{"floor":13.0,"key":"Sundial"},{"floor":26.0,"key":"Oddly Smooth Stone"},{"floor":27.0,"key":"The Courier"},{"floor":41.0,"key":"Old Coin"},{"floor":43.0,"key":"Dodecahedron"}],"event_choices":[{"cards_removed":["Strike_G"],"damage_healed":0.0,"max_hp_gain":0.0,"max_hp_loss":0.0,"gold_gain":0.0,"event_name":"The Cleric","player_choice":"Card Removal","floor":2.0,"gold_loss":50.0,"damage_taken":0.0},{"damage_healed":0.0,"max_hp_gain":0.0,"max_hp_loss":0.0,"gold_gain":0.0,"event_name":"Lab","player_choice":"Got Potions","floor":4.0,"gold_loss":0.0,"damage_taken":0.0},{"damage_healed":0.0,"max_hp_gain":0.0,"max_hp_loss":0.0,"gold_gain":175.0,"event_name":"Liars Game","player_choice":"AGREE","floor":10.0,"gold_loss":0.0,"damage_taken":0.0,"cards_obtained":["Doubt"]},{"damage_healed":0.0,"max_hp_gain":0.0,"max_hp_loss":6.0,"gold_gain":0.0,"event_name":"Golden Idol","player_choice":"Lose Max HP","floor":11.0,"gold_loss":0.0,"damage_taken":0.0,"relics_obtained":["Golden Idol"]},{"damage_healed":26.0,"max_hp_gain":0.0,"max_hp_loss":0.0,"gold_gain":0.0,"event_name":"The Library","player_choice":"Heal","floor":30.0,"gold_loss":0.0,"damage_taken":0.0},{"cards_removed":["PiercingWail"],"damage_healed":0.0,"max_hp_gain":0.0,"max_hp_loss":0.0,"gold_gain":0.0,"event_name":"Wheel of Change","player_choice":"Card Removal","floor":36.0,"gold_loss":0.0,"damage_taken":0.0},{"damage_healed":0.0,"max_hp_gain":0.0,"max_hp_loss":0.0,"gold_gain":0.0,"event_name":"FaceTrader","player_choice":"Trade","floor":39.0,"gold_loss":0.0,"damage_taken":0.0,"relics_obtained":["CultistMask"]}],"is_beta":false,"boss_relics":[{"not_picked":["HoveringKite","Fusion Hammer"],"picked":"Eternal Feather"},{"not_picked":["Runic Dome","Runic Pyramid"],"picked":"Orrery"}],"items_purged_floors":[28],"is_endless":false,"potions_floor_spawned":[5,12,14,16,19,21,31,33,47],"killed_by":"Time Eater","ascension_level":3}