{"gold_per_floor":[113,188,188,206,225,154,154,181,181,181,198,198,228,9,9,9],"floor_reached":16,"playtime":503,"items_purged":["Blade Dance"],"score":173,"play_id":"4cf96ce3-8584-4029-871c-6efe270adbea","local_time":"20190606052523","is_ascension_mode":true,"campfire_choices":[{"data":"Dodge and Roll","floor":7.0,"key":"SMITH"},{"data":"Noxious Fumes","floor":10.0,"key":"SMITH"},{"floor":12.0,"key":"REST"},{"floor":15.0,"key":"REST"}],"neow_cost":"NONE","seed_source_timestamp":174660955867700,"circlet_count":0,"master_deck":["AscendersBane","Defend_G","Defend_G","Defend_G","Defend_G","Defend_G","Strike_G","Strike_G","Strike_G","Strike_G","Strike_G","Survivor","Neutralize","Deflect+1","Dodge and Roll+1","Catalyst","Noxious Fumes+1","Deadly Poison","Crippling Poison"],"special_seed":0,"relics":["Ring of the Snake","NeowsBlessing","Torii","Sundial","Anchor","Snake Skull"],"potions_floor_usage":[],"damage_taken":[{"damage":0.0,"enemies":"2 Louse","floor":1.0,"turns":1.0},{"damage":0.0,"enemies":"Small Slimes","floor":4.0,"turns":1.0},{"damage":0.0,"enemies":"Cultist","floor":5.0,"turns":1.0},{"damage":35.0,"enemies":"Lagavulin","floor":8.0,"turns":12.0},{"damage":2.0,"enemies":"Exordium Wildlife","floor":11.0,"turns":6.0},{"damage":20.0,"enemies":"3 Sentries","floor":13.0,"turns":8.0},{"damage":57,"enemies":"Slime Boss","floor":16,"turns":8}],"seed_played":"-5513897506418748580","potions_obtained":[{"floor":1.0,"key":"Regen Potion"},{"floor":5.0,"key":"LiquidBronze"}],"is_trial":false,"path_per_floor":["M","?","?","M","M","$","R","E","T","R","M","R","E","$","R","B"],"character_chosen":"THE_SILENT","items_purchased":["Catalyst","Snake Skull"],"campfire_rested":2,"item_purchase_floors":[6,14],"current_hp_per_floor":[63,52,52,52,52,52,52,32,32,32,30,51,31,31,52,0],"gold":9,"neow_bonus":"THREE_ENEMY_KILL","is_prod":false,"is_daily":false,"chose_seed":false,"campfire_upgraded":2,"win_rate":0,"timestamp":1559823923,"path_taken":["M","?","?","?","M","$","R","E","T","R","M","R","E","$","R","BOSS"],"build_version":"2019-01-23","purchased_purges":1,"victory":false,"max_hp_per_floor":[70,70,70,70,70,70,70,70,70,70,70,70,70,70,70,70],"card_choices":[{"not_picked":["Setup","Quick Slash"],"picked":"Deflect","floor":1.0},{"not_picked":["Deflect","Acrobatics"],"picked":"Blade Dance","floor":4.0},{"not_picked":["Heel Hook","Deflect"],"picked":"Dodge and Roll","floor":5.0},{"not_picked":["Flying Knee","Backflip"],"picked":"Noxious Fumes","floor":8.0},{"not_picked":["Malaise","Sucker Punch"],"picked":"Deadly Poison","floor":11.0},{"not_picked":["Escape Plan","Quick Slash"],"picked":"Crippling Poison","floor":13.0}],"player_experience":335897,"relics_obtained":[{"floor":8.0,"key":"Torii"},{"floor":9.0,"key":"Sundial"},{"floor":13.0,"key":"Anchor"}],"event_choices":[{"damage_healed":0.0,"max_hp_gain":0.0,"max_hp_loss":0.0,"gold_gain":75.0,"event_name":"World of Goop","player_choice":"Gather Gold","floor":2.0,"gold_loss":0.0,"damage_taken":11.0},{"damage_healed":0.0,"max_hp_gain":0.0,"max_hp_loss":0.0,"gold_gain":0.0,"event_name":"Upgrade Shrine","player_choice":"Upgraded","floor":3.0,"gold_loss":0.0,"damage_taken":0.0,"cards_upgraded":["Deflect"]}],"is_beta":false,"boss_relics":[],"items_purged_floors":[14],"is_endless":false,"potions_floor_spawned":[1,5],"killed_by":"Slime Boss","ascension_level":12}