{"gold_per_floor":[113,188,188,188,188,188,219,234,234,270,283,304,327,283,283,283],"floor_reached":16,"playtime":466,"items_purged":[],"score":250,"play_id":"f126b5cf-c130-4e21-8952-b6dbb8b88884","local_time":"20190420023541","is_ascension_mode":true,"campfire_choices":[{"data":"Bash","floor":6.0,"key":"SMITH"},{"data":"Body Slam","floor":15.0,"key":"SMITH"}],"neow_cost":"NONE","seed_source_timestamp":54477760113428,"circlet_count":0,"master_deck":["AscendersBane","Strike_R","Strike_R+1","Strike_R","Strike_R","Strike_R","Defend_R","Defend_R","Defend_R","Defend_R","Bash+1","Uppercut+1","Body Slam+1","Headbutt","Iron Wave","Spot Weakness"],"special_seed":0,"relics":["Burning Blood","NeowsBlessing","Golden Idol","Art of War","Potion Belt","Singing Bowl"],"potions_floor_usage":[],"damage_taken":[{"damage":0.0,"enemies":"Small Slimes","floor":1.0,"turns":1.0},{"damage":0.0,"enemies":"3 Sentries","floor":7.0,"turns":2.0},{"damage":0.0,"enemies":"2 Louse","floor":8.0,"turns":1.0},{"damage":20.0,"enemies":"Lagavulin","floor":10.0,"turns":7.0},{"damage":4.0,"enemies":"Jaw Worm","floor":11.0,"turns":3.0},{"damage":4.0,"enemies":"Blue Slaver","floor":12.0,"turns":4.0},{"damage":7.0,"enemies":"Lots of Slimes","floor":13.0,"turns":6.0},{"damage":48,"enemies":"Slime Boss","floor":16,"turns":6}],"seed_played":"-1844685903773302815","potions_obtained":[{"floor":1.0,"key":"SkillPotion"},{"floor":7.0,"key":"Energy Potion"}],"is_trial":false,"path_per_floor":["M","?","?","?","?","R","E","M","T","E","M","M","M","$","R","B"],"character_chosen":"IRONCLAD","items_purchased":["Spot Weakness"],"campfire_rested":0,"item_purchase_floors":[14],"current_hp_per_floor":[74,63,37,62,39,39,45,51,51,37,41,45,46,46,46,0],"gold":283,"neow_bonus":"THREE_ENEMY_KILL","is_prod":false,"is_daily":false,"chose_seed":false,"campfire_upgraded":2,"win_rate":0,"timestamp":1555752941,"path_taken":["M","?","?","?","?","R","E","M","T","E","M","?","M","$","R","BOSS"],"build_version":"2019-01-23","purchased_purges":0,"victory":false,"max_hp_per_floor":[75,75,75,75,75,75,75,75,75,75,77,79,81,81,81,81],"card_choices":[{"not_picked":["Power Through","Thunderclap"],"picked":"Uppercut","floor":1.0},{"not_picked":["Headbutt","Thunderclap"],"picked":"Body Slam","floor":7.0},{"not_picked":["Disarm","True Grit"],"picked":"Headbutt","floor":8.0},{"not_picked":["Rampage","Cleave"],"picked":"Iron Wave","floor":10.0},{"not_picked":["Sever Soul","Heavy Blade","Body Slam"],"picked":"Singing Bowl","floor":11.0},{"not_picked":["Armaments","Flex","Blood for Blood"],"picked":"Singing Bowl","floor":12.0},{"not_picked":["Burning Pact","Havoc","Cleave"],"picked":"Singing Bowl","floor":13.0}],"player_experience":730661,"relics_obtained":[{"floor":7.0,"key":"Art of War"},{"floor":9.0,"key":"Potion Belt"},{"floor":10.0,"key":"Singing Bowl"}],"event_choices":[{"damage_healed":0.0,"max_hp_gain":0.0,"max_hp_loss":0.0,"gold_gain":75.0,"event_name":"World of Goop","player_choice":"Gather Gold","floor":2.0,"gold_loss":0.0,"damage_taken":11.0},{"damage_healed":0.0,"max_hp_gain":0.0,"max_hp_loss":0.0,"gold_gain":0.0,"event_name":"Golden Idol","player_choice":"Take Damage","floor":3.0,"gold_loss":0.0,"damage_taken":26.0,"relics_obtained":["Golden Idol"]},{"damage_healed":25.0,"max_hp_gain":0.0,"max_hp_loss":0.0,"gold_gain":0.0,"event_name":"Big Fish","player_choice":"Banana","floor":4.0,"gold_loss":0.0,"damage_taken":0.0},{"damage_healed":0.0,"max_hp_gain":0.0,"max_hp_loss":0.0,"gold_gain":0.0,"event_name":"Shining Light","player_choice":"Entered Light","floor":5.0,"gold_loss":0.0,"damage_taken":23.0,"cards_upgraded":["Strike_R","Uppercut"]}],"is_beta":false,"boss_relics":[],"items_purged_floors":[],"is_endless":false,"potions_floor_spawned":[1,7],"killed_by":"Slime Boss","ascension_level":17}