{"gold_per_floor":[211,486,149,166,185,195,207,232,232,51,51,51,51,80,80,80],"floor_reached":16,"playtime":532,"items_purged":[],"score":165,"play_id":"944ba75e-3084-44da-bad1-a4d698c9a756","local_time":"20190603080942","is_ascension_mode":true,"campfire_choices":[{"floor":13.0,"key":"REST"},{"floor":15.0,"key":"REST"}],"neow_cost":"NONE","seed_source_timestamp":92047911423800,"circlet_count":0,"master_deck":["AscendersBane","Defend_G","Defend_G","Defend_G","Defend_G","Defend_G","Strike_G","Strike_G","Strike_G","Strike_G","Strike_G","Survivor","Neutralize","Dagger Spray","Regret","Catalyst","Dagger Spray","Deflect","Bane","Bouncing Flask","Catalyst","Sadistic Nature","Bane"],"special_seed":0,"relics":["Ring of the Snake","Art of War","Vajra","Bag of Preparation","Centennial Puzzle","Ninja Scroll"],"potions_floor_usage":[],"damage_taken":[{"damage":0.0,"enemies":"Jaw Worm","floor":1.0,"turns":5.0},{"damage":0.0,"enemies":"Cultist","floor":4.0,"turns":4.0},{"damage":5.0,"enemies":"2 Louse","floor":5.0,"turns":2.0},{"damage":19.0,"enemies":"Exordium Thugs","floor":6.0,"turns":6.0},{"damage":4.0,"enemies":"Large Slime","floor":7.0,"turns":7.0},{"damage":25.0,"enemies":"Lagavulin","floor":8.0,"turns":6.0},{"damage":10.0,"enemies":"3 Sentries","floor":14.0,"turns":6.0},{"damage":46,"enemies":"Slime Boss","floor":16,"turns":7}],"seed_played":"-3367924802395347016","potions_obtained":[{"floor":8.0,"key":"Poison Potion"}],"is_trial":false,"path_per_floor":["M","?","$","M","M","M","M","E","T","$","?","$","R","E","R","B"],"character_chosen":"THE_SILENT","items_purchased":["Catalyst","Art of War","Energy Potion","Block Potion","PowerPotion","Sadistic Nature"],"campfire_rested":2,"item_purchase_floors":[3,3,3,3,3,10],"current_hp_per_floor":[63,63,63,63,58,39,35,10,10,10,10,10,31,21,42,0],"gold":80,"neow_bonus":"HUNDRED_GOLD","is_prod":false,"is_daily":false,"chose_seed":false,"campfire_upgraded":0,"win_rate":0,"timestamp":1559574582,"path_taken":["M","?","$","M","M","?","M","E","T","$","?","$","R","E","R","BOSS"],"build_version":"2019-01-23","purchased_purges":0,"victory":false,"max_hp_per_floor":[70,70,70,70,70,70,70,70,70,70,70,70,70,70,70,70],"card_choices":[{"not_picked":["Flying Knee","Underhanded Strike"],"picked":"Dagger Spray","floor":1.0},{"not_picked":["Flying Knee","Skewer"],"picked":"Dagger Spray","floor":4.0},{"not_picked":["Skewer","Quick Slash"],"picked":"Deflect","floor":5.0},{"not_picked":["Acrobatics","PiercingWail"],"picked":"Bane","floor":6.0},{"not_picked":["Acrobatics","Dash"],"picked":"Bouncing Flask","floor":7.0},{"not_picked":["Quick Slash","Dash"],"picked":"Catalyst","floor":8.0},{"not_picked":["Slice","Deflect"],"picked":"Bane","floor":14.0}],"player_experience":240157,"relics_obtained":[{"floor":8.0,"key":"Vajra"},{"floor":9.0,"key":"Bag of Preparation"},{"floor":14.0,"key":"Ninja Scroll"}],"event_choices":[{"damage_healed":0.0,"max_hp_gain":0.0,"max_hp_loss":0.0,"gold_gain":275.0,"event_name":"Golden Shrine","player_choice":"Desecrate","floor":2.0,"gold_loss":0.0,"damage_taken":0.0,"cards_obtained":["Regret"]},{"damage_healed":0.0,"max_hp_gain":0.0,"max_hp_loss":0.0,"gold_gain":0.0,"event_name":"Dead Adventurer","player_choice":"Searched \u00272\u0027 times","floor":11.0,"gold_loss":0.0,"damage_taken":0.0,"relics_obtained":["Centennial Puzzle"]}],"is_beta":false,"boss_relics":[],"items_purged_floors":[],"is_endless":false,"potions_floor_spawned":[5,8],"killed_by":"Slime Boss","ascension_level":10}