{"gold_per_floor":[113,125,135,135,147,147,179,179,179,179,179,236,254,254,254,254],"floor_reached":16,"playtime":763,"items_purged":[],"score":204,"play_id":"291c5ef2-0816-484f-8daa-909a6af92283","local_time":"20190420165030","is_ascension_mode":true,"campfire_choices":[{"data":"Armaments","floor":6,"key":"SMITH"},{"data":"Body Slam","floor":8,"key":"SMITH"},{"floor":10,"key":"REST"},{"floor":15,"key":"REST"}],"neow_cost":"NONE","seed_source_timestamp":17006827448589,"circlet_count":0,"master_deck":["AscendersBane","Strike_R","Strike_R","Strike_R","Strike_R","Strike_R","Defend_R","Defend_R","Defend_R","Defend_R","Bash","Body Slam+1","Armaments+1","Metallicize","Regret","Cleave","Inflame","Evolve","Iron Wave","Anger"],"special_seed":0,"relics":["Burning Blood","Dream Catcher","Bag of Marbles","Bottled Flame","Oddly Smooth Stone","Tiny Chest","Meat on the Bone"],"potions_floor_usage":[7,7,13],"damage_taken":[{"damage":6.0,"enemies":"Jaw Worm","floor":1.0,"turns":6.0},{"damage":4.0,"enemies":"Small Slimes","floor":2.0,"turns":5.0},{"damage":8.0,"enemies":"Cultist","floor":3.0,"turns":5.0},{"damage":31,"enemies":"Large Slime","floor":5,"turns":11},{"damage":21,"enemies":"Lagavulin","floor":7,"turns":7},{"damage":27,"enemies":"3 Sentries","floor":12,"turns":8},{"damage":13,"enemies":"3 Louse","floor":13,"turns":3},{"damage":51,"enemies":"The Guardian","floor":16,"turns":10}],"seed_played":"1455887916873157152","potions_obtained":[{"floor":2.0,"key":"BloodPotion"},{"floor":5,"key":"SteroidPotion"},{"floor":12,"key":"GamblersBrew"},{"floor":13,"key":"Weak Potion"}],"is_trial":false,"path_per_floor":["M","M","M","?","M","R","E","R","T","R","?","E","M","?","R","B"],"character_chosen":"IRONCLAD","items_purchased":[],"campfire_rested":2,"item_purchase_floors":[],"current_hp_per_floor":[68,70,68,68,43,43,35,35,35,57,57,36,29,29,51,0],"gold":254,"neow_bonus":"RANDOM_COMMON_RELIC","is_prod":false,"is_daily":false,"chose_seed":false,"campfire_upgraded":2,"win_rate":0,"timestamp":1555804230,"path_taken":["M","M","M","?","M","R","E","R","T","R","?","E","M","?","R","BOSS"],"build_version":"2019-01-23","purchased_purges":0,"victory":false,"max_hp_per_floor":[75,75,75,75,75,75,75,75,75,75,75,75,75,75,75,75],"card_choices":[{"not_picked":["True Grit","Feel No Pain"],"picked":"Body Slam","floor":1.0},{"not_picked":["Sword Boomerang","Fire Breathing"],"picked":"Armaments","floor":2.0},{"not_picked":["Iron Wave","Sword Boomerang"],"picked":"Metallicize","floor":3.0},{"not_picked":["Burning Pact","Spot Weakness"],"picked":"Cleave","floor":5},{"not_picked":["Infernal Blade","Burning Pact"],"picked":"Inflame","floor":7},{"not_picked":["Sever Soul","Intimidate"],"picked":"Evolve","floor":10},{"not_picked":["Disarm","Thunderclap"],"picked":"Iron Wave","floor":12},{"not_picked":["Burning Pact","Searing Blow","Sword Boomerang"],"picked":"SKIP","floor":13},{"not_picked":["Clash","Warcry"],"picked":"Anger","floor":15}],"player_experience":733987,"relics_obtained":[{"floor":7,"key":"Bottled Flame"},{"floor":9,"key":"Oddly Smooth Stone"},{"floor":12,"key":"Tiny Chest"}],"event_choices":[{"damage_healed":0.0,"max_hp_gain":0.0,"max_hp_loss":0.0,"gold_gain":0.0,"event_name":"Big Fish","player_choice":"Box","floor":4.0,"gold_loss":0.0,"damage_taken":0.0,"relics_obtained":["Bag of Marbles"],"cards_obtained":["Regret"]},{"damage_healed":0,"gold_gain":0,"player_choice":"Ignored","damage_taken":0,"max_hp_gain":0,"max_hp_loss":0,"event_name":"Liars Game","floor":11,"gold_loss":0},{"damage_healed":0,"gold_gain":0,"player_choice":"Gave Potion","damage_taken":0,"relics_obtained":["Meat on the Bone"],"max_hp_gain":0,"max_hp_loss":0,"event_name":"WeMeetAgain","floor":14,"gold_loss":0}],"is_beta":false,"boss_relics":[],"items_purged_floors":[],"is_endless":false,"potions_floor_spawned":[2,5,12,13],"killed_by":"The Guardian","ascension_level":17}