{"gold_per_floor":[110,110,122,140,155,183,28,28,54,84,95,127,127,147,147,246,246,259,22,22,41,140,140],"floor_reached":23,"playtime":2202,"items_purged":["Strike_R"],"score":278,"play_id":"35f21140-9447-4ed9-924c-9cc3cc7cedba","local_time":"20190523213059","is_ascension_mode":true,"campfire_choices":[{"floor":8,"key":"RECALL"},{"data":"Flame Barrier","floor":13,"key":"SMITH"},{"floor":15,"key":"REST"}],"neow_cost":"NONE","seed_source_timestamp":252634397005300,"circlet_count":0,"master_deck":["Strike_R","Strike_R","Defend_R","Defend_R","Defend_R","Defend_R","Bash+1","Flame Barrier+1","Iron Wave","Metallicize","Feed","Armaments","Spot Weakness","Whirlwind","Heavy Blade","Double Tap","Clothesline","Limit Break","Metallicize","True Grit+1"],"relics":["Burning Blood","Smiling Mask","Centennial Puzzle","Ice Cream","Empty Cage"],"potions_floor_usage":[6,12,12,12,14,16,16],"damage_taken":[{"damage":13,"enemies":"2 Louse","floor":1,"turns":3},{"damage":1,"enemies":"Cultist","floor":3,"turns":3},{"damage":13,"enemies":"Small Slimes","floor":4,"turns":4},{"damage":6,"enemies":"2 Fungi Beasts","floor":5,"turns":4},{"damage":15,"enemies":"3 Sentries","floor":6,"turns":14},{"damage":30,"enemies":"Gremlin Nob","floor":10,"turns":4},{"damage":26,"enemies":"Large Slime","floor":11,"turns":9},{"damage":7,"enemies":"3 Sentries","floor":12,"turns":6},{"damage":12,"enemies":"Exordium Thugs","floor":14,"turns":4},{"damage":14,"enemies":"Hexaghost","floor":16,"turns":10},{"damage":1,"enemies":"3 Byrds","floor":18,"turns":6},{"damage":16,"enemies":"Shell Parasite","floor":21,"turns":8},{"damage":91,"enemies":"Book of Stabbing","floor":23,"turns":8}],"seed_played":"-6385944894712835485","potions_obtained":[{"floor":4,"key":"Dexterity Potion"},{"floor":5,"key":"Swift Potion"},{"floor":11,"key":"EntropicBrew"},{"floor":14,"key":"Weak Potion"},{"floor":21,"key":"Ancient Potion"}],"is_trial":false,"path_per_floor":["M","?","M","M","M","E","$","R","T","E","M","E","R","M","R","B",null,"M","$","?","M","?","E"],"character_chosen":"IRONCLAD","items_purchased":["Armaments","Spot Weakness","Limit Break","Metallicize"],"campfire_rested":1,"item_purchase_floors":[7,7,19,19],"current_hp_per_floor":[81,81,86,79,79,70,70,70,70,49,32,34,34,28,57,49,97,97,97,97,87,87,0],"gold":140,"neow_bonus":"TEN_PERCENT_HP_BONUS","is_prod":false,"is_daily":false,"chose_seed":false,"campfire_upgraded":1,"win_rate":0,"timestamp":1558639859,"path_taken":["M","?","M","M","M","E","$","R","T","E","M","E","R","M","R","BOSS","M","?","?","M","?","E"],"build_version":"2019-01-23","purchased_purges":1,"victory":false,"max_hp_per_floor":[88,88,88,88,88,88,88,88,88,91,94,97,97,97,97,97,97,97,97,97,97,97,97],"card_choices":[{"not_picked":["Flex","Heavy Blade","Feel No Pain"],"picked":"SKIP","floor":1},{"not_picked":["Sword Boomerang","Sentinel"],"picked":"Flame Barrier","floor":3},{"not_picked":["Flex","Body Slam"],"picked":"Iron Wave","floor":4},{"not_picked":["Intimidate","Fire Breathing"],"picked":"Metallicize","floor":5},{"not_picked":["Anger","Second Wind"],"picked":"Feed","floor":6},{"not_picked":["Pummel","Intimidate"],"picked":"Whirlwind","floor":10},{"not_picked":["Hemokinesis","Sever Soul","Havoc"],"picked":"SKIP","floor":11},{"not_picked":["Flex","Fiend Fire"],"picked":"Heavy Blade","floor":12},{"not_picked":["Sword Boomerang","Combust","Dual Wield"],"picked":"SKIP","floor":14},{"not_picked":["Berserk","Feed"],"picked":"Double Tap","floor":16},{"not_picked":["Havoc+1","Wild Strike"],"picked":"Clothesline","floor":18},{"not_picked":["Pommel Strike","Iron Wave+1"],"picked":"True Grit+1","floor":21}],"player_experience":340197,"relics_obtained":[{"floor":6,"key":"Smiling Mask"},{"floor":10,"key":"Centennial Puzzle"},{"floor":12,"key":"Ice Cream"}],"event_choices":[{"damage_healed":0,"gold_gain":0,"player_choice":"Forge","damage_taken":0,"max_hp_gain":0,"max_hp_loss":0,"event_name":"Accursed Blacksmith","floor":2,"gold_loss":0,"cards_upgraded":["Bash"]},{"damage_healed":0,"gold_gain":0,"player_choice":"Ignored","damage_taken":0,"max_hp_gain":0,"max_hp_loss":0,"event_name":"Beggar","floor":20,"gold_loss":0},{"damage_healed":0,"gold_gain":99,"player_choice":"Stole From Cult","damage_taken":0,"max_hp_gain":0,"max_hp_loss":0,"event_name":"Nest","floor":22,"gold_loss":0}],"is_beta":false,"boss_relics":[{"not_picked":["Calling Bell","White Beast Statue"],"picked":"Empty Cage"}],"items_purged_floors":[7],"is_endless":false,"potions_floor_spawned":[4,5,11,14,21],"killed_by":"Book of Stabbing","ascension_level":4}