{"gold_per_floor":[109,109,123,133,145,145,145,174,174,186,186,203,218,244,244,341,341,354,354,263,263,263,263,296,205,253,267,267,267,285,301,301,404,404,418,434,271,283,201,201,201,213,238,254,254,254,270,21,21,21],"floor_reached":51,"playtime":4107,"items_purged":[],"score":754,"play_id":"f3685b6a-ebae-4a83-8514-6c6be2a88ba1","local_time":"20190601202248","is_ascension_mode":false,"campfire_choices":[{"data":"Crippling Poison","floor":6,"key":"SMITH"},{"data":"Dash","floor":11,"key":"SMITH"},{"floor":15,"key":"REST"},{"floor":23,"key":"REST"},{"floor":28,"key":"REST"},{"floor":32,"key":"REST"},{"data":"Bane","floor":40,"key":"SMITH"},{"floor":45,"key":"REST"},{"data":"Bullet Time","floor":49,"key":"SMITH"}],"neow_cost":"NONE","seed_source_timestamp":437575569874933,"circlet_count":0,"master_deck":["Defend_G+1","Defend_G+1","Defend_G+1","Defend_G+1","Defend_G+1","Strike_G+1","Strike_G+1","Strike_G+1","Strike_G+1","Strike_G+1","Survivor+1","Neutralize+1","Dash+1","Deflect+1","Crippling Poison+1","Terror+1","Underhanded Strike+1","Backstab+1","Footwork+1","Bane+1","Bane+1","Burst+1","Backflip+1","Footwork+1","Deflect+1","Noxious Fumes+1","Deflect+1","Mind Blast+1","Backstab+1","Mind Blast+1","Deflect+1","Backflip+1","Tools of the Trade+1","Bouncing Flask+1","Backflip+1","Panache+1","All Out Attack+1","Backstab+1","Madness+1","Madness+1","Terror+1","Backflip+1","Bullet Time+1","Deadly Poison"],"relics":["Philosopher\u0027s Stone","Blood Vial","Frozen Egg 2","Kunai","Sozu","Nilry\u0027s Codex","Letter Opener","Bag of Marbles","Happy Flower","Eternal Feather","Strawberry","Mark of the Bloom","OrangePellets"],"potions_floor_usage":[50,50,50],"damage_taken":[{"damage":2,"enemies":"Jaw Worm","floor":1,"turns":6},{"damage":0,"enemies":"Cultist","floor":3,"turns":4},{"damage":0,"enemies":"2 Louse","floor":4,"turns":3},{"damage":5,"enemies":"Lots of Slimes","floor":5,"turns":4},{"damage":13,"enemies":"3 Sentries","floor":8,"turns":12},{"damage":0,"enemies":"Gremlin Gang","floor":10,"turns":3},{"damage":0,"enemies":"2 Fungi Beasts","floor":12,"turns":3},{"damage":8,"enemies":"Large Slime","floor":13,"turns":4},{"damage":0,"enemies":"Lagavulin","floor":14,"turns":6},{"damage":28,"enemies":"The Guardian","floor":16,"turns":8},{"damage":3,"enemies":"Chosen","floor":18,"turns":3},{"damage":44,"enemies":"Book of Stabbing","floor":24,"turns":6},{"damage":0,"enemies":"Spheric Guardian","floor":27,"turns":3},{"damage":12,"enemies":"Centurion and Healer","floor":30,"turns":4},{"damage":16,"enemies":"Shelled Parasite and Fungi","floor":31,"turns":2},{"damage":12,"enemies":"Collector","floor":33,"turns":6},{"damage":0,"enemies":"Orb Walker","floor":35,"turns":1},{"damage":6,"enemies":"3 Shapes","floor":36,"turns":3},{"damage":1,"enemies":"Jaw Worm Horde","floor":38,"turns":3},{"damage":15,"enemies":"Sphere and 2 Shapes","floor":42,"turns":4},{"damage":36,"enemies":"Transient","floor":44,"turns":5},{"damage":0,"enemies":"Spire Growth","floor":47,"turns":1},{"damage":22,"enemies":"Donu and Deca","floor":50,"turns":9}],"seed_played":"-5447163112531479201","potions_obtained":[{"floor":1,"key":"AttackPotion"},{"floor":4,"key":"SkillPotion"},{"floor":5,"key":"Block Potion"}],"is_trial":false,"path_per_floor":["M","?","M","M","M","R","?","E","T","M","R","M","M","E","R","B",null,"M","?","$","?","T","R","E","$","T","M","R","?","M","M","R","B",null,"M","M","$","M","$","R","?","M","T","M","R","?","M","$","R","B",null],"character_chosen":"THE_SILENT","items_purchased":["Deflect","Noxious Fumes+1","Mind Blast","Panache+1","Backstab","OrangePellets","Deadly Poison"],"campfire_rested":5,"item_purchase_floors":[20,20,25,37,39,48,48],"current_hp_per_floor":[68,68,68,68,63,63,63,50,50,52,52,54,48,50,70,42,70,67,67,67,51,51,70,26,26,26,28,49,49,39,25,46,36,70,70,64,64,65,65,70,61,48,55,21,68,68,68,68,68,46],"gold":21,"neow_bonus":"BOSS_RELIC","is_prod":false,"is_daily":false,"chose_seed":false,"campfire_upgraded":4,"win_rate":0.0,"timestamp":1559434968,"path_taken":["M","?","M","?","?","R","?","E","T","?","R","?","M","E","R","BOSS","M","?","$","?","?","R","E","$","T","M","R","?","M","?","R","BOSS","M","M","$","?","$","R","?","M","T","M","R","?","M","?","R","BOSS"],"build_version":"2019-01-23","purchased_purges":0,"victory":true,"max_hp_per_floor":[70,70,70,70,70,70,70,70,70,70,70,70,70,70,70,70,70,70,70,70,70,70,70,70,70,70,70,70,70,70,70,70,70,70,70,70,70,70,70,70,70,70,77,77,77,77,77,77,77,77],"card_choices":[{"not_picked":["Eviscerate","Skewer"],"picked":"Dash","floor":1},{"not_picked":["Blade Dance","Backflip"],"picked":"Deflect","floor":3},{"not_picked":["Sucker Punch","Deadly Poison"],"picked":"Crippling Poison","floor":4},{"not_picked":["A Thousand Cuts","Outmaneuver"],"picked":"Terror","floor":5},{"not_picked":["Blade Dance","Terror"],"picked":"Underhanded Strike","floor":8},{"not_picked":["Predator","Skewer"],"picked":"Backstab","floor":10},{"not_picked":["Outmaneuver","Blade Dance"],"picked":"Footwork+1","floor":12},{"not_picked":["Underhanded Strike","Deadly Poison"],"picked":"Bane","floor":13},{"not_picked":["Distraction","Doppelganger"],"picked":"Bane","floor":14},{"not_picked":["Doppelganger","Venomology"],"picked":"Burst","floor":16},{"not_picked":["Deflect","Quick Slash"],"picked":"Backflip+1","floor":18},{"not_picked":["Die Die Die","Eviscerate"],"picked":"Deflect+1","floor":24},{"not_picked":["Poisoned Stab","Deflect"],"picked":"Backstab","floor":27},{"not_picked":["Blade Dance+1","Crippling Poison"],"picked":"Deflect+1","floor":30},{"not_picked":["Deflect","Blade Dance"],"picked":"Backflip+1","floor":31},{"not_picked":["Burst","A Thousand Cuts+1"],"picked":"Tools of the Trade+1","floor":33},{"not_picked":["Dagger Spray+1","Skewer+1"],"picked":"Bouncing Flask+1","floor":35},{"not_picked":["Infinite Blades+1","Outmaneuver+1"],"picked":"Backflip+1","floor":36},{"not_picked":["Infinite Blades+1","Outmaneuver"],"picked":"All Out Attack","floor":38},{"not_picked":["Underhanded Strike","Backstab"],"picked":"Terror","floor":42},{"not_picked":["Prepared+1","Riddle With Holes+1"],"picked":"Backflip+1","floor":44},{"not_picked":["Terror+1","Distraction"],"picked":"Bullet Time","floor":47}],"player_experience":18950,"relics_obtained":[{"floor":8,"key":"Blood Vial"},{"floor":9,"key":"Frozen Egg 2"},{"floor":14,"key":"Kunai"},{"floor":21,"key":"Nilry\u0027s Codex"},{"floor":22,"key":"Letter Opener"},{"floor":24,"key":"Bag of Marbles"},{"floor":26,"key":"Happy Flower"},{"floor":43,"key":"Strawberry"}],"event_choices":[{"damage_healed":0,"gold_gain":0,"player_choice":"Bought 0 Potions","damage_taken":0,"max_hp_gain":0,"max_hp_loss":0,"event_name":"The Woman in Blue","floor":2,"gold_loss":0},{"damage_healed":0,"gold_gain":0,"player_choice":"Upgraded","damage_taken":0,"max_hp_gain":0,"max_hp_loss":0,"event_name":"Upgrade Shrine","floor":7,"gold_loss":0,"cards_upgraded":["Terror"]},{"damage_healed":0,"gold_gain":0,"player_choice":"Read","damage_taken":0,"max_hp_gain":0,"max_hp_loss":0,"event_name":"The Library","floor":19,"gold_loss":0,"cards_obtained":["Footwork"]},{"damage_healed":0,"gold_gain":0,"player_choice":"Obtained Book","damage_taken":16,"max_hp_gain":0,"max_hp_loss":0,"event_name":"Cursed Tome","floor":21,"gold_loss":0},{"damage_healed":0,"gold_gain":0,"player_choice":"Copied","damage_taken":0,"max_hp_gain":0,"max_hp_loss":0,"event_name":"Duplicator","floor":29,"gold_loss":0,"cards_obtained":["Mind Blast"]},{"damage_healed":0,"gold_gain":0,"player_choice":"Embrace Madness","damage_taken":9,"max_hp_gain":0,"max_hp_loss":0,"event_name":"Winding Halls","floor":41,"gold_loss":0,"cards_obtained":["Madness","Madness"]},{"damage_healed":0,"gold_gain":0,"player_choice":"Upgrade","damage_taken":0,"relics_obtained":["Mark of the Bloom"],"max_hp_gain":0,"max_hp_loss":0,"event_name":"MindBloom","floor":46,"gold_loss":0,"cards_upgraded":["Defend_G","Defend_G","Defend_G","Defend_G","Defend_G","Strike_G","Strike_G","Strike_G","Strike_G","Strike_G","Survivor","Neutralize","Deflect","Underhanded Strike","Backstab","Bane","Burst","Deflect","Mind Blast","Backstab","Mind Blast","All Out Attack","Backstab","Madness","Madness","Terror"]}],"is_beta":false,"boss_relics":[{"not_picked":["Orrery","Fusion Hammer"],"picked":"Sozu"},{"not_picked":["Cursed Key","Empty Cage"],"picked":"Eternal Feather"}],"items_purged_floors":[],"is_endless":false,"potions_floor_spawned":[1,4,5,13,27,31,35,44],"ascension_level":0}