{"gold_per_floor":[119,119,119,119,200,200,230,230,257,257,275,295,313,327,327,400,400,418,418,418,114,114,126,126,126,126,139,155,155,183,207,207,281,281,291,306,306,38,38,38,70,81,81,91,91,91,191,202,202,202],"floor_reached":50,"playtime":2213,"items_purged":[],"score":967,"play_id":"42d72d51-45ac-4cc5-aee2-898c218db7b0","local_time":"20190607080628","is_ascension_mode":true,"campfire_choices":[{"data":"Survivor","floor":6.0,"key":"SMITH"},{"data":"Footwork","floor":8.0,"key":"SMITH"},{"floor":15.0,"key":"REST"},{"floor":25.0,"key":"REST"},{"floor":29.0,"key":"REST"},{"floor":32.0,"key":"REST"},{"floor":40.0,"key":"REST"},{"floor":46.0,"key":"REST"},{"floor":49.0,"key":"REST"}],"neow_cost":"NONE","seed_source_timestamp":268658113973199,"circlet_count":0,"master_deck":["AscendersBane","Defend_G+1","Defend_G","Defend_G","Defend_G","Defend_G","Strike_G","Strike_G","Strike_G+1","Survivor+1","Neutralize","Sucker Punch+1","Footwork+1","Flying Knee","Slice","Backflip","Corpse Explosion+1","Acrobatics+1","Die Die Die+1","Noxious Fumes","Slice","Deadly Poison+1","Decay","Caltrops","Bane","Quick Slash","Storm of Steel","Dramatic Entrance","Well Laid Plans","Madness","Madness","Calculated Gamble","Choke+1","Well Laid Plans","Slice"],"special_seed":0,"relics":["Ring of the Snake","NeowsBlessing","Bronze Scales","Gremlin Horn","Boot","Regal Pillow","Astrolabe","Kunai","Anchor","Unceasing Top","Centennial Puzzle","Busted Crown","TwistedFunnel","Blue Candle","Question Card","Girya"],"potions_floor_usage":[50,50],"damage_taken":[{"damage":0.0,"enemies":"Small Slimes","floor":1.0,"turns":1.0},{"damage":0.0,"enemies":"3 Sentries","floor":7.0,"turns":1.0},{"damage":0.0,"enemies":"2 Louse","floor":11.0,"turns":1.0},{"damage":0.0,"enemies":"Jaw Worm","floor":12.0,"turns":4.0},{"damage":4.0,"enemies":"2 Fungi Beasts","floor":13.0,"turns":3.0},{"damage":4.0,"enemies":"Large Slime","floor":14.0,"turns":5.0},{"damage":55.0,"enemies":"Slime Boss","floor":16.0,"turns":15.0},{"damage":16.0,"enemies":"2 Thieves","floor":18.0,"turns":3.0},{"damage":16.0,"enemies":"Colosseum Slavers","floor":20.0,"turns":2.0},{"damage":22.0,"enemies":"Spheric Guardian","floor":23.0,"turns":4.0},{"damage":7.0,"enemies":"Shelled Parasite and Fungi","floor":27.0,"turns":4.0},{"damage":5.0,"enemies":"Centurion and Healer","floor":28.0,"turns":5.0},{"damage":55.0,"enemies":"Book of Stabbing","floor":30.0,"turns":5.0},{"damage":43.0,"enemies":"Automaton","floor":33.0,"turns":9.0},{"damage":3.0,"enemies":"3 Shapes","floor":35.0,"turns":3.0},{"damage":17.0,"enemies":"3 Darklings","floor":36.0,"turns":3.0},{"damage":22.0,"enemies":"Reptomancer","floor":41.0,"turns":6.0},{"damage":22.0,"enemies":"Maw","floor":42.0,"turns":7.0},{"damage":3.0,"enemies":"Sphere and 2 Shapes","floor":44.0,"turns":3.0},{"damage":2.0,"enemies":"Mind Bloom Boss Battle","floor":47.0,"turns":7.0},{"damage":32.0,"enemies":"Spire Growth","floor":48.0,"turns":6.0},{"damage":59,"enemies":"Donu and Deca","floor":50,"turns":6}],"seed_played":"-2782856851063151319","potions_obtained":[{"floor":7.0,"key":"GamblersBrew"},{"floor":14.0,"key":"Explosive Potion"},{"floor":27.0,"key":"Dexterity Potion"},{"floor":30.0,"key":"PowerPotion"},{"floor":33.0,"key":"Block Potion"},{"floor":36.0,"key":"SpeedPotion"},{"floor":41.0,"key":"SpeedPotion"}],"is_trial":false,"path_per_floor":["M","?","?","$","T","R","E","R","T","?","M","M","M","M","R","B",null,"M","?","?","$","?","M","?","R","T","M","M","R","E","T","R","B",null,"M","M","?","$","?","R","E","M","T","M","?","R","?","M","R","B"],"character_chosen":"THE_SILENT","items_purchased":["Kunai","Slice","TwistedFunnel","Well Laid Plans"],"campfire_rested":7,"item_purchase_floors":[21,21,38,38],"current_hp_per_floor":[59,54,54,54,54,54,54,54,54,34,34,34,30,26,60,5,51,35,35,19,19,32,10,10,44,44,37,32,66,11,11,45,2,50,47,30,30,30,18,52,30,8,8,5,5,39,37,5,39,0],"gold":202,"neow_bonus":"THREE_ENEMY_KILL","is_prod":false,"is_daily":false,"chose_seed":false,"campfire_upgraded":2,"win_rate":0,"timestamp":1559919988,"path_taken":["M","?","?","$","?","R","E","R","T","?","M","M","M","M","R","BOSS","M","?","?","$","?","M","?","R","T","M","M","R","E","?","R","BOSS","M","M","?","$","?","R","E","M","T","?","?","R","?","M","R","BOSS"],"build_version":"2019-01-23","purchased_purges":0,"victory":false,"max_hp_per_floor":[66,66,66,66,66,66,66,66,66,66,66,66,66,66,66,66,66,66,66,66,66,66,66,66,66,66,66,66,66,66,66,66,66,66,66,66,66,66,66,66,66,66,66,66,66,66,66,66,66,66],"card_choices":[{"not_picked":["Outmaneuver","Flying Knee"],"picked":"Sucker Punch","floor":1.0},{"not_picked":["Poisoned Stab","Cloak And Dagger"],"picked":"Footwork","floor":7.0},{"not_picked":["Bane","Cloak And Dagger"],"picked":"Flying Knee","floor":11.0},{"not_picked":["Prepared","Tactician"],"picked":"Slice","floor":12.0},{"not_picked":["Cloak And Dagger","Venomology"],"picked":"Slice","floor":13.0},{"not_picked":["Bane","Outmaneuver"],"picked":"Backflip","floor":14.0},{"not_picked":["Unload","Glass Knife"],"picked":"Night Terror","floor":16.0},{"not_picked":["Endless Agony","Bane"],"picked":"Noxious Fumes","floor":18.0},{"not_picked":["Acrobatics","Sucker Punch"],"picked":"Deadly Poison+1","floor":23.0},{"not_picked":["Accuracy","Underhanded Strike"],"picked":"Caltrops","floor":27.0},{"not_picked":["Cloak And Dagger","PiercingWail"],"picked":"Bane","floor":28.0},{"not_picked":["Setup","Storm of Steel"],"picked":"Quick Slash","floor":30.0},{"not_picked":["Malaise","Doppelganger"],"picked":"Storm of Steel","floor":33.0},{"not_picked":["Expertise"],"picked":"SKIP","floor":35.0},{"not_picked":["Dagger Throw"],"picked":"SKIP","floor":36.0},{"not_picked":[],"picked":"Dramatic Entrance","floor":37.0},{"not_picked":[],"picked":"Calculated Gamble","floor":41.0},{"not_picked":[],"picked":"Choke+1","floor":42.0},{"not_picked":["Acrobatics","Heel Hook+1"],"picked":"SKIP","floor":44.0},{"not_picked":["Choke"],"picked":"Well Laid Plans","floor":47.0},{"not_picked":["Dagger Spray"],"picked":"Slice","floor":48.0}],"player_experience":358104,"relics_obtained":[{"floor":5.0,"key":"Gremlin Horn"},{"floor":7.0,"key":"Boot"},{"floor":9.0,"key":"Regal Pillow"},{"floor":26.0,"key":"Anchor"},{"floor":30.0,"key":"Unceasing Top"},{"floor":31.0,"key":"Centennial Puzzle"},{"floor":41.0,"key":"Blue Candle"},{"floor":43.0,"key":"Question Card"},{"floor":47.0,"key":"Girya"}],"event_choices":[{"damage_healed":0.0,"max_hp_gain":0.0,"max_hp_loss":0.0,"gold_gain":0.0,"event_name":"Scrap Ooze","player_choice":"Success","floor":2.0,"gold_loss":0.0,"damage_taken":5.0,"relics_obtained":["Bronze Scales"]},{"damage_healed":0.0,"max_hp_gain":0.0,"max_hp_loss":0.0,"gold_gain":0.0,"event_name":"Living Wall","player_choice":"Grow","floor":3.0,"gold_loss":0.0,"damage_taken":0.0,"cards_upgraded":["Sucker Punch"]},{"damage_healed":0.0,"max_hp_gain":0.0,"max_hp_loss":0.0,"gold_gain":0.0,"event_name":"Shining Light","player_choice":"Entered Light","floor":10.0,"gold_loss":0.0,"damage_taken":20.0,"cards_upgraded":["Strike_G","Defend_G"]},{"damage_healed":0.0,"max_hp_gain":0.0,"max_hp_loss":0.0,"gold_gain":0.0,"event_name":"Cursed Tome","player_choice":"Ignored","floor":19.0,"gold_loss":0.0,"damage_taken":0.0},{"damage_healed":0.0,"max_hp_gain":0.0,"max_hp_loss":0.0,"gold_gain":0.0,"event_name":"Colosseum","player_choice":"Fight","floor":20.0,"gold_loss":0.0,"damage_taken":0.0},{"damage_healed":0.0,"max_hp_gain":0.0,"max_hp_loss":0.0,"gold_gain":0.0,"event_name":"Colosseum","player_choice":"Fled From Nobs","floor":20.0,"gold_loss":0.0,"damage_taken":0.0},{"damage_healed":13.0,"max_hp_gain":0.0,"max_hp_loss":0.0,"gold_gain":0.0,"event_name":"The Library","player_choice":"Heal","floor":22.0,"gold_loss":0.0,"damage_taken":0.0},{"damage_healed":0.0,"max_hp_gain":0.0,"max_hp_loss":0.0,"gold_gain":0.0,"event_name":"Forgotten Altar","player_choice":"Smashed Altar","floor":24.0,"gold_loss":0.0,"damage_taken":0.0,"cards_obtained":["Decay"]},{"damage_healed":0.0,"max_hp_gain":0.0,"max_hp_loss":0.0,"gold_gain":0.0,"event_name":"SensoryStone","player_choice":"Memory 1","floor":37.0,"gold_loss":0.0,"damage_taken":0.0},{"damage_healed":0.0,"max_hp_gain":0.0,"max_hp_loss":0.0,"gold_gain":0.0,"event_name":"Winding Halls","player_choice":"Embrace Madness","floor":39.0,"gold_loss":0.0,"damage_taken":12.0,"cards_obtained":["Madness","Madness"]},{"cards_removed":["Slice"],"damage_healed":0.0,"max_hp_gain":0.0,"max_hp_loss":0.0,"gold_gain":0.0,"event_name":"Falling","player_choice":"Removed Attack","floor":45.0,"gold_loss":0.0,"damage_taken":0.0},{"damage_healed":0.0,"max_hp_gain":0.0,"max_hp_loss":0.0,"gold_gain":0.0,"event_name":"MindBloom","player_choice":"Fight","floor":47.0,"gold_loss":0.0,"damage_taken":0.0}],"is_beta":false,"boss_relics":[{"not_picked":["Snecko Eye","Runic Dome"],"picked":"Astrolabe"},{"not_picked":["Philosopher\u0027s Stone","Velvet Choker"],"picked":"Busted Crown"}],"items_purged_floors":[],"is_endless":false,"potions_floor_spawned":[7,14,27,30,33,36,41],"killed_by":"Donu and Deca","ascension_level":15}