{"gold_per_floor":[111,123,136,156,169,169,198,198,281,308,146,146,146,173,173,250,250,269,269,269,289,305,334,334,359,359,359,379,207,207,242,242,317,317,337,352,362,412,431,431,460,460,460,484,484,518,518,551,551,551],"floor_reached":51,"playtime":2326,"items_purged":[],"score":1681,"play_id":"62e8af63-cab9-4471-9a58-0309d354b5fc","local_time":"20190525170034","is_ascension_mode":true,"campfire_choices":[{"data":"Infernal Blade","floor":6.0,"key":"SMITH"},{"data":"Infernal Blade","floor":8.0,"key":"SMITH"},{"data":"Shrug It Off","floor":12.0,"key":"SMITH"},{"floor":15.0,"key":"REST"},{"floor":24.0,"key":"REST"},{"floor":27.0,"key":"REST"},{"data":"Writhe","floor":32.0,"key":"PURGE"},{"floor":40.0,"key":"REST"},{"data":"Uppercut","floor":42,"key":"SMITH"},{"data":"Inflame","floor":47,"key":"SMITH"},{"floor":49,"key":"REST"}],"neow_cost":"NONE","seed_source_timestamp":1950546767624,"circlet_count":0,"master_deck":["AscendersBane","Strike_R+1","Strike_R+1","Strike_R+1","Strike_R+1","Defend_R+1","Defend_R+1","Defend_R+1","Bash","Sever Soul","Infernal Blade+1","Pommel Strike","Anger","Clash","Infernal Blade+1","Uppercut+1","Shrug It Off+1","Body Slam+1","Juggernaut","Cleave+1","Necronomicurse","Clash+1","Combust+1","Inflame+1","Sever Soul","Body Slam+1","Exhume","Offering","Pommel Strike","Ghostly Armor","Iron Wave"],"special_seed":0,"relics":["Burning Blood","Juzu Bracelet","Tiny Chest","Kunai","Vajra","Regal Pillow","Black Star","Bag of Preparation","Necronomicon","PreservedInsect","Dream Catcher","Orichalcum","Pantograph","Anchor","Whetstone","Peace Pipe","Omamori","Busted Crown","Bird Faced Urn","Strawberry","Bag of Marbles","Pocketwatch","Smiling Mask","Darkstone Periapt","Bottled Tornado","Bronze Scales","The Courier"],"potions_floor_usage":[50,50],"damage_taken":[{"damage":2.0,"enemies":"Cultist","floor":1.0,"turns":4.0},{"damage":1.0,"enemies":"2 Louse","floor":2.0,"turns":3.0},{"damage":12.0,"enemies":"Small Slimes","floor":3.0,"turns":2.0},{"damage":11.0,"enemies":"Looter","floor":4.0,"turns":2.0},{"damage":2.0,"enemies":"Large Slime","floor":5.0,"turns":5.0},{"damage":11.0,"enemies":"Gremlin Nob","floor":7.0,"turns":3.0},{"damage":30.0,"enemies":"Lagavulin","floor":10.0,"turns":5.0},{"damage":6.0,"enemies":"3 Sentries","floor":14.0,"turns":6.0},{"damage":37.0,"enemies":"Hexaghost","floor":16.0,"turns":8.0},{"damage":11.0,"enemies":"Spheric Guardian","floor":18.0,"turns":3.0},{"damage":0.0,"enemies":"Shell Parasite","floor":21.0,"turns":1.0},{"damage":0.0,"enemies":"Snecko","floor":22.0,"turns":3.0},{"damage":42.0,"enemies":"Slavers","floor":23.0,"turns":4.0},{"damage":24.0,"enemies":"Book of Stabbing","floor":25.0,"turns":4.0},{"damage":16.0,"enemies":"Centurion and Healer","floor":28.0,"turns":5.0},{"damage":0.0,"enemies":"Gremlin Leader","floor":31.0,"turns":2.0},{"damage":73.0,"enemies":"Automaton","floor":33.0,"turns":8.0},{"damage":6.0,"enemies":"3 Darklings","floor":35.0,"turns":2.0},{"damage":0.0,"enemies":"Orb Walker","floor":36.0,"turns":1.0},{"damage":10.0,"enemies":"Transient","floor":37.0,"turns":6.0},{"damage":23.0,"enemies":"2 Orb Walkers","floor":38.0,"turns":3.0},{"damage":14.0,"enemies":"Spire Growth","floor":39.0,"turns":3.0},{"damage":12,"enemies":"Nemesis","floor":41,"turns":3},{"damage":9,"enemies":"Giant Head","floor":46,"turns":4},{"damage":11,"enemies":"Nemesis","floor":48,"turns":3},{"damage":45,"enemies":"Donu and Deca","floor":50,"turns":5}],"seed_played":"4833466839082447974","potions_obtained":[{"floor":3.0,"key":"SkillPotion"},{"floor":4.0,"key":"Block Potion"},{"floor":5.0,"key":"SkillPotion"},{"floor":16.0,"key":"Energy Potion"},{"floor":21.0,"key":"Explosive Potion"},{"floor":23.0,"key":"Weak Potion"},{"floor":31.0,"key":"Fire Potion"},{"floor":33.0,"key":"LiquidBronze"},{"floor":36.0,"key":"Explosive Potion"},{"floor":38.0,"key":"Energy Potion"},{"floor":41,"key":"BloodPotion"}],"is_trial":false,"path_per_floor":["M","M","M","M","M","R","E","R","T","E","$","R","?","E","R","B",null,"M","?","?","M","M","E","R","E","T","R","M","$","?","E","R","B",null,"M","M","M","?","M","R","E","R","T","T","?","E","R","E","R","B",null],"character_chosen":"IRONCLAD","items_purchased":["Vajra","Whetstone"],"campfire_rested":5,"item_purchase_floors":[11,29],"current_hp_per_floor":[72,75,69,64,68,68,63,63,63,39,39,39,39,39,75,44,67,62,62,41,47,53,17,54,36,36,73,63,63,63,69,69,8,58,58,64,60,43,35,72,75,75,75,75,75,78,78,77,82,55],"gold":551,"neow_bonus":"TRANSFORM_CARD","is_prod":false,"is_daily":false,"chose_seed":false,"campfire_upgraded":5,"win_rate":0,"timestamp":1558828834,"path_taken":["M","?","M","M","M","R","E","R","T","E","$","R","?","E","R","BOSS","M","?","?","M","M","E","R","E","T","R","M","$","?","E","R","BOSS","M","M","M","?","M","R","E","R","T","?","?","E","R","E","R","BOSS"],"build_version":"2019-01-23","purchased_purges":0,"victory":true,"max_hp_per_floor":[75,75,75,75,75,75,75,75,75,75,75,75,75,75,75,75,75,75,75,75,75,75,75,75,75,75,75,75,75,75,75,75,75,75,75,75,75,75,75,75,82,82,82,82,82,82,82,82,82,82],"card_choices":[{"not_picked":["Thunderclap","Bloodletting"],"picked":"Infernal Blade","floor":1.0},{"not_picked":["Disarm","Havoc"],"picked":"Pommel Strike","floor":2.0},{"not_picked":["Clash","Armaments"],"picked":"Anger","floor":3.0},{"not_picked":["Sentinel","Wild Strike"],"picked":"Clash","floor":4.0},{"not_picked":["Perfected Strike","Twin Strike"],"picked":"Infernal Blade","floor":5.0},{"not_picked":["Wild Strike","Barricade"],"picked":"Uppercut","floor":7.0},{"not_picked":["Disarm","Body Slam"],"picked":"Shrug It Off","floor":10.0},{"not_picked":["Brutality","Twin Strike"],"picked":"Body Slam","floor":14.0},{"not_picked":["Dark Embrace","Double Tap"],"picked":"Juggernaut","floor":16.0},{"not_picked":["Second Wind","Blood for Blood"],"picked":"Cleave+1","floor":18.0},{"not_picked":["Havoc","Intimidate"],"picked":"Clash+1","floor":21.0},{"not_picked":["Evolve","Cleave","Second Wind"],"picked":"SKIP","floor":22.0},{"not_picked":["Juggernaut","Body Slam"],"picked":"Combust+1","floor":23.0},{"not_picked":["Warcry","Shrug It Off"],"picked":"Inflame","floor":24.0},{"not_picked":["Second Wind","Havoc"],"picked":"Sever Soul","floor":25.0},{"not_picked":["Feel No Pain","Flex"],"picked":"Body Slam+1","floor":27.0},{"not_picked":["Clash","Infernal Blade","True Grit"],"picked":"SKIP","floor":28.0},{"not_picked":["Seeing Red","Body Slam"],"picked":"Exhume","floor":31.0},{"not_picked":["Brutality","Impervious"],"picked":"Offering","floor":33.0},{"not_picked":["Disarm"],"picked":"SKIP","floor":35.0},{"not_picked":[],"picked":"Pommel Strike","floor":36.0},{"not_picked":["Wild Strike"],"picked":"SKIP","floor":37.0},{"not_picked":[],"picked":"Ghostly Armor","floor":39.0},{"not_picked":[],"picked":"Iron Wave","floor":41},{"not_picked":["Headbutt"],"picked":"SKIP","floor":46},{"not_picked":["Twin Strike"],"picked":"SKIP","floor":48}],"player_experience":792036,"relics_obtained":[{"floor":7.0,"key":"Juzu Bracelet"},{"floor":9.0,"key":"Tiny Chest"},{"floor":10.0,"key":"Kunai"},{"floor":14.0,"key":"Regal Pillow"},{"floor":20.0,"key":"Necronomicon"},{"floor":23.0,"key":"PreservedInsect"},{"floor":23.0,"key":"Dream Catcher"},{"floor":25.0,"key":"Orichalcum"},{"floor":25.0,"key":"Pantograph"},{"floor":26.0,"key":"Anchor"},{"floor":31.0,"key":"Peace Pipe"},{"floor":31.0,"key":"Omamori"},{"floor":38.0,"key":"Bird Faced Urn"},{"floor":41,"key":"Strawberry"},{"floor":41,"key":"Bag of Marbles"},{"floor":43,"key":"Pocketwatch"},{"floor":44,"key":"Smiling Mask"},{"floor":46,"key":"Darkstone Periapt"},{"floor":46,"key":"Bottled Tornado"},{"floor":48,"key":"Bronze Scales"},{"floor":48,"key":"The Courier"}],"event_choices":[{"damage_healed":0.0,"max_hp_gain":0.0,"max_hp_loss":0.0,"gold_gain":0.0,"event_name":"Shining Light","player_choice":"Ignored","floor":13.0,"gold_loss":0.0,"damage_taken":0.0},{"damage_healed":0.0,"max_hp_gain":0.0,"max_hp_loss":0.0,"gold_gain":0.0,"event_name":"The Mausoleum","player_choice":"Opened","floor":19.0,"gold_loss":0.0,"damage_taken":0.0,"relics_obtained":["Bag of Preparation"],"cards_obtained":["Writhe"]},{"damage_healed":0.0,"max_hp_gain":0.0,"max_hp_loss":0.0,"gold_gain":0.0,"event_name":"Cursed Tome","player_choice":"Obtained Book","floor":20.0,"gold_loss":0.0,"damage_taken":21.0},{"damage_healed":0.0,"max_hp_gain":0.0,"max_hp_loss":0.0,"gold_gain":0.0,"event_name":"Back to Basics","player_choice":"Simplicity","floor":30.0,"gold_loss":0.0,"damage_taken":0.0,"cards_upgraded":["Strike_R","Strike_R","Strike_R","Defend_R","Defend_R","Defend_R","Defend_R"]},{"damage_healed":0.0,"max_hp_gain":0.0,"max_hp_loss":0.0,"gold_gain":0.0,"event_name":"Mysterious Sphere","player_choice":"Fight","floor":38.0,"gold_loss":0.0,"damage_taken":0.0},{"cards_removed":["Defend_R"],"damage_healed":0,"gold_gain":0,"player_choice":"Removed Skill","damage_taken":0,"max_hp_gain":0,"max_hp_loss":0,"event_name":"Falling","floor":45,"gold_loss":0}],"is_beta":false,"boss_relics":[{"not_picked":["Orrery","Runic Cube"],"picked":"Black Star"},{"not_picked":["Eternal Feather","Lizard Tail"],"picked":"Busted Crown"}],"items_purged_floors":[],"is_endless":false,"potions_floor_spawned":[3,4,5,16,21,23,31,33,36,38,41],"ascension_level":19}