{"gold_per_floor":[114,159,178,66,66,95,95,127,127,127,146,146,160,177,177,277,277,289,302,314,58,58,58,89,104,104,104,104,33,59,59,59,164,164,176,176,26,50,61,61,90,90,90,14,42,42,61,86,86,86,86,86,36,65,65],"floor_reached":56,"playtime":3397,"items_purged":["Strike_R","Strike_R"],"score":1720,"play_id":"3c4933bb-0cff-44ee-bb67-5a5e54aeedaa","local_time":"20190519233158","is_ascension_mode":true,"campfire_choices":[{"data":"Armaments","floor":7.0,"key":"SMITH"},{"data":"Shrug It Off","floor":10.0,"key":"SMITH"},{"data":"Rage","floor":15.0,"key":"SMITH"},{"data":"Offering","floor":23.0,"key":"SMITH"},{"data":"Body Slam","floor":27.0,"key":"SMITH"},{"data":"Corruption","floor":32.0,"key":"SMITH"},{"floor":40,"key":"RECALL"},{"data":"Sentinel","floor":42,"key":"SMITH"},{"data":"Barricade","floor":49,"key":"SMITH"},{"floor":52,"key":"DIG"}],"neow_cost":"NONE","seed_source_timestamp":84240155210400,"circlet_count":0,"master_deck":["Strike_R","Defend_R","Defend_R","Defend_R","Defend_R","Bash","Armaments+1","Twin Strike","Rage+1","Shrug It Off+1","True Grit+1","Sentinel+1","Ghostly Armor","Offering+1","Body Slam+1","Clothesline","Seeing Red","Power Through","Corruption+1","Shrug It Off+1","Juggernaut","Armaments+1","Feel No Pain+1","Flame Barrier","Barricade+1","Intimidate+1"],"special_seed":0,"relics":["Coffee Dripper","Bottled Lightning","Dead Branch","StoneCalendar","Philosopher\u0027s Stone","Letter Opener","Gremlin Horn","Incense Burner","Dodecahedron","Runic Dome","Lantern","Bag of Marbles","Pen Nib","Shovel","Toxic Egg 2","Pantograph","Shuriken","Self Forming Clay","Mercury Hourglass"],"potions_floor_usage":[45,48,50,55],"damage_taken":[{"damage":0.0,"enemies":"Cultist","floor":1.0,"turns":2.0},{"damage":0.0,"enemies":"2 Louse","floor":3.0,"turns":2.0},{"damage":27.0,"enemies":"Lagavulin","floor":6.0,"turns":6.0},{"damage":19.0,"enemies":"Gremlin Nob","floor":8.0,"turns":5.0},{"damage":0.0,"enemies":"Jaw Worm","floor":11.0,"turns":3.0},{"damage":4.0,"enemies":"Gremlin Gang","floor":13.0,"turns":6.0},{"damage":0.0,"enemies":"2 Fungi Beasts","floor":14.0,"turns":4.0},{"damage":15.0,"enemies":"Hexaghost","floor":16.0,"turns":11.0},{"damage":6.0,"enemies":"Spheric Guardian","floor":18.0,"turns":5.0},{"damage":2.0,"enemies":"Shell Parasite","floor":19.0,"turns":7.0},{"damage":32.0,"enemies":"Snake Plant","floor":20.0,"turns":5.0},{"damage":6.0,"enemies":"Gremlin Leader","floor":24.0,"turns":2.0},{"damage":18.0,"enemies":"Snecko","floor":25.0,"turns":7.0},{"damage":23.0,"enemies":"Slavers","floor":30.0,"turns":5.0},{"damage":6,"enemies":"Collector","floor":33,"turns":5},{"damage":0,"enemies":"Orb Walker","floor":35,"turns":4},{"damage":11,"enemies":"3 Darklings","floor":39,"turns":4},{"damage":26,"enemies":"Nemesis","floor":41,"turns":5},{"damage":0,"enemies":"Giant Head","floor":45,"turns":4},{"damage":0,"enemies":"Sphere and 2 Shapes","floor":47,"turns":3},{"damage":0,"enemies":"Reptomancer","floor":48,"turns":4},{"damage":0,"enemies":"Donu and Deca","floor":50,"turns":7},{"damage":6,"enemies":"Shield and Spear","floor":54,"turns":1},{"damage":13,"enemies":"The Heart","floor":55,"turns":5}],"seed_played":"-5839266795971560911","potions_obtained":[{"floor":8.0,"key":"SteroidPotion"},{"floor":14.0,"key":"SkillPotion"},{"floor":16.0,"key":"EssenceOfSteel"},{"floor":19.0,"key":"Dexterity Potion"},{"floor":33,"key":"FearPotion"},{"floor":45,"key":"Energy Potion"},{"floor":47,"key":"Dexterity Potion"}],"is_trial":false,"path_per_floor":["M","T","M","$","?","E","R","E","T","R","M","?","M","M","R","B",null,"M","M","M","$","?","R","E","M","T","R","?","$","E","T","R","B",null,"M","?","$","T","M","R","E","R","T","$","E","T","M","E","R","B",null,"R","$","E","B",null],"character_chosen":"IRONCLAD","items_purchased":["Rage","Seeing Red","Power Through","PowerPotion","Corruption","Lantern","Flame Barrier","PowerPotion"],"campfire_rested":0,"item_purchase_floors":[4,21,21,21,29,37,44,53],"current_hp_per_floor":[80,80,80,80,80,53,53,34,34,34,34,34,30,30,30,15,80,74,72,40,40,40,40,34,16,16,16,42,42,19,19,19,13,80,80,80,80,80,69,69,43,43,43,43,43,43,43,43,43,68,80,80,80,74,67],"gold":65,"neow_bonus":"BOSS_RELIC","is_prod":false,"is_daily":false,"chose_seed":false,"campfire_upgraded":8,"win_rate":0,"timestamp":1558301518,"path_taken":["M","?","M","$","?","E","R","E","T","R","M","?","M","M","R","BOSS","M","M","?","$","?","R","E","?","T","R","?","$","E","?","R","BOSS","M","?","$","?","?","R","E","R","T","$","E","?","M","E","R","BOSS","R","$","E","BOSS"],"build_version":"2019-05-07","purchased_purges":2,"victory":true,"max_hp_per_floor":[80,80,80,80,80,80,80,80,80,80,80,80,80,80,80,80,80,80,80,80,80,80,80,80,80,80,80,80,80,80,80,80,80,80,80,80,80,80,80,80,80,80,80,80,80,80,80,80,80,80,80,80,80,80,80],"card_choices":[{"not_picked":["Pommel Strike","Intimidate"],"picked":"Armaments","floor":1.0},{"not_picked":["Intimidate","Anger"],"picked":"Twin Strike","floor":3.0},{"not_picked":["Warcry","Second Wind","Reckless Charge"],"picked":"SKIP","floor":6.0},{"not_picked":["Havoc","Rampage"],"picked":"Shrug It Off","floor":8.0},{"not_picked":["Entrench","Twin Strike"],"picked":"True Grit","floor":11.0},{"not_picked":["Shrug It Off","Intimidate"],"picked":"Sentinel","floor":13.0},{"not_picked":["Metallicize","Perfected Strike"],"picked":"Ghostly Armor","floor":14.0},{"not_picked":["Limit Break","Bludgeon"],"picked":"Offering","floor":16.0},{"not_picked":["Pommel Strike","Shrug It Off"],"picked":"Body Slam","floor":18.0},{"not_picked":["Armaments","Entrench","Reckless Charge"],"picked":"SKIP","floor":19.0},{"not_picked":["Metallicize","Disarm"],"picked":"Clothesline","floor":20.0},{"not_picked":["Evolve","Perfected Strike","Clash"],"picked":"SKIP","floor":24.0},{"not_picked":["Clash","Twin Strike+1","Shrug It Off"],"picked":"SKIP","floor":25.0},{"not_picked":["Entrench","Power Through"],"picked":"Shrug It Off+1","floor":30.0},{"not_picked":["Double Tap","Limit Break"],"picked":"Juggernaut","floor":33},{"not_picked":["Wild Strike+1","Cleave"],"picked":"Armaments+1","floor":35},{"not_picked":["Pommel Strike","Sword Boomerang","Clash"],"picked":"SKIP","floor":39},{"not_picked":["Sever Soul+1","Sword Boomerang+1"],"picked":"Feel No Pain+1","floor":41},{"not_picked":["Clash+1","Shrug It Off+1"],"picked":"Barricade","floor":45},{"not_picked":["Rage+1","Twin Strike"],"picked":"Intimidate+1","floor":47},{"not_picked":["Blood for Blood","Uppercut+1","Inflame+1"],"picked":"SKIP","floor":48},{"not_picked":["Shrug It Off+1","Wild Strike+1","Pommel Strike"],"picked":"SKIP","floor":54}],"player_experience":298440,"relics_obtained":[{"floor":6.0,"key":"Bottled Lightning"},{"floor":8.0,"key":"Dead Branch"},{"floor":9.0,"key":"StoneCalendar"},{"floor":24.0,"key":"Letter Opener"},{"floor":26.0,"key":"Gremlin Horn"},{"floor":30.0,"key":"Incense Burner"},{"floor":31.0,"key":"Dodecahedron"},{"floor":38,"key":"Bag of Marbles"},{"floor":41,"key":"Pen Nib"},{"floor":43,"key":"Shovel"},{"floor":45,"key":"Toxic Egg 2"},{"floor":46,"key":"Pantograph"},{"floor":48,"key":"Shuriken"},{"floor":52,"key":"Self Forming Clay"},{"floor":54,"key":"Mercury Hourglass"}],"event_choices":[{"damage_healed":0.0,"max_hp_gain":0.0,"max_hp_loss":0.0,"gold_gain":0.0,"event_name":"Scrap Ooze","player_choice":"Fled","floor":5.0,"gold_loss":0.0,"damage_taken":0.0},{"damage_healed":0.0,"max_hp_gain":0.0,"max_hp_loss":0.0,"gold_gain":0.0,"event_name":"Upgrade Shrine","player_choice":"Upgraded","floor":12.0,"gold_loss":0.0,"damage_taken":0.0,"cards_upgraded":["True Grit"]},{"cards_removed":["Strike_R"],"damage_healed":0.0,"max_hp_gain":0.0,"max_hp_loss":0.0,"gold_gain":0.0,"event_name":"Purifier","player_choice":"Purged","floor":22.0,"gold_loss":0.0,"damage_taken":0.0},{"damage_healed":26.0,"max_hp_gain":0.0,"max_hp_loss":0.0,"gold_gain":0.0,"event_name":"The Library","player_choice":"Heal","floor":28.0,"gold_loss":0.0,"damage_taken":0.0},{"cards_removed":["Strike_R"],"damage_healed":0,"gold_gain":0,"player_choice":"Purged","damage_taken":0,"max_hp_gain":0,"max_hp_loss":0,"event_name":"Purifier","floor":36,"gold_loss":0}],"is_beta":true,"boss_relics":[{"not_picked":["Cursed Key","Busted Crown"],"picked":"Philosopher\u0027s Stone"},{"not_picked":["Sozu","Astrolabe"],"picked":"Runic Dome"}],"items_purged_floors":[4,21],"is_endless":false,"potions_floor_spawned":[8,14,16,19,33,45,47],"ascension_level":4}