{"gold_per_floor":[118,138,138,138,154,154,174,174,174,247,247,247,265,278,278,408,408,426,444,464,99,118,118,118,136,136,136,152,152,176,199,199,199],"floor_reached":33,"playtime":5488,"items_purged":["Injury"],"score":243,"play_id":"e5d301c3-6271-4cb2-bf5b-46b1e4488b39","local_time":"20180823153717","is_ascension_mode":false,"campfire_choices":[{"data":"Terror","floor":6,"key":"SMITH"},{"floor":11,"key":"REST"},{"data":"Noxious Fumes","floor":15,"key":"SMITH"},{"data":"Dodge and Roll","floor":24,"key":"SMITH"},{"data":"Malaise","floor":27,"key":"SMITH"},{"data":"All Out Attack","floor":29,"key":"SMITH"},{"floor":32,"key":"REST"}],"neow_cost":"","seed_source_timestamp":19746130206387,"circlet_count":0,"master_deck":["Defend_G","Defend_G","Defend_G","Defend_G+1","Defend_G","Strike_G","Strike_G","Strike_G+1","Strike_G","Strike_G","Survivor","Neutralize","Deadly Poison","Dodge and Roll+1","Terror+1","Bouncing Flask+1","Dagger Spray","All Out Attack+1","Noxious Fumes+1","Bullet Time","Dagger Throw+1","Dagger Spray+1","Acrobatics","Dark Shackles","Malaise+1","Doubt","Backflip+1","Deadly Poison","Skewer"],"relics":["Ring of the Snake","Golden Idol","Mummified Hand","Matryoshka","Cursed Key","Centennial Puzzle","NlothsMask"],"potions_floor_usage":[10,16,20,28,33,33,33],"damage_taken":[{"damage":0,"enemies":"Jaw Worm","floor":1,"turns":4},{"damage":0,"enemies":"Small Slimes","floor":2,"turns":3},{"damage":8,"enemies":"2 Louse","floor":5,"turns":3},{"damage":3,"enemies":"2 Fungi Beasts","floor":7,"turns":5},{"damage":29,"enemies":"3 Sentries","floor":10,"turns":11},{"damage":7,"enemies":"Exordium Thugs","floor":13,"turns":3},{"damage":11,"enemies":"Red Slaver","floor":14,"turns":3},{"damage":10,"enemies":"Hexaghost","floor":16,"turns":9},{"damage":0,"enemies":"Spheric Guardian","floor":18,"turns":3},{"damage":23,"enemies":"2 Thieves","floor":19,"turns":4},{"damage":2,"enemies":"Snecko","floor":20,"turns":3},{"damage":1,"enemies":"3 Cultists","floor":22,"turns":3},{"damage":1,"enemies":"Centurion and Healer","floor":25,"turns":5},{"damage":10,"enemies":"Snecko","floor":28,"turns":5},{"damage":4,"enemies":"Cultist and Chosen","floor":30,"turns":5},{"damage":9,"enemies":"Snake Plant","floor":31,"turns":3},{"damage":51,"enemies":"Automaton","floor":33,"turns":6}],"seed_played":"7451472573872848161","potions_obtained":[{"floor":1,"key":"Dexterity Potion"},{"floor":13,"key":"GamblersBrew"},{"floor":14,"key":"Regen Potion"},{"floor":19,"key":"AttackPotion"},{"floor":22,"key":"Energy Potion"},{"floor":28,"key":"Explosive Potion"}],"is_trial":false,"path_per_floor":["M","M","?","?","M","R","M","?","T","?","R","?","M","M","R","B",null,"M","M","M","$","M","?","R","M","T","R","M","R","M","M","R"],"character_chosen":"THE_SILENT","items_purchased":["Dark Shackles","Centennial Puzzle","Dexterity Potion"],"campfire_rested":2,"item_purchase_floors":[21,21,21],"current_hp_per_floor":[70,70,56,56,48,48,45,45,45,16,37,60,53,42,42,47,70,70,47,45,45,44,44,44,43,43,43,33,33,29,20,41,0],"gold":199,"neow_bonus":"","is_prod":false,"is_daily":false,"chose_seed":false,"campfire_upgraded":5,"win_rate":0.0,"timestamp":1535031437,"path_taken":["M","M","?","?","?","R","M","?","T","?","R","?","M","?","R","BOSS","M","M","M","$","M","?","R","M","T","R","M","R","M","M","R","BOSS"],"build_version":"2018-08-16","purchased_purges":1,"victory":false,"max_hp_per_floor":[70,70,70,70,70,70,70,70,70,70,70,70,70,70,70,70,70,70,70,70,70,70,70,70,70,70,70,70,70,70,70,70,70],"card_choices":[{"not_picked":["Riddle With Holes","PiercingWail"],"picked":"Deadly Poison","floor":1},{"not_picked":["Outmaneuver","Blade Dance"],"picked":"Dodge and Roll","floor":2},{"not_picked":["Slice","Skewer"],"picked":"Terror","floor":5},{"not_picked":["Poisoned Stab","Eviscerate"],"picked":"Bouncing Flask","floor":7},{"not_picked":["Masterful Stab","Outmaneuver"],"picked":"Dagger Spray","floor":10},{"not_picked":["Sucker Punch","Underhanded Strike"],"picked":"All Out Attack","floor":13},{"not_picked":["Outmaneuver","Skewer"],"picked":"Noxious Fumes","floor":14},{"not_picked":["Glass Knife","Tools of the Trade"],"picked":"Bullet Time","floor":16},{"not_picked":["Deflect+1","Dodge and Roll"],"picked":"Dagger Throw+1","floor":18},{"not_picked":["Slice+1","Flying Knee"],"picked":"Dagger Spray+1","floor":19},{"not_picked":["Dagger Throw","Deflect+1"],"picked":"Acrobatics","floor":20},{"not_picked":["Acrobatics","Flechettes"],"picked":"Malaise","floor":22},{"not_picked":["PiercingWail","Dagger Throw+1","Deflect"],"picked":"SKIP","floor":25},{"not_picked":["Poisoned Stab+1","Riddle With Holes+1"],"picked":"Backflip+1","floor":28},{"not_picked":["Acrobatics+1","Backflip"],"picked":"Deadly Poison","floor":30},{"not_picked":["Backflip","Terror+1"],"picked":"Skewer","floor":31}],"player_experience":5972,"relics_obtained":[{"floor":9,"key":"Mummified Hand"}],"event_choices":[{"event_name":"Shining Light","player_choice":"Entered Light","floor":3,"damage_taken":0},{"event_name":"Golden Idol","player_choice":"Take Wound","floor":4,"damage_taken":0},{"event_name":"Upgrade Shrine","player_choice":"Upgraded","floor":8,"damage_taken":0},{"event_name":"Dead Adventurer","player_choice":"Searched \u00273\u0027 times","floor":10,"damage_taken":0},{"event_name":"Big Fish","player_choice":"Banana","floor":12,"damage_taken":0},{"event_name":"FaceTrader","player_choice":"Trade","floor":23,"damage_taken":0}],"is_beta":false,"boss_relics":[{"not_picked":["Philosopher\u0027s Stone","Lizard Tail"],"picked":"Cursed Key"}],"items_purged_floors":[21],"is_endless":false,"potions_floor_spawned":[1,13,14,19,22,28,30,31],"killed_by":"Automaton","ascension_level":0}