{"gold_per_floor":[109,121,121,136,147,147,175,208,282,316,316,331,19,37,37,137,137,157,157,157,170,180,192,16,16,16,115,145,145,157,167,167,270,270,285,285,285,101,148,148,166,180,180,206,206,221,221,221,221,221],"floor_reached":50,"playtime":3994,"items_purged":[],"score":545,"play_id":"45329686-82b6-477d-8d67-5b1a238a73e4","local_time":"20190414164144","is_ascension_mode":true,"campfire_choices":[{"data":"Dualcast","floor":6.0,"key":"SMITH"},{"floor":15.0,"key":"REST"},{"data":"Zap","floor":25.0,"key":"SMITH"},{"data":"Beam Cell","floor":29.0,"key":"SMITH"},{"data":"Sweeping Beam","floor":32.0,"key":"SMITH"},{"data":"Seek","floor":40.0,"key":"SMITH"},{"data":"Echo Form","floor":45.0,"key":"SMITH"},{"data":"Rainbow","floor":47.0,"key":"SMITH"},{"floor":49.0,"key":"RECALL"}],"neow_cost":"NONE","seed_source_timestamp":318835388698863,"circlet_count":0,"master_deck":["Strike_B","Strike_B","Strike_B","Strike_B","Defend_B+1","Defend_B","Defend_B","Defend_B+1","Zap+1","Dualcast+1","Purity","Ball Lightning","Cold Snap","Rebound","Sweeping Beam+1","Rainbow+1","Reinforced Body","Go for the Eyes","Hello World","Compile Driver","Seek+1","Beam Cell+1","Core Surge","Go for the Eyes+1","Ball Lightning","Scrape","Static Discharge","Self Repair","Gash","Coolheaded","Redo+1","Streamline+1","Go for the Eyes+1","Echo Form+1","Gash+1","Madness+1","Madness+1","FTL","Redo+1","Compile Driver+1","Reinforced Body+1","Reprogram+1"],"special_seed":0,"relics":["Cracked Core","Odd Mushroom","Incense Burner","Matryoshka","War Paint","Bag of Preparation","Bronze Scales","Coffee Dripper","MutagenicStrength","Juzu Bracelet","Toxic Egg 2","Red Mask","Nuclear Battery","Ancient Tea Set","Vajra","Thread and Needle","Bottled Tornado","Anchor","FaceOfCleric"],"potions_floor_usage":[50],"damage_taken":[{"damage":7.0,"enemies":"Jaw Worm","floor":1.0,"turns":4.0},{"damage":1.0,"enemies":"Cultist","floor":2.0,"turns":3.0},{"damage":7.0,"enemies":"2 Louse","floor":4.0,"turns":2.0},{"damage":4.0,"enemies":"Exordium Wildlife","floor":5.0,"turns":2.0},{"damage":5.0,"enemies":"The Mushroom Lair","floor":7.0,"turns":3.0},{"damage":21.0,"enemies":"Lagavulin","floor":8.0,"turns":5.0},{"damage":22.0,"enemies":"3 Sentries","floor":10.0,"turns":7.0},{"damage":0.0,"enemies":"Blue Slaver","floor":12.0,"turns":3.0},{"damage":0.0,"enemies":"2 Fungi Beasts","floor":14.0,"turns":2.0},{"damage":2.0,"enemies":"Hexaghost","floor":16.0,"turns":8.0},{"damage":5.0,"enemies":"Spheric Guardian","floor":18.0,"turns":4.0},{"damage":20.0,"enemies":"Colosseum Slavers","floor":19.0,"turns":3.0},{"damage":0.0,"enemies":"Chosen","floor":21.0,"turns":3.0},{"damage":0.0,"enemies":"Snake Plant","floor":22.0,"turns":3.0},{"damage":12.0,"enemies":"Centurion and Healer","floor":23.0,"turns":6.0},{"damage":8.0,"enemies":"Masked Bandits","floor":28.0,"turns":3.0},{"damage":0.0,"enemies":"Sentry and Sphere","floor":30.0,"turns":3.0},{"damage":8.0,"enemies":"Cultist and Chosen","floor":31.0,"turns":3.0},{"damage":22.0,"enemies":"Champ","floor":33.0,"turns":9.0},{"damage":6.0,"enemies":"3 Darklings","floor":35.0,"turns":4.0},{"damage":31.0,"enemies":"2 Orb Walkers","floor":39.0,"turns":3.0},{"damage":2.0,"enemies":"Orb Walker","floor":41.0,"turns":2.0},{"damage":4.0,"enemies":"4 Shapes","floor":42.0,"turns":3.0},{"damage":7.0,"enemies":"Sphere and 2 Shapes","floor":46.0,"turns":3.0},{"damage":32,"enemies":"Time Eater","floor":50,"turns":5}],"seed_played":"3024916646256340314","potions_obtained":[{"floor":1.0,"key":"PowerPotion"},{"floor":3.0,"key":"Energy Potion"},{"floor":3.0,"key":"Energy Potion"},{"floor":14.0,"key":"GamblersBrew"},{"floor":21.0,"key":"Strength Potion"},{"floor":28.0,"key":"Fire Potion"},{"floor":30.0,"key":"SteroidPotion"},{"floor":31.0,"key":"Energy Potion"},{"floor":33.0,"key":"SkillPotion"},{"floor":35.0,"key":"Swift Potion"},{"floor":41.0,"key":"EssenceOfSteel"}],"is_trial":false,"path_per_floor":["M","M","?","M","M","R","?","E","T","E","T","M","$","M","R","B",null,"M","?","?","M","M","M","$","R","T","?","?","R","M","M","R","B",null,"M","?","?","$","?","R","M","M","T","T","R","M","R","?","R","B"],"character_chosen":"DEFECT","items_purchased":["Bronze Scales","Compile Driver","Seek","Self Repair","Gash","Coolheaded","FTL","Vajra"],"campfire_rested":1,"item_purchase_floors":[13,13,13,24,24,24,38,38],"current_hp_per_floor":[68,67,67,60,56,56,51,30,30,8,8,8,8,8,30,28,75,70,50,50,50,50,38,38,38,38,38,37,37,44,43,43,21,75,75,75,66,66,35,35,33,36,36,36,36,29,29,29,29,0],"gold":221,"neow_bonus":"RANDOM_COLORLESS","is_prod":false,"is_daily":false,"chose_seed":false,"campfire_upgraded":7,"win_rate":0,"timestamp":1555285304,"path_taken":["M","M","?","M","?","R","?","E","T","E","?","M","$","M","R","BOSS","M","?","?","?","M","M","$","R","T","?","?","R","M","M","R","BOSS","M","?","?","$","?","R","M","M","T","?","R","M","R","?","R","BOSS"],"build_version":"2019-01-23","purchased_purges":0,"victory":false,"max_hp_per_floor":[75,75,75,75,75,75,75,75,75,75,75,75,75,75,75,75,75,75,75,75,75,75,75,75,75,75,75,75,75,75,75,75,75,75,75,75,75,75,75,75,75,75,75,75,75,75,75,75,75,75],"card_choices":[{"not_picked":["Leap","Coolheaded"],"picked":"Ball Lightning","floor":1.0},{"not_picked":["Redo","Doom and Gloom"],"picked":"Cold Snap","floor":2.0},{"not_picked":["Undo","Redo"],"picked":"Rebound","floor":4.0},{"not_picked":["Leap","Defragment"],"picked":"Sweeping Beam","floor":5.0},{"not_picked":["Hologram","Darkness"],"picked":"Rainbow","floor":7.0},{"not_picked":["Conserve Battery","Ball Lightning"],"picked":"Reinforced Body","floor":8.0},{"not_picked":["Beam Cell","Cold Snap"],"picked":"Go for the Eyes","floor":10.0},{"not_picked":["Machine Learning","Melter"],"picked":"Hello World","floor":12.0},{"not_picked":["Reprogram","Steam"],"picked":"Beam Cell","floor":14.0},{"not_picked":["Multi-Cast","Echo Form"],"picked":"Core Surge","floor":16.0},{"not_picked":["Hologram","Auto Shields"],"picked":"Go for the Eyes+1","floor":18.0},{"not_picked":["Beam Cell","Go for the Eyes"],"picked":"Ball Lightning","floor":21.0},{"not_picked":["Streamline","Compile Driver"],"picked":"Scrape","floor":22.0},{"not_picked":["Steam","Aggregate"],"picked":"Static Discharge","floor":23.0},{"not_picked":["Aggregate+1","Loop"],"picked":"Redo+1","floor":28.0},{"not_picked":["Turbo+1","Cold Snap"],"picked":"Streamline+1","floor":30.0},{"not_picked":["Ball Lightning","Storm"],"picked":"Go for the Eyes+1","floor":31.0},{"not_picked":["Core Surge","Meteor Strike"],"picked":"Echo Form","floor":33.0},{"not_picked":["Conserve Battery+1","Sweeping Beam+1"],"picked":"Gash+1","floor":35.0},{"not_picked":["Consume+1","Sweeping Beam+1"],"picked":"Redo+1","floor":39.0},{"not_picked":["Double Energy+1","Fusion+1"],"picked":"Compile Driver+1","floor":41.0},{"not_picked":["Coolheaded+1","Beam Cell+1"],"picked":"Reinforced Body+1","floor":42.0},{"not_picked":["Streamline","Rebound"],"picked":"Reprogram+1","floor":46.0}],"player_experience":424162,"relics_obtained":[{"floor":7.0,"key":"Odd Mushroom"},{"floor":8.0,"key":"Incense Burner"},{"floor":9.0,"key":"Matryoshka"},{"floor":10.0,"key":"War Paint"},{"floor":11.0,"key":"Bag of Preparation"},{"floor":26.0,"key":"Juzu Bracelet"},{"floor":26.0,"key":"Toxic Egg 2"},{"floor":28.0,"key":"Red Mask"},{"floor":39.0,"key":"Thread and Needle"},{"floor":43.0,"key":"Bottled Tornado"},{"floor":44.0,"key":"Anchor"}],"event_choices":[{"damage_healed":0.0,"max_hp_gain":0.0,"max_hp_loss":0.0,"gold_gain":0.0,"event_name":"Lab","player_choice":"Got Potions","floor":3.0,"gold_loss":0.0,"damage_taken":0.0},{"damage_healed":0.0,"max_hp_gain":0.0,"max_hp_loss":0.0,"gold_gain":0.0,"event_name":"Mushrooms","player_choice":"Fought Mushrooms","floor":7.0,"gold_loss":0.0,"damage_taken":0.0},{"damage_healed":0.0,"max_hp_gain":0.0,"max_hp_loss":0.0,"gold_gain":0.0,"event_name":"Colosseum","player_choice":"Fight","floor":19.0,"gold_loss":0.0,"damage_taken":0.0},{"damage_healed":0.0,"max_hp_gain":0.0,"max_hp_loss":0.0,"gold_gain":0.0,"event_name":"Colosseum","player_choice":"Fled From Nobs","floor":19.0,"gold_loss":0.0,"damage_taken":0.0},{"damage_healed":0.0,"max_hp_gain":0.0,"max_hp_loss":0.0,"gold_gain":0.0,"event_name":"Drug Dealer","player_choice":"Inject Mutagens","floor":20.0,"gold_loss":0.0,"damage_taken":0.0,"relics_obtained":["MutagenicStrength"]},{"damage_healed":0.0,"max_hp_gain":0.0,"max_hp_loss":0.0,"gold_gain":99.0,"event_name":"Nest","player_choice":"Stole From Cult","floor":27.0,"gold_loss":0.0,"damage_taken":0.0},{"damage_healed":0.0,"max_hp_gain":0.0,"max_hp_loss":0.0,"gold_gain":0.0,"event_name":"Masked Bandits","player_choice":"Fought Bandits","floor":28.0,"gold_loss":0.0,"damage_taken":0.0},{"damage_healed":0.0,"max_hp_gain":0.0,"max_hp_loss":0.0,"gold_gain":0.0,"event_name":"WeMeetAgain","player_choice":"Gave Potion","floor":36.0,"gold_loss":0.0,"damage_taken":0.0,"relics_obtained":["Ancient Tea Set"]},{"damage_healed":0.0,"max_hp_gain":0.0,"max_hp_loss":0.0,"gold_gain":0.0,"event_name":"Winding Halls","player_choice":"Embrace Madness","floor":37.0,"gold_loss":0.0,"damage_taken":9.0,"cards_obtained":["Madness","Madness"]},{"damage_healed":0.0,"max_hp_gain":0.0,"max_hp_loss":0.0,"gold_gain":0.0,"event_name":"Mysterious Sphere","player_choice":"Fight","floor":39.0,"gold_loss":0.0,"damage_taken":0.0},{"damage_healed":0.0,"max_hp_gain":0.0,"max_hp_loss":0.0,"gold_gain":0.0,"event_name":"FaceTrader","player_choice":"Trade","floor":48.0,"gold_loss":0.0,"damage_taken":0.0,"relics_obtained":["FaceOfCleric"]}],"is_beta":false,"boss_relics":[{"not_picked":["Philosopher\u0027s Stone","Ectoplasm"],"picked":"Coffee Dripper"},{"not_picked":["Runic Dome","Tiny House"],"picked":"Nuclear Battery"}],"items_purged_floors":[],"is_endless":false,"potions_floor_spawned":[1,4,5,14,21,28,30,31,33,35,41],"killed_by":"Time Eater","ascension_level":3}