{"gold_per_floor":[117,117,117,177,152,181,181,209,209,243,243,258,308,328,328,328],"floor_reached":16,"playtime":494,"items_purged":[],"score":279,"play_id":"9d4ed2ff-c8ca-4c5c-b692-b83dfecdcde9","local_time":"20190607125806","is_ascension_mode":true,"campfire_choices":[{"data":"Bash","floor":7.0,"key":"SMITH"},{"floor":11.0,"key":"REST"},{"data":"Whirlwind","floor":15.0,"key":"SMITH"}],"neow_cost":"NONE","seed_source_timestamp":1365688881325049,"circlet_count":0,"master_deck":["AscendersBane","Strike_R","Strike_R","Strike_R","Defend_R","Defend_R","Defend_R","Defend_R","Bash+1","Shrug It Off","Headbutt","Whirlwind+1","Seeing Red","Thunderclap","Feed","Evolve+1"],"special_seed":0,"relics":["Burning Blood","NeowsBlessing","SsserpentHead","Kunai","Anchor","Frozen Egg 2","Bag of Marbles","StoneCalendar"],"potions_floor_usage":[],"damage_taken":[{"damage":0.0,"enemies":"Cultist","floor":1.0,"turns":1.0},{"damage":0.0,"enemies":"Small Slimes","floor":4.0,"turns":2.0},{"damage":0.0,"enemies":"3 Sentries","floor":6.0,"turns":1.0},{"damage":63.0,"enemies":"Lagavulin","floor":8.0,"turns":9.0},{"damage":14.0,"enemies":"3 Sentries","floor":10.0,"turns":8.0},{"damage":0.0,"enemies":"2 Louse","floor":12.0,"turns":1.0},{"damage":1.0,"enemies":"2 Fungi Beasts","floor":14.0,"turns":3.0},{"damage":44,"enemies":"Slime Boss","floor":16,"turns":6}],"seed_played":"487846688499998271","potions_obtained":[{"floor":8.0,"key":"Swift Potion"}],"is_trial":false,"path_per_floor":["M","?","?","M","?","E","R","E","T","E","R","M","?","M","R","B"],"character_chosen":"IRONCLAD","items_purchased":[],"campfire_rested":1,"item_purchase_floors":[],"current_hp_per_floor":[74,74,74,75,75,75,75,18,18,10,32,38,38,43,43,0],"gold":328,"neow_bonus":"THREE_ENEMY_KILL","is_prod":false,"is_daily":false,"chose_seed":false,"campfire_upgraded":2,"win_rate":0,"timestamp":1559937486,"path_taken":["M","?","?","?","?","E","R","E","T","E","R","M","?","M","R","BOSS"],"build_version":"2019-01-23","purchased_purges":0,"victory":false,"max_hp_per_floor":[75,75,75,75,75,75,75,75,75,75,75,75,75,75,75,75],"card_choices":[{"not_picked":["Heavy Blade","Anger"],"picked":"Shrug It Off","floor":1.0},{"not_picked":["Clothesline","Headbutt"],"picked":"Whirlwind","floor":4.0},{"not_picked":["Second Wind","Corruption"],"picked":"Seeing Red","floor":6.0},{"not_picked":["Seeing Red","Clothesline"],"picked":"Thunderclap","floor":8.0},{"not_picked":["Entrench","Power Through"],"picked":"Feed","floor":10.0},{"not_picked":["Twin Strike","Clash"],"picked":"Armaments","floor":12.0},{"not_picked":["Sword Boomerang","Warcry"],"picked":"Evolve+1","floor":14.0}],"player_experience":828327,"relics_obtained":[{"floor":6.0,"key":"Kunai"},{"floor":8.0,"key":"Anchor"},{"floor":9.0,"key":"Frozen Egg 2"},{"floor":10.0,"key":"Bag of Marbles"}],"event_choices":[{"damage_healed":0.0,"max_hp_gain":0.0,"max_hp_loss":0.0,"gold_gain":0.0,"cards_transformed":["Strike_R"],"event_name":"Living Wall","player_choice":"Change","floor":2.0,"gold_loss":0.0,"damage_taken":0.0,"cards_obtained":["Headbutt"]},{"damage_healed":0.0,"max_hp_gain":0.0,"max_hp_loss":0.0,"gold_gain":0.0,"event_name":"FaceTrader","player_choice":"Trade","floor":3.0,"gold_loss":0.0,"damage_taken":0.0,"relics_obtained":["SsserpentHead"]},{"cards_removed":["Strike_R"],"damage_healed":0.0,"max_hp_gain":0.0,"max_hp_loss":0.0,"gold_gain":0.0,"event_name":"The Cleric","player_choice":"Card Removal","floor":5.0,"gold_loss":75.0,"damage_taken":0.0},{"cards_removed":["Armaments"],"damage_healed":0.0,"max_hp_gain":0.0,"max_hp_loss":0.0,"gold_gain":0.0,"event_name":"WeMeetAgain","player_choice":"Gave Card","floor":13.0,"gold_loss":0.0,"damage_taken":0.0,"relics_obtained":["StoneCalendar"]}],"is_beta":false,"boss_relics":[],"items_purged_floors":[],"is_endless":false,"potions_floor_spawned":[8],"killed_by":"Slime Boss","ascension_level":19}