{"gold_per_floor":[114,133,152,166,186,186,203,203,228,246,246,246,246,265,265,265],"floor_reached":16,"playtime":740,"items_purged":[],"score":181,"play_id":"5d86e428-c722-479c-9b7a-61a0fd5e7344","local_time":"20190605112023","is_ascension_mode":true,"campfire_choices":[{"data":"Bash","floor":6,"key":"SMITH"},{"floor":8,"key":"REST"},{"floor":13,"key":"REST"},{"data":"Metallicize","floor":15,"key":"SMITH"}],"neow_cost":"NONE","seed_source_timestamp":1186962460538862,"circlet_count":0,"master_deck":["AscendersBane","Strike_R","Strike_R","Strike_R","Strike_R","Strike_R","Defend_R","Defend_R","Defend_R","Defend_R","Bash+1","Metallicize+1","Metallicize","Dropkick","Heavy Blade","Spot Weakness","Evolve","Pommel Strike","Intimidate"],"relics":["Eternal Feather","Regal Pillow"],"potions_floor_usage":[5,5,12,16],"damage_taken":[{"damage":8,"enemies":"Small Slimes","floor":1,"turns":5},{"damage":8,"enemies":"2 Louse","floor":2,"turns":4},{"damage":5,"enemies":"Cultist","floor":3,"turns":4},{"damage":23,"enemies":"Large Slime","floor":4,"turns":10},{"damage":5,"enemies":"Exordium Thugs","floor":5,"turns":4},{"damage":15,"enemies":"3 Louse","floor":7,"turns":5},{"damage":12,"enemies":"Blue Slaver","floor":10,"turns":5},{"damage":0,"enemies":"Large Slime","floor":12,"turns":2},{"damage":32,"enemies":"Exordium Thugs","floor":14,"turns":4},{"damage":30,"enemies":"Hexaghost","floor":16,"turns":11}],"seed_played":"-5684008418659897424","potions_obtained":[{"floor":1,"key":"SteroidPotion"},{"floor":4,"key":"FearPotion"},{"floor":7,"key":"SmokeBomb"},{"floor":10,"key":"Dexterity Potion"}],"is_trial":false,"path_per_floor":["M","M","M","M","M","R","M","R","T","M","?","M","R","M","R","B"],"character_chosen":"IRONCLAD","items_purchased":[],"campfire_rested":2,"item_purchase_floors":[],"current_hp_per_floor":[60,52,47,24,19,28,13,44,44,32,6,6,52,20,29,0],"gold":265,"neow_bonus":"BOSS_RELIC","is_prod":false,"is_daily":false,"chose_seed":false,"campfire_upgraded":2,"win_rate":0,"timestamp":1559758823,"path_taken":["M","M","M","M","M","R","M","R","T","M","?","M","R","M","R","BOSS"],"build_version":"2019-01-23","purchased_purges":0,"victory":false,"max_hp_per_floor":[75,75,75,75,75,75,75,75,75,75,75,75,75,75,75,75],"card_choices":[{"not_picked":["Flex","Iron Wave"],"picked":"Metallicize","floor":1},{"not_picked":["Blood for Blood","Anger"],"picked":"Metallicize","floor":2},{"not_picked":["Sword Boomerang","Clothesline"],"picked":"Dropkick","floor":3},{"not_picked":["Warcry","Sword Boomerang"],"picked":"Heavy Blade","floor":4},{"not_picked":["Seeing Red","Heavy Blade"],"picked":"Spot Weakness","floor":5},{"not_picked":["Dual Wield","True Grit"],"picked":"Evolve","floor":7},{"not_picked":["Rupture","Twin Strike"],"picked":"Pommel Strike","floor":10},{"not_picked":["Sword Boomerang","Hemokinesis"],"picked":"Intimidate","floor":14}],"player_experience":803514,"relics_obtained":[],"event_choices":[{"damage_healed":0,"gold_gain":0,"player_choice":"Success","damage_taken":26,"relics_obtained":["Regal Pillow"],"max_hp_gain":0,"max_hp_loss":0,"event_name":"Scrap Ooze","floor":11,"gold_loss":0}],"is_beta":false,"boss_relics":[],"items_purged_floors":[],"is_endless":false,"potions_floor_spawned":[1,4,7,10],"killed_by":"Hexaghost","ascension_level":17}