{"gold_per_floor":[116,135,135,154,86,41,41,59,85,102,136,148,148,148,148,148],"floor_reached":16,"playtime":1716,"items_purged":[],"score":104,"play_id":"5f5c1b2b-6db5-4316-bb27-e0923ed5a60e","local_time":"20190605115621","is_ascension_mode":false,"campfire_choices":[{"floor":15,"key":"REST"}],"neow_cost":"TEN_PERCENT_HP_LOSS","seed_source_timestamp":179366908396159,"circlet_count":0,"master_deck":["Defend_G","Defend_G","Defend_G","Defend_G","Strike_G","Strike_G","Strike_G+1","Strike_G+1","Survivor","Neutralize","Blade Dance","Bouncing Flask","Acrobatics","Blur","Leg Sweep","Accuracy","Accuracy","Finisher","Endless Agony","Footwork","Tactician"],"relics":["Ring of the Snake","Whetstone"],"potions_floor_usage":[14],"damage_taken":[{"damage":0,"enemies":"2 Louse","floor":1,"turns":2},{"damage":1,"enemies":"Cultist","floor":2,"turns":4},{"damage":0,"enemies":"Jaw Worm","floor":4,"turns":3},{"damage":1,"enemies":"Looter","floor":6,"turns":5},{"damage":11,"enemies":"Lots of Slimes","floor":8,"turns":8},{"damage":1,"enemies":"2 Fungi Beasts","floor":10,"turns":4},{"damage":34,"enemies":"Gremlin Nob","floor":11,"turns":4},{"damage":8,"enemies":"Large Slime","floor":12,"turns":5},{"damage":3,"enemies":"Exordium Wildlife","floor":14,"turns":3},{"damage":24,"enemies":"Slime Boss","floor":16,"turns":8}],"seed_played":"-7926032826804388344","potions_obtained":[{"floor":1,"key":"Regen Potion"},{"floor":3,"key":"SmokeBomb"},{"floor":3,"key":"Explosive Potion"}],"is_trial":false,"path_per_floor":["M","M","?","M","$","M","$","M","T","M","E","M","?","M","R","B"],"character_chosen":"THE_SILENT","items_purchased":["Accuracy"],"campfire_rested":1,"item_purchase_floors":[5],"current_hp_per_floor":[63,62,62,62,62,61,61,50,50,49,15,7,7,4,22,0],"gold":148,"neow_bonus":"TRANSFORM_TWO_CARDS","is_prod":false,"is_daily":false,"chose_seed":false,"campfire_upgraded":0,"win_rate":0,"timestamp":1559750181,"path_taken":["M","M","?","M","$","M","$","M","T","M","E","?","?","M","R","BOSS"],"build_version":"2019-01-23","purchased_purges":0,"victory":false,"max_hp_per_floor":[63,63,63,63,63,63,63,63,63,63,63,63,63,63,63,63],"card_choices":[{"not_picked":["Reflex","Underhanded Strike"],"picked":"Acrobatics","floor":1},{"not_picked":["Endless Agony","Reflex"],"picked":"Blur","floor":2},{"not_picked":["Caltrops","Flying Knee"],"picked":"Leg Sweep","floor":4},{"not_picked":["Acrobatics","Poisoned Stab"],"picked":"Accuracy","floor":6},{"not_picked":["Malaise","Bouncing Flask"],"picked":"Finisher","floor":8},{"not_picked":["Outmaneuver","Sucker Punch"],"picked":"Endless Agony","floor":10},{"not_picked":["Dagger Throw","Acrobatics"],"picked":"Footwork","floor":11},{"not_picked":["Reflex","Poisoned Stab"],"picked":"Tactician","floor":12}],"player_experience":86592,"relics_obtained":[{"floor":11,"key":"Whetstone"}],"event_choices":[{"damage_healed":0,"gold_gain":0,"player_choice":"Got Potions","damage_taken":0,"max_hp_gain":0,"max_hp_loss":0,"event_name":"Lab","floor":3,"gold_loss":0},{"damage_healed":0,"gold_gain":0,"player_choice":"Fled","damage_taken":0,"max_hp_gain":0,"max_hp_loss":0,"event_name":"Scrap Ooze","floor":13,"gold_loss":0}],"is_beta":false,"boss_relics":[],"items_purged_floors":[],"is_endless":false,"potions_floor_spawned":[1,4,8,11,14],"killed_by":"Slime Boss","ascension_level":0}