{"gold_per_floor":[110,75,75,95,112,112,145,145,170,185,185,210,210,228,228,325,325,337,23,37,437,454,454,369,369,369,369,369,63,162,162,162,266,266,281,281,300,300,51,51,76,76,76,89,89,103,29,29,29,29],"floor_reached":51,"playtime":1598,"items_purged":["Parasite"],"score":1056,"play_id":"08aed7f1-c579-4ac2-bd3d-e300b875687f","local_time":"20190603045448","is_ascension_mode":true,"campfire_choices":[{"data":"Bouncing Flask","floor":6.0,"key":"SMITH"},{"data":"Dodge and Roll","floor":8.0,"key":"SMITH"},{"data":"Neutralize","floor":13,"key":"SMITH"},{"data":"Slice","floor":15,"key":"SMITH"},{"floor":23,"key":"REST"},{"floor":25,"key":"REST"},{"data":"Noxious Fumes","floor":28,"key":"SMITH"},{"floor":32,"key":"REST"},{"floor":40,"key":"REST"},{"data":"Burst","floor":42,"key":"SMITH"},{"data":"Blur","floor":45,"key":"SMITH"},{"data":"Corpse Explosion","floor":49,"key":"SMITH"}],"neow_cost":"NONE","seed_source_timestamp":79506099406300,"circlet_count":0,"master_deck":["Defend_G","Defend_G","Defend_G","Defend_G","Defend_G","Strike_G","Strike_G","Strike_G","Survivor+1","Neutralize+1","Flying Knee","Bouncing Flask+1","Dodge and Roll+1","Backstab+1","PiercingWail","Poisoned Stab+1","Slice+1","Bullet Time","Riddle With Holes+1","Noxious Fumes+1","Infinite Blades+1","Corpse Explosion+1","Leg Sweep+1","Dagger Spray+1","Burst+1","Deadly Poison+1","Blur+1","After Image","Caltrops"],"special_seed":0,"relics":["Ring of the Snake","Centennial Puzzle","Blood Vial","Bronze Scales","Smiling Mask","WristBlade","TwistedFunnel","Old Coin","Paper Crane","Incense Burner","Blue Candle","Anchor","Pen Nib","Sozu","Ornamental Fan","Question Card","Whetstone","Mummified Hand"],"potions_floor_usage":[12,12,16,21,33],"damage_taken":[{"damage":0.0,"enemies":"2 Louse","floor":1.0,"turns":3.0},{"damage":2.0,"enemies":"Small Slimes","floor":4.0,"turns":3.0},{"damage":1.0,"enemies":"Jaw Worm","floor":5.0,"turns":3.0},{"damage":5.0,"enemies":"Lagavulin","floor":7.0,"turns":6.0},{"damage":0.0,"enemies":"Looter","floor":10.0,"turns":3.0},{"damage":15,"enemies":"Gremlin Nob","floor":12,"turns":4},{"damage":6,"enemies":"3 Louse","floor":14,"turns":2},{"damage":27,"enemies":"Hexaghost","floor":16,"turns":6},{"damage":6,"enemies":"Chosen","floor":18,"turns":4},{"damage":1,"enemies":"3 Byrds","floor":20,"turns":2},{"damage":21,"enemies":"Colosseum Slavers","floor":21,"turns":3},{"damage":25,"enemies":"Colosseum Nobs","floor":21,"turns":4},{"damage":7,"enemies":"Shelled Parasite and Fungi","floor":22,"turns":3},{"damage":66,"enemies":"Collector","floor":33,"turns":8},{"damage":0,"enemies":"3 Darklings","floor":35,"turns":1},{"damage":9,"enemies":"3 Shapes","floor":37,"turns":3},{"damage":11,"enemies":"Reptomancer","floor":41,"turns":7},{"damage":7,"enemies":"3 Darklings","floor":44,"turns":3},{"damage":1,"enemies":"Sphere and 2 Shapes","floor":46,"turns":3},{"damage":33,"enemies":"Awakened One","floor":50,"turns":12}],"seed_played":"-1710551382156486276","potions_obtained":[{"floor":1.0,"key":"EssenceOfSteel"},{"floor":4.0,"key":"PowerPotion"},{"floor":10.0,"key":"SkillPotion"},{"floor":14,"key":"AttackPotion"},{"floor":20,"key":"Ancient Potion"},{"floor":22,"key":"Ancient Potion"}],"is_trial":false,"path_per_floor":["M","?","?","M","M","R","E","R","T","M","?","E","R","M","R","B",null,"M","$","M","?","M","R","?","R","T","?","R","$","?","?","R","B",null,"M","?","M","T","$","R","E","R","T","M","R","M","$","?","R","B",null],"character_chosen":"THE_SILENT","items_purchased":["TwistedFunnel","Noxious Fumes","Anchor","Pen Nib","Question Card","Caltrops"],"campfire_rested":4,"item_purchase_floors":[19,19,29,29,39,47],"current_hp_per_floor":[63,70,58,56,55,55,50,50,50,52,69,55,55,51,51,26,59,55,55,56,14,9,29,29,49,49,49,49,49,49,49,67,1,51,53,53,46,46,46,66,56,56,56,51,51,52,52,52,52,21],"gold":29,"neow_bonus":"UPGRADE_CARD","is_prod":false,"is_daily":false,"chose_seed":false,"campfire_upgraded":8,"win_rate":0,"timestamp":1559562888,"path_taken":["M","?","?","M","M","R","E","R","T","M","?","E","R","M","R","BOSS","M","$","M","?","M","R","?","R","T","?","R","$","?","?","R","BOSS","M","?","?","?","$","R","E","R","T","M","R","M","$","?","R","BOSS"],"build_version":"2019-01-23","purchased_purges":1,"victory":true,"max_hp_per_floor":[70,70,70,70,70,70,70,70,70,70,70,70,70,70,70,70,70,70,67,67,67,67,67,67,67,67,67,67,67,67,67,67,67,67,67,67,67,67,67,67,67,67,67,67,67,67,67,67,67,67],"card_choices":[{"not_picked":["Cloak And Dagger","Setup"],"picked":"Flying Knee","floor":1.0},{"not_picked":["Noxious Fumes","Reflex"],"picked":"Bouncing Flask","floor":4.0},{"not_picked":["Prepared","Cloak And Dagger"],"picked":"Dodge and Roll","floor":5.0},{"not_picked":["Tactician","Infinite Blades"],"picked":"Backstab","floor":7.0},{"not_picked":["Dagger Spray","Outmaneuver"],"picked":"PiercingWail","floor":10.0},{"not_picked":["Finisher","Prepared"],"picked":"Poisoned Stab","floor":12},{"not_picked":["Underhanded Strike","Night Terror"],"picked":"Slice","floor":14},{"not_picked":["Tools of the Trade","Envenom"],"picked":"Bullet Time","floor":16},{"not_picked":["Cloak And Dagger+1","Underhanded Strike"],"picked":"Riddle With Holes+1","floor":18},{"not_picked":["Bane","Flying Knee"],"picked":"Infinite Blades+1","floor":20},{"not_picked":["PiercingWail+1","Reflex"],"picked":"Corpse Explosion","floor":21},{"not_picked":["Cloak And Dagger","Underhanded Strike+1"],"picked":"Leg Sweep+1","floor":22},{"not_picked":["PiercingWail+1","Dodge and Roll"],"picked":"Dagger Spray+1","floor":35},{"not_picked":["Acrobatics","Quick Slash+1"],"picked":"Burst","floor":37},{"not_picked":["Flechettes","Sucker Punch+1","Underhanded Strike+1"],"picked":"Deadly Poison+1","floor":41},{"not_picked":["Setup+1","Sucker Punch","Reflex"],"picked":"Blur","floor":44},{"not_picked":["Skewer","Quick Slash+1","Slice"],"picked":"After Image","floor":46}],"player_experience":229546,"relics_obtained":[{"floor":7.0,"key":"Blood Vial"},{"floor":9.0,"key":"Bronze Scales"},{"floor":12,"key":"Smiling Mask"},{"floor":21,"key":"Old Coin"},{"floor":21,"key":"Paper Crane"},{"floor":26,"key":"Blue Candle"},{"floor":38,"key":"Ornamental Fan"},{"floor":41,"key":"Whetstone"},{"floor":43,"key":"Mummified Hand"}],"event_choices":[{"damage_healed":17.0,"max_hp_gain":0.0,"max_hp_loss":0.0,"gold_gain":0.0,"event_name":"The Cleric","player_choice":"Healed","floor":2.0,"gold_loss":35.0,"damage_taken":0.0},{"damage_healed":0.0,"max_hp_gain":0.0,"max_hp_loss":0.0,"gold_gain":0.0,"event_name":"Scrap Ooze","player_choice":"Success","floor":3.0,"gold_loss":0.0,"damage_taken":12.0,"relics_obtained":["Centennial Puzzle"]},{"damage_healed":17.0,"max_hp_gain":0.0,"max_hp_loss":0.0,"gold_gain":0.0,"event_name":"Mushrooms","player_choice":"Healed and dodged fight","floor":11.0,"gold_loss":0.0,"damage_taken":0.0,"cards_obtained":["Parasite"]},{"damage_healed":0,"gold_gain":0,"player_choice":"Fight","damage_taken":0,"max_hp_gain":0,"max_hp_loss":0,"event_name":"Colosseum","floor":21,"gold_loss":0},{"damage_healed":0,"gold_gain":0,"player_choice":"Fought Nobs","damage_taken":0,"max_hp_gain":0,"max_hp_loss":0,"event_name":"Colosseum","floor":21,"gold_loss":0},{"damage_healed":0,"gold_gain":0,"player_choice":"Obtained Relic","damage_taken":0,"relics_obtained":["Incense Burner"],"max_hp_gain":0,"max_hp_loss":0,"event_name":"Addict","floor":24,"gold_loss":85},{"damage_healed":0,"gold_gain":0,"player_choice":"Ignored","damage_taken":0,"max_hp_gain":0,"max_hp_loss":0,"event_name":"Ghosts","floor":27,"gold_loss":0},{"damage_healed":0,"gold_gain":99,"player_choice":"Stole From Cult","damage_taken":0,"max_hp_gain":0,"max_hp_loss":0,"event_name":"Nest","floor":30,"gold_loss":0},{"cards_removed":["Strike_G"],"damage_healed":0,"gold_gain":0,"player_choice":"Purged","damage_taken":0,"max_hp_gain":0,"max_hp_loss":0,"event_name":"Purifier","floor":31,"gold_loss":0},{"damage_healed":0,"gold_gain":0,"player_choice":"Ignored","damage_taken":0,"max_hp_gain":0,"max_hp_loss":0,"event_name":"SecretPortal","floor":36,"gold_loss":0},{"cards_removed":["Strike_G"],"damage_healed":0,"gold_gain":0,"player_choice":"Removed Attack","damage_taken":0,"max_hp_gain":0,"max_hp_loss":0,"event_name":"Falling","floor":48,"gold_loss":0}],"is_beta":false,"boss_relics":[{"not_picked":["Coffee Dripper","Runic Dome"],"picked":"WristBlade"},{"not_picked":["Busted Crown","Tiny House"],"picked":"Sozu"}],"items_purged_floors":[19],"is_endless":false,"potions_floor_spawned":[1,4,10,14,20,22,35,41,46],"ascension_level":8}