{"gold_per_floor":[111,111,127,127,127,127,101,101,101,125,125,155,155,171,171,171],"floor_reached":16,"playtime":506,"items_purged":[],"score":187,"play_id":"212bce44-f3e6-442f-a0bb-287a5390f7bd","local_time":"20190514131706","is_ascension_mode":true,"campfire_choices":[{"data":"Bash","floor":6.0,"key":"SMITH"},{"data":"Iron Wave","floor":8.0,"key":"SMITH"},{"data":"Metallicize","floor":11.0,"key":"SMITH"},{"data":"Shrug It Off","floor":13,"key":"SMITH"},{"data":"Perfected Strike","floor":15,"key":"SMITH"}],"neow_cost":"NONE","seed_source_timestamp":20734316745967,"circlet_count":0,"master_deck":["AscendersBane","Strike_R","Strike_R","Strike_R","Strike_R","Strike_R","Defend_R","Defend_R","Defend_R","Defend_R","Bash+1","Exhume","Metallicize+1","Iron Wave+1","Shrug It Off+1","Ghostly Armor","Perfected Strike+1"],"special_seed":0,"relics":["Burning Blood","Regal Pillow","Strawberry","Odd Mushroom","Kunai"],"potions_floor_usage":[12,16,16],"damage_taken":[{"damage":9.0,"enemies":"Jaw Worm","floor":1.0,"turns":4.0},{"damage":0.0,"enemies":"2 Louse","floor":3.0,"turns":4.0},{"damage":26.0,"enemies":"The Mushroom Lair","floor":10.0,"turns":8.0},{"damage":41,"enemies":"Lagavulin","floor":12,"turns":10},{"damage":8,"enemies":"Cultist","floor":14,"turns":4},{"damage":25,"enemies":"Slime Boss","floor":16,"turns":4}],"seed_played":"2152101826798813743","potions_obtained":[{"floor":3.0,"key":"SteroidPotion"},{"floor":10.0,"key":"GamblersBrew"},{"floor":12,"key":"Swift Potion"},{"floor":14,"key":"Poison Potion"}],"is_trial":false,"path_per_floor":["M","?","M","?","$","R","$","R","T","?","R","E","R","M","R","B"],"character_chosen":"IRONCLAD","items_purchased":["Shrug It Off"],"campfire_rested":0,"item_purchase_floors":[7],"current_hp_per_floor":[65,60,66,71,71,71,71,71,78,58,58,23,23,21,21,0],"gold":171,"neow_bonus":"ONE_RANDOM_RARE_CARD","is_prod":false,"is_daily":false,"chose_seed":false,"campfire_upgraded":5,"win_rate":0,"timestamp":1557832626,"path_taken":["M","?","M","?","?","R","$","R","T","?","R","E","R","M","R","BOSS"],"build_version":"2019-01-23","purchased_purges":0,"victory":false,"max_hp_per_floor":[75,75,75,80,80,80,80,80,87,87,87,87,87,87,87,87],"card_choices":[{"not_picked":["Sword Boomerang","Warcry"],"picked":"Metallicize","floor":1.0},{"not_picked":["Armaments","Clash"],"picked":"Iron Wave","floor":3.0},{"not_picked":["Headbutt","Pummel"],"picked":"Ghostly Armor","floor":12},{"not_picked":["Entrench","Cleave"],"picked":"Perfected Strike","floor":14}],"player_experience":182421,"relics_obtained":[{"floor":9.0,"key":"Strawberry"},{"floor":10.0,"key":"Odd Mushroom"},{"floor":12,"key":"Kunai"}],"event_choices":[{"damage_healed":0.0,"max_hp_gain":0.0,"max_hp_loss":0.0,"gold_gain":0.0,"event_name":"Scrap Ooze","player_choice":"Success","floor":2.0,"gold_loss":0.0,"damage_taken":5.0,"relics_obtained":["Regal Pillow"]},{"damage_healed":0.0,"max_hp_gain":5.0,"max_hp_loss":0.0,"gold_gain":0.0,"event_name":"Big Fish","player_choice":"Donut","floor":4.0,"gold_loss":0.0,"damage_taken":0.0},{"damage_healed":0.0,"max_hp_gain":0.0,"max_hp_loss":0.0,"gold_gain":0.0,"event_name":"Mushrooms","player_choice":"Fought Mushrooms","floor":10.0,"gold_loss":0.0,"damage_taken":0.0}],"is_beta":false,"boss_relics":[],"items_purged_floors":[],"is_endless":false,"potions_floor_spawned":[3,10,12,14],"killed_by":"Slime Boss","ascension_level":19}