{"gold_per_floor":[363,363,363,363,381,415,432,432,432,451,69,69,86,103,103,205,205,218,218,234,134,134,134,134,134,184,184,59,59,74,91,91,91],"floor_reached":33,"playtime":1979,"items_purged":["Strike_B","Strike_B","Strike_B"],"score":245,"play_id":"fbe57a96-7cc0-41a7-8413-48843c421287","local_time":"20180721012954","is_ascension_mode":false,"campfire_choices":[{"data":"Double Energy","floor":12,"key":"SMITH"},{"floor":15,"key":"REST"},{"floor":23,"key":"REST"},{"floor":25,"key":"REST"},{"data":"Magnetism","floor":29,"key":"SMITH"},{"floor":32,"key":"REST"}],"neow_cost":"TEN_PERCENT_HP_LOSS","seed_source_timestamp":20913206872419,"circlet_count":0,"master_deck":["Defend_B","Defend_B","Defend_B","Defend_B","Zap","Dualcast","Genetic Algorithm","Double Energy+1","Ball Lightning","Ball Lightning","Magnetism+1","Static Discharge","Conserve Battery","Echo Form","Electrodynamics","Hologram+1","Sweeping Beam","Necronomicurse","RitualDagger"],"relics":["Cracked Core","Ornamental Fan","Meat on the Bone","Strawberry","Question Card","Nuclear Battery","Necronomicon","Vajra"],"potions_floor_usage":[6,6,10,16,33,33],"damage_taken":[{"damage":3,"enemies":"Jaw Worm","floor":1,"turns":4},{"damage":0,"enemies":"Cultist","floor":5,"turns":3},{"damage":43,"enemies":"Lagavulin","floor":6,"turns":7},{"damage":0,"enemies":"2 Louse","floor":7,"turns":3},{"damage":8,"enemies":"Gremlin Gang","floor":10,"turns":5},{"damage":15,"enemies":"3 Louse","floor":13,"turns":2},{"damage":9,"enemies":"Blue Slaver","floor":14,"turns":3},{"damage":28,"enemies":"Hexaghost","floor":16,"turns":8},{"damage":18,"enemies":"Shell Parasite","floor":18,"turns":4},{"damage":35,"enemies":"2 Thieves","floor":20,"turns":2},{"damage":17,"enemies":"Centurion and Healer","floor":30,"turns":6},{"damage":17,"enemies":"Snecko","floor":31,"turns":4},{"damage":83,"enemies":"Automaton","floor":33,"turns":8}],"seed_played":"-5924015164297769972","potions_obtained":[{"floor":2,"key":"SneckoOil"},{"floor":2,"key":"Poison Potion"},{"floor":2,"key":"FairyPotion"},{"floor":5,"key":"FearPotion"},{"floor":7,"key":"Dexterity Potion"},{"floor":10,"key":"Energy Potion"},{"floor":20,"key":"Fire Potion"},{"floor":30,"key":"Weak Potion"}],"is_trial":false,"path_per_floor":["M","?","?","?","M","E","M","T","T","M","$","R","M","M","R","B",null,"M","?","M","$","?","R","?","R","T","?","$","R","M","M","R"],"character_chosen":"DEFECT","items_purchased":["Ball Lightning","Magnetism","Static Discharge"],"campfire_rested":4,"item_purchase_floors":[11,11,11],"current_hp_per_floor":[65,65,65,62,62,19,31,38,38,42,42,42,39,42,64,48,75,57,57,34,34,20,44,28,52,52,46,46,46,41,36,60,0],"gold":91,"neow_bonus":"TWO_FIFTY_GOLD","is_prod":false,"is_daily":false,"chose_seed":false,"campfire_upgraded":2,"win_rate":0.0,"timestamp":1532129394,"path_taken":["M","?","?","?","M","E","M","?","T","M","$","R","?","M","R","BOSS","M","?","M","$","?","R","?","R","T","?","?","R","M","M","R","BOSS"],"build_version":"2018-07-19v2","purchased_purges":3,"victory":false,"max_hp_per_floor":[68,68,68,68,68,68,68,75,75,75,75,75,75,75,75,75,75,75,75,75,75,80,80,80,80,80,80,80,80,80,80,80,80],"card_choices":[{"not_picked":["Gash","Aggregate","Leap"],"picked":"SKIP","floor":1},{"not_picked":["Stack","Go for the Eyes"],"picked":"Genetic Algorithm","floor":5},{"not_picked":["Lockon","Leap","Scrape"],"picked":"SKIP","floor":6},{"not_picked":["Turbo","Stack"],"picked":"Double Energy","floor":7},{"not_picked":["Storm","Beam Cell","Coolheaded"],"picked":"Ball Lightning","floor":10},{"not_picked":["Heatsinks","Streamline","Chaos"],"picked":"Conserve Battery","floor":13},{"not_picked":["Chill","Blizzard","Coolheaded"],"picked":"Echo Form","floor":14},{"not_picked":["Thunder Strike","Machine Learning","Echo Form"],"picked":"Electrodynamics","floor":16},{"not_picked":["Heatsinks","Beam Cell","Lockon"],"picked":"Hologram+1","floor":18},{"not_picked":["Leap","Ball Lightning","Streamline"],"picked":"Sweeping Beam","floor":20},{"not_picked":["Coolheaded","Aggregate","Ball Lightning","Steam Power"],"picked":"SKIP","floor":30},{"not_picked":["Consume","Reprogram+1","Steam","Barrage"],"picked":"SKIP","floor":31}],"player_experience":54788,"relics_obtained":[{"floor":6,"key":"Meat on the Bone"},{"floor":8,"key":"Strawberry"},{"floor":9,"key":"Question Card"},{"floor":24,"key":"Necronomicon"},{"floor":26,"key":"Vajra"}],"event_choices":[{"event_name":"The Lab","player_choice":"Got Potions","floor":2,"damage_taken":0},{"event_name":"Living Wall","player_choice":"Forget","floor":3,"damage_taken":0},{"event_name":"Scrap Ooze","player_choice":"success","floor":4,"damage_taken":3},{"event_name":"Ghosts","player_choice":"Ignored","floor":19,"damage_taken":0},{"event_name":"Forgotten Altar","player_choice":"Shed Blood","floor":22,"damage_taken":0},{"event_name":"Cursed Tome","player_choice":"Obtained Book","floor":24,"damage_taken":0},{"event_name":"Nest","player_choice":"Joined the Cult","floor":27,"damage_taken":0}],"is_beta":false,"boss_relics":[{"not_picked":["Coffee Dripper","Velvet Choker"],"picked":"Nuclear Battery"}],"items_purged_floors":[11,21,28],"is_endless":false,"potions_floor_spawned":[5,7,10,20,30],"killed_by":"Automaton","ascension_level":0}