{"gold_per_floor":[368,26,101,114,34,34,52,82,129,129,140,140,0,33,33,135,135,150,150,170,184,201,201,201],"floor_reached":24,"playtime":2078,"items_purged":["Regret"],"score":319,"play_id":"6afaec23-f6b3-4251-a187-3ba1b6800a33","local_time":"20190509145536","is_ascension_mode":true,"campfire_choices":[{"data":"Footwork","floor":6.0,"key":"SMITH"},{"floor":10.0,"key":"REST"},{"floor":15.0,"key":"REST"},{"floor":23.0,"key":"REST"}],"neow_cost":"CURSE","seed_source_timestamp":0,"circlet_count":0,"master_deck":["AscendersBane","Defend_G","Defend_G","Defend_G","Defend_G","Defend_G","Strike_G","Strike_G","Strike_G","Strike_G","Strike_G","Survivor","Neutralize","Bouncing Flask","Footwork+1","Backstab","Footwork","PiercingWail","Deadly Poison","Finesse","Backflip","Burst","Skewer","Dodge and Roll+1","Backflip+1"],"special_seed":0,"relics":["Ring of the Snake","Chemical X","Art of War","PreservedInsect","Sundial","Potion Belt","Fusion Hammer"],"potions_floor_usage":[24,24,24,24],"damage_taken":[{"damage":4.0,"enemies":"2 Louse","floor":1.0,"turns":4.0},{"damage":0.0,"enemies":"Cultist","floor":4.0,"turns":4.0},{"damage":2.0,"enemies":"Jaw Worm","floor":7.0,"turns":3.0},{"damage":43.0,"enemies":"Gremlin Nob","floor":8.0,"turns":7.0},{"damage":4.0,"enemies":"Red Slaver","floor":11.0,"turns":4.0},{"damage":4.0,"enemies":"3 Sentries","floor":14.0,"turns":9.0},{"damage":17.0,"enemies":"The Guardian","floor":16.0,"turns":13.0},{"damage":0.0,"enemies":"Shell Parasite","floor":18.0,"turns":6.0},{"damage":0.0,"enemies":"3 Byrds","floor":20.0,"turns":7.0},{"damage":9.0,"enemies":"Snecko","floor":21.0,"turns":5.0},{"damage":45.0,"enemies":"3 Cultists","floor":22.0,"turns":8.0},{"damage":28,"enemies":"Gremlin Leader","floor":24,"turns":5}],"seed_played":"885496137237425498","potions_obtained":[{"floor":4.0,"key":"FearPotion"},{"floor":8.0,"key":"Strength Potion"},{"floor":11.0,"key":"Energy Potion"},{"floor":16.0,"key":"GamblersBrew"},{"floor":19.0,"key":"Energy Potion"},{"floor":19.0,"key":"SpeedPotion"},{"floor":22.0,"key":"Weak Potion"}],"is_trial":false,"path_per_floor":["M","$","?","M","$","R","M","E","T","R","M","?","$","E","R","B",null,"M","?","M","M","M","R","E"],"character_chosen":"THE_SILENT","items_purchased":["Footwork","Chemical X","Footwork","PiercingWail","Finesse","Backflip"],"campfire_rested":3,"item_purchase_floors":[2,2,5,5,13,13],"current_hp_per_floor":[59,59,52,52,52,52,50,7,7,28,24,17,17,13,34,17,57,57,57,57,48,3,24,0],"gold":201,"neow_bonus":"TWO_FIFTY_GOLD","is_prod":false,"is_daily":false,"chose_seed":false,"campfire_upgraded":1,"win_rate":0,"timestamp":1557438936,"path_taken":["M","$","?","M","$","R","M","E","T","R","?","?","$","E","R","BOSS","M","?","M","M","M","R","E"],"build_version":"2019-01-23","purchased_purges":1,"victory":false,"max_hp_per_floor":[70,70,70,70,70,70,70,70,70,70,70,70,70,70,70,70,70,70,70,70,70,70,70,70],"card_choices":[{"not_picked":["Distraction","All Out Attack"],"picked":"Bouncing Flask","floor":1.0},{"not_picked":["Slice","Deflect"],"picked":"Backstab","floor":4.0},{"not_picked":["Outmaneuver","Dagger Throw","Endless Agony"],"picked":"SKIP","floor":7.0},{"not_picked":["Riddle With Holes","Blade Dance","Sucker Punch"],"picked":"SKIP","floor":8.0},{"not_picked":["Accuracy","Choke"],"picked":"Deadly Poison","floor":11.0},{"not_picked":["Flechettes","Accuracy","Dagger Spray"],"picked":"SKIP","floor":14.0},{"not_picked":["A Thousand Cuts","Bullet Time"],"picked":"Burst","floor":16.0},{"not_picked":["Bane","Eviscerate"],"picked":"Skewer","floor":18.0},{"not_picked":["Underhanded Strike","Outmaneuver"],"picked":"Dodge and Roll+1","floor":20.0},{"not_picked":["Deflect","Poisoned Stab","Dodge and Roll"],"picked":"SKIP","floor":21.0},{"not_picked":["Sucker Punch","Underhanded Strike+1"],"picked":"Backflip+1","floor":22.0}],"player_experience":589587,"relics_obtained":[{"floor":8.0,"key":"Art of War"},{"floor":9.0,"key":"PreservedInsect"},{"floor":14.0,"key":"Potion Belt"}],"event_choices":[{"damage_healed":0.0,"max_hp_gain":0.0,"max_hp_loss":0.0,"gold_gain":75.0,"event_name":"FaceTrader","player_choice":"Touch","floor":3.0,"gold_loss":0.0,"damage_taken":7.0},{"damage_healed":0.0,"max_hp_gain":0.0,"max_hp_loss":0.0,"gold_gain":0.0,"event_name":"Scrap Ooze","player_choice":"Success","floor":12.0,"gold_loss":0.0,"damage_taken":7.0,"relics_obtained":["Sundial"]},{"damage_healed":0.0,"max_hp_gain":0.0,"max_hp_loss":0.0,"gold_gain":0.0,"event_name":"Lab","player_choice":"Got Potions","floor":19.0,"gold_loss":0.0,"damage_taken":0.0}],"is_beta":false,"boss_relics":[{"not_picked":["Philosopher\u0027s Stone","Calling Bell"],"picked":"Fusion Hammer"}],"items_purged_floors":[2],"is_endless":false,"potions_floor_spawned":[4,8,11,16,20,22],"killed_by":"Gremlin Leader","ascension_level":11}