{"gold_per_floor":[118,135,148,148,164,189,217,229,268,10,28,51,65,75,75,174,174,189,24,24],"floor_reached":20,"playtime":1104,"items_purged":["Strike_R"],"score":178,"play_id":"334ba87a-19b3-4e3e-8876-860837a40105","local_time":"20181130220855","is_ascension_mode":false,"campfire_choices":[{"floor":8,"key":"REST"},{"data":"Metamorphosis","floor":15,"key":"SMITH"}],"neow_cost":"NONE","seed_source_timestamp":1167843542835496,"circlet_count":0,"master_deck":["Strike_R","Strike_R","Strike_R","Strike_R","Defend_R","Defend_R","Defend_R+1","Defend_R","Bash","Dual Wield+1","Armaments","Heavy Blade","Inflame","Cleave","Metamorphosis+1","Body Slam","Pommel Strike","Immolate","Parasite","Doubt","Doubt","Shrug It Off+1","Entrench+1","Ghostly Armor+1"],"relics":["Burning Blood","NeowsBlessing","MawBank","Oddly Smooth Stone","Calling Bell","Toxic Egg 2","Incense Burner","Red Skull"],"potions_floor_usage":[6,7,16,16],"damage_taken":[{"damage":0,"enemies":"Cultist","floor":1,"turns":1},{"damage":0,"enemies":"2 Louse","floor":2,"turns":1},{"damage":0,"enemies":"Jaw Worm","floor":3,"turns":1},{"damage":13,"enemies":"Exordium Wildlife","floor":5,"turns":6},{"damage":40,"enemies":"3 Sentries","floor":6,"turns":9},{"damage":9,"enemies":"3 Louse","floor":7,"turns":4},{"damage":7,"enemies":"2 Fungi Beasts","floor":11,"turns":4},{"damage":16,"enemies":"Gremlin Gang","floor":13,"turns":3},{"damage":3,"enemies":"Looter","floor":14,"turns":4},{"damage":27,"enemies":"The Guardian","floor":16,"turns":13},{"damage":62,"enemies":"2 Thieves","floor":18,"turns":4},{"damage":26,"enemies":"Shell Parasite","floor":20,"turns":5}],"seed_played":"8780779631113891732","potions_obtained":[{"floor":1,"key":"SpeedPotion"},{"floor":2,"key":"Dexterity Potion"},{"floor":13,"key":"EssenceOfSteel"},{"floor":14,"key":"Explosive Potion"}],"is_trial":false,"path_per_floor":["M","M","M","?","M","E","M","R","T","$","M","T","M","M","R","B",null,"M","$","M"],"character_chosen":"IRONCLAD","items_purchased":["Metamorphosis","Entrench+1","Ghostly Armor+1","SteroidPotion"],"campfire_rested":1,"item_purchase_floors":[10,19,19,19],"current_hp_per_floor":[80,80,80,64,57,23,20,44,44,44,43,43,33,36,36,15,80,24,24,0],"gold":24,"neow_bonus":"THREE_ENEMY_KILL","is_prod":false,"is_daily":false,"chose_seed":false,"campfire_upgraded":1,"win_rate":0,"timestamp":1543612135,"path_taken":["M","?","M","?","M","E","M","R","T","$","M","?","?","M","R","BOSS","M","$","M"],"build_version":"2018-11-15","purchased_purges":1,"victory":false,"max_hp_per_floor":[80,80,80,80,80,80,80,80,80,80,80,80,80,80,80,80,80,80,80,80],"card_choices":[{"not_picked":["Thunderclap","Iron Wave"],"picked":"Dual Wield","floor":1},{"not_picked":["Warcry","Heavy Blade"],"picked":"Armaments","floor":2},{"not_picked":["Armaments","Clothesline"],"picked":"Heavy Blade","floor":3},{"not_picked":["Iron Wave","Combust"],"picked":"Inflame","floor":5},{"not_picked":["Havoc","Fiend Fire","Burning Pact"],"picked":"SKIP","floor":6},{"not_picked":["Power Through","Iron Wave"],"picked":"Cleave","floor":7},{"not_picked":["Cleave","Sword Boomerang"],"picked":"Body Slam","floor":11},{"not_picked":["Feel No Pain","Reckless Charge","Iron Wave"],"picked":"SKIP","floor":13},{"not_picked":["Evolve","Anger"],"picked":"Pommel Strike","floor":14},{"not_picked":["Juggernaut","Bludgeon"],"picked":"Immolate","floor":16},{"not_picked":["Anger","Corruption+1"],"picked":"Shrug It Off+1","floor":18}],"player_experience":260002,"relics_obtained":[{"floor":6,"key":"MawBank"},{"floor":12,"key":"Oddly Smooth Stone"},{"floor":17,"key":"Toxic Egg 2"},{"floor":17,"key":"Incense Burner"},{"floor":17,"key":"Red Skull"}],"event_choices":[{"damage_healed":0,"gold_gain":0,"player_choice":"Entered Light","damage_taken":16,"max_hp_gain":0,"max_hp_loss":0,"event_name":"Shining Light","floor":4,"gold_loss":0,"cards_upgraded":["Defend_R","Dual Wield"]}],"is_beta":true,"boss_relics":[{"not_picked":["Fusion Hammer","Philosopher\u0027s Stone"],"picked":"Calling Bell"}],"items_purged_floors":[10],"is_endless":false,"potions_floor_spawned":[1,2,13,14],"killed_by":"Shell Parasite","ascension_level":0}