{"gold_per_floor":[118,118,43,43,61,61,91,91,91,68,68,79,79,94,94,190,190,201,216,63,82,181,181],"floor_reached":23,"playtime":2209,"items_purged":["Strike_R","Strike_R"],"score":189,"play_id":"e3fe975d-b0e5-4f79-b590-2fb4300ce07a","local_time":"20190606233515","is_ascension_mode":false,"campfire_choices":[{"data":"Sword Boomerang","floor":6,"key":"SMITH"},{"floor":8,"key":"REST"},{"data":"Warcry","floor":13,"key":"SMITH"},{"data":"Infernal Blade","floor":15,"key":"SMITH"}],"neow_cost":"TEN_PERCENT_HP_LOSS","seed_source_timestamp":228268037632300,"circlet_count":0,"master_deck":["Strike_R","Defend_R","Defend_R","Defend_R","Bash","Sword Boomerang+1","Clothesline","Warcry+1","Infernal Blade+1","Juggernaut","Armaments","Evolve","True Grit","Flex+1"],"relics":["Burning Blood","Torii","Shuriken","Self Forming Clay","Philosopher\u0027s Stone"],"potions_floor_usage":[21,21,21],"damage_taken":[{"damage":2,"enemies":"2 Louse","floor":1,"turns":4},{"damage":0,"enemies":"Small Slimes","floor":5,"turns":3},{"damage":38,"enemies":"Lagavulin","floor":7,"turns":9},{"damage":1,"enemies":"Cultist","floor":12,"turns":3},{"damage":17,"enemies":"Large Slime","floor":14,"turns":4},{"damage":33,"enemies":"Hexaghost","floor":16,"turns":13},{"damage":7,"enemies":"3 Byrds","floor":18,"turns":4},{"damage":15,"enemies":"2 Thieves","floor":19,"turns":3},{"damage":21,"enemies":"3 Cultists","floor":21,"turns":5},{"damage":52,"enemies":"Slavers","floor":23,"turns":4}],"seed_played":"-4699847932257151231","potions_obtained":[{"floor":7,"key":"Block Potion"},{"floor":14,"key":"SpeedPotion"},{"floor":16,"key":"Swift Potion"}],"is_trial":false,"path_per_floor":["M","?","$","?","M","R","E","R","T","?","?","M","R","M","R","B",null,"M","M","$","M","?","E"],"character_chosen":"IRONCLAD","items_purchased":["True Grit"],"campfire_rested":1,"item_purchase_floors":[20],"current_hp_per_floor":[72,65,65,58,64,64,32,53,53,53,53,58,58,47,47,20,72,71,62,62,47,47,0],"gold":181,"neow_bonus":"REMOVE_TWO","is_prod":false,"is_daily":false,"chose_seed":false,"campfire_upgraded":3,"win_rate":0,"timestamp":1559831715,"path_taken":["M","?","$","?","M","R","E","R","T","?","?","M","R","M","R","BOSS","M","M","$","M","?","E"],"build_version":"2019-01-23","purchased_purges":2,"victory":false,"max_hp_per_floor":[72,72,72,72,72,72,72,72,72,72,72,72,72,72,72,72,72,72,72,72,72,72,72],"card_choices":[{"not_picked":["Hemokinesis","Heavy Blade"],"picked":"Sword Boomerang","floor":1},{"not_picked":["Havoc","Body Slam"],"picked":"Clothesline","floor":5},{"not_picked":["Warcry","Body Slam"],"picked":"Anger","floor":7},{"not_picked":["Uppercut","Perfected Strike","Warcry"],"picked":"SKIP","floor":12},{"not_picked":["Pommel Strike","Headbutt"],"picked":"Infernal Blade","floor":14},{"not_picked":["Bludgeon","Berserk"],"picked":"Juggernaut","floor":16},{"not_picked":["Ghostly Armor","Shrug It Off"],"picked":"Armaments","floor":18},{"not_picked":["Flame Barrier+1","Iron Wave"],"picked":"Evolve","floor":19},{"not_picked":["Clothesline","Havoc"],"picked":"Flex+1","floor":21}],"player_experience":58628,"relics_obtained":[{"floor":7,"key":"Shuriken"},{"floor":9,"key":"Self Forming Clay"}],"event_choices":[{"cards_removed":["Strike_R"],"damage_healed":0,"gold_gain":0,"player_choice":"Card Removal","damage_taken":7,"max_hp_gain":0,"max_hp_loss":0,"event_name":"Golden Wing","floor":2,"gold_loss":0},{"damage_healed":0,"gold_gain":0,"player_choice":"Success","damage_taken":7,"relics_obtained":["Torii"],"max_hp_gain":0,"max_hp_loss":0,"event_name":"Scrap Ooze","floor":4,"gold_loss":0},{"damage_healed":0,"gold_gain":0,"player_choice":"Left Gold","damage_taken":0,"max_hp_gain":0,"max_hp_loss":0,"event_name":"World of Goop","floor":10,"gold_loss":23},{"damage_healed":0,"gold_gain":0,"cards_transformed":["Anger"],"player_choice":"Change","damage_taken":0,"max_hp_gain":0,"max_hp_loss":0,"event_name":"Living Wall","floor":11,"gold_loss":0,"cards_obtained":["Warcry"]},{"damage_healed":0,"gold_gain":99,"player_choice":"Stole From Cult","damage_taken":0,"max_hp_gain":0,"max_hp_loss":0,"event_name":"Nest","floor":22,"gold_loss":0}],"is_beta":false,"boss_relics":[{"not_picked":["Orrery","Lizard Tail"],"picked":"Philosopher\u0027s Stone"}],"items_purged_floors":[3,20],"is_endless":false,"potions_floor_spawned":[7,14,16,19],"killed_by":"Slavers","ascension_level":0}