{"gold_per_floor":[17,31,206,217,237,265,265,294,294,311,261,261,279,310,310,410,410,426,21,21,38,50,50,67,67,67,67,67,167,185,197,197,299,349,363,363,379,86,96,122,122,154,154,154,164,164,177,187,187,187,187,187,31,64,64],"floor_reached":55,"playtime":8091,"items_purged":["Defend_G"],"score":945,"play_id":"ed974b95-42f1-487a-93cf-5901df4d2715","local_time":"20190417161205","is_ascension_mode":true,"campfire_choices":[{"floor":7.0,"key":"DIG"},{"floor":12.0,"key":"REST"},{"floor":15.0,"key":"DIG"},{"floor":23.0,"key":"DIG"},{"floor":25.0,"key":"REST"},{"floor":27.0,"key":"DIG"},{"data":"Footwork","floor":32.0,"key":"SMITH"},{"floor":41.0,"key":"DIG"},{"floor":44.0,"key":"RECALL"},{"floor":46.0,"key":"REST"},{"floor":49.0,"key":"REST"},{"data":"Caltrops","floor":52.0,"key":"SMITH"}],"neow_cost":"NO_GOLD","seed_source_timestamp":0,"circlet_count":0,"master_deck":["Defend_G","Defend_G","Strike_G","Strike_G","Strike_G","Survivor","Neutralize","Dodge and Roll","Deadly Poison","Cloak And Dagger","Footwork+1","Blur","Burst+1","Footwork","Doppelganger","Finisher+1","Prepared+1","Blur+1","Backflip+1","Caltrops+1","Malaise","The Bomb","Footwork","Noxious Fumes","Noxious Fumes","Crippling Poison","Die Die Die","Acrobatics+1","Well Laid Plans","Escape Plan","Footwork+1","Noxious Fumes+1","Footwork+1","Dodge and Roll"],"special_seed":0,"relics":["Ring of the Snake","Shovel","Bottled Tornado","Letter Opener","Odd Mushroom","Matryoshka","Ginger","Bird Faced Urn","Astrolabe","Sundial","Strawberry","Bottled Flame","Tiny House","Art of War","Mercury Hourglass","Omamori","Vajra","Bottled Lightning","Ornamental Fan","Snake Skull","Mango"],"potions_floor_usage":[],"damage_taken":[{"damage":0.0,"enemies":"Small Slimes","floor":1.0,"turns":3.0},{"damage":0.0,"enemies":"2 Louse","floor":2.0,"turns":3.0},{"damage":0.0,"enemies":"Cultist","floor":4.0,"turns":5.0},{"damage":0.0,"enemies":"Blue Slaver","floor":5.0,"turns":5.0},{"damage":32.0,"enemies":"Lagavulin","floor":6.0,"turns":11.0},{"damage":6.0,"enemies":"The Mushroom Lair","floor":8.0,"turns":5.0},{"damage":2.0,"enemies":"Large Slime","floor":10.0,"turns":9.0},{"damage":0.0,"enemies":"Red Slaver","floor":13.0,"turns":5.0},{"damage":12.0,"enemies":"3 Sentries","floor":14.0,"turns":11.0},{"damage":24.0,"enemies":"The Guardian","floor":16.0,"turns":16.0},{"damage":13.0,"enemies":"Chosen","floor":18.0,"turns":9.0},{"damage":9.0,"enemies":"Spheric Guardian","floor":21.0,"turns":13.0},{"damage":30.0,"enemies":"3 Cultists","floor":22.0,"turns":6.0},{"damage":22.0,"enemies":"Cultist and Chosen","floor":24.0,"turns":7.0},{"damage":11.0,"enemies":"Snake Plant","floor":30.0,"turns":6.0},{"damage":5.0,"enemies":"Snecko","floor":31.0,"turns":3.0},{"damage":10.0,"enemies":"Collector","floor":33.0,"turns":11.0},{"damage":14.0,"enemies":"3 Shapes","floor":35.0,"turns":3.0},{"damage":32.0,"enemies":"3 Darklings","floor":37.0,"turns":5.0},{"damage":1.0,"enemies":"Maw","floor":39.0,"turns":11.0},{"damage":0.0,"enemies":"Giant Head","floor":40.0,"turns":12.0},{"damage":20.0,"enemies":"Nemesis","floor":42.0,"turns":13.0},{"damage":66.0,"enemies":"Transient","floor":45.0,"turns":5.0},{"damage":9.0,"enemies":"Sphere and 2 Shapes","floor":47.0,"turns":8.0},{"damage":15.0,"enemies":"Writhing Mass","floor":48.0,"turns":9.0},{"damage":79.0,"enemies":"Awakened One","floor":50.0,"turns":22.0},{"damage":78.0,"enemies":"Shield and Spear","floor":54.0,"turns":8.0},{"damage":47,"enemies":"The Heart","floor":55,"turns":2}],"seed_played":"154428246159965185","potions_obtained":[{"floor":2.0,"key":"LiquidBronze"},{"floor":10.0,"key":"FearPotion"},{"floor":14.0,"key":"Regen Potion"},{"floor":16.0,"key":"Fire Potion"},{"floor":24.0,"key":"AttackPotion"},{"floor":30.0,"key":"Weak Potion"},{"floor":33.0,"key":"EssenceOfSteel"},{"floor":34.0,"key":"Strength Potion"},{"floor":37.0,"key":"SkillPotion"},{"floor":40.0,"key":"FearPotion"},{"floor":47.0,"key":"Dexterity Potion"},{"floor":48.0,"key":"GhostInAJar"},{"floor":54.0,"key":"Strength Potion"}],"is_trial":false,"path_per_floor":["M","M","?","M","M","E","R","?","T","M","?","R","M","E","R","B",null,"M","$","?","M","M","R","M","R","T","R","?","?","M","M","R","B",null,"M","?","M","$","M","E","R","E","T","R","M","R","M","M","R","B",null,"R","$","E","B"],"character_chosen":"THE_SILENT","items_purchased":["Caltrops","Malaise","The Bomb","Well Laid Plans","Art of War","Escape Plan","Snake Skull"],"campfire_rested":4,"item_purchase_floors":[19,19,19,38,38,38,53],"current_hp_per_floor":[70,70,70,70,70,38,38,32,32,30,30,51,51,39,39,19,57,57,57,57,54,32,32,18,39,46,46,46,46,45,42,42,44,74,68,68,46,46,59,75,75,73,73,73,17,41,52,57,81,21,67,67,67,23,0],"gold":64,"neow_bonus":"ONE_RARE_RELIC","is_prod":false,"is_daily":false,"chose_seed":false,"campfire_upgraded":2,"win_rate":0,"timestamp":1555542725,"path_taken":["M","M","?","M","M","E","R","?","T","M","?","R","M","E","R","BOSS","M","$","?","?","M","R","M","R","T","R","?","?","M","M","R","BOSS","M","?","M","$","M","E","R","E","T","R","M","R","M","?","R","BOSS","R","$","E","BOSS"],"build_version":"2019-01-23","purchased_purges":1,"victory":false,"max_hp_per_floor":[70,70,70,70,70,70,70,70,70,70,70,70,70,70,70,70,70,70,70,70,70,70,70,70,70,77,77,77,77,77,77,77,77,82,82,82,82,82,82,82,82,82,82,82,82,82,82,82,82,82,82,82,82,96,96],"card_choices":[{"not_picked":["Dagger Spray","Dagger Throw"],"picked":"Dodge and Roll","floor":1.0},{"not_picked":["Underhanded Strike","Prepared"],"picked":"Deadly Poison","floor":2.0},{"not_picked":["Underhanded Strike","Prepared"],"picked":"Cloak And Dagger","floor":4.0},{"not_picked":["Dagger Spray","Cloak And Dagger"],"picked":"Footwork","floor":5.0},{"not_picked":["Crippling Poison","Flechettes"],"picked":"Blur","floor":6.0},{"not_picked":["Dash","Flying Knee"],"picked":"Burst","floor":8.0},{"not_picked":["Outmaneuver","Dagger Throw","Dodge and Roll"],"picked":"SKIP","floor":10.0},{"not_picked":["Setup","Concentrate"],"picked":"Footwork","floor":13.0},{"not_picked":["Distraction","Phantasmal Killer","Slice"],"picked":"SKIP","floor":14.0},{"not_picked":["Bullet Time","Grand Finale"],"picked":"Doppelganger","floor":16.0},{"not_picked":["Outmaneuver+1","Dodge and Roll+1"],"picked":"Backflip","floor":18.0},{"not_picked":["Leg Sweep","Terror+1"],"picked":"Footwork","floor":21.0},{"not_picked":["Die Die Die","Acrobatics+1"],"picked":"Noxious Fumes","floor":22.0},{"not_picked":["All Out Attack+1","Sucker Punch","Dagger Throw"],"picked":"SKIP","floor":24.0},{"not_picked":["Slice","Quick Slash"],"picked":"Noxious Fumes","floor":30.0},{"not_picked":["Tactician","Dagger Throw+1"],"picked":"Crippling Poison","floor":31.0},{"not_picked":["Tools of the Trade","Night Terror"],"picked":"Die Die Die","floor":33.0},{"not_picked":["Flechettes","Outmaneuver+1"],"picked":"Acrobatics+1","floor":34.0},{"not_picked":["Quick Slash+1","Prepared+1","Acrobatics"],"picked":"SKIP","floor":35.0},{"not_picked":["Sucker Punch+1","Acrobatics","Deadly Poison"],"picked":"SKIP","floor":37.0},{"not_picked":["Caltrops","Corpse Explosion"],"picked":"Footwork+1","floor":39.0},{"not_picked":["Prepared","Blade Dance+1"],"picked":"Noxious Fumes+1","floor":40.0},{"not_picked":["Acrobatics","Expertise+1","Reflex+1"],"picked":"SKIP","floor":42.0},{"not_picked":["Backflip+1","Choke+1"],"picked":"Footwork+1","floor":45.0},{"not_picked":["Dagger Throw","Glass Knife","Acrobatics+1"],"picked":"SKIP","floor":47.0},{"not_picked":["Finisher+1","Dagger Throw+1","Tactician+1"],"picked":"SKIP","floor":48.0},{"not_picked":["Crippling Poison","Expertise"],"picked":"Dodge and Roll","floor":54.0}],"player_experience":458342,"relics_obtained":[{"floor":6.0,"key":"Bottled Tornado"},{"floor":7.0,"key":"Letter Opener"},{"floor":8.0,"key":"Odd Mushroom"},{"floor":9.0,"key":"Matryoshka"},{"floor":14.0,"key":"Ginger"},{"floor":15.0,"key":"Bird Faced Urn"},{"floor":23.0,"key":"Sundial"},{"floor":26.0,"key":"Strawberry"},{"floor":27.0,"key":"Bottled Flame"},{"floor":40.0,"key":"Mercury Hourglass"},{"floor":41.0,"key":"Omamori"},{"floor":42.0,"key":"Vajra"},{"floor":43.0,"key":"Bottled Lightning"},{"floor":43.0,"key":"Ornamental Fan"},{"floor":54.0,"key":"Mango"}],"event_choices":[{"damage_healed":0.0,"max_hp_gain":0.0,"max_hp_loss":0.0,"gold_gain":175.0,"event_name":"Liars Game","player_choice":"AGREE","floor":3.0,"gold_loss":0.0,"damage_taken":0.0,"cards_obtained":["Doubt"]},{"damage_healed":0.0,"max_hp_gain":0.0,"max_hp_loss":0.0,"gold_gain":0.0,"event_name":"Mushrooms","player_choice":"Fought Mushrooms","floor":8.0,"gold_loss":0.0,"damage_taken":0.0},{"cards_removed":["Doubt"],"damage_healed":0.0,"max_hp_gain":0.0,"max_hp_loss":0.0,"gold_gain":0.0,"event_name":"The Cleric","player_choice":"Card Removal","floor":11.0,"gold_loss":50.0,"damage_taken":0.0},{"damage_healed":0.0,"max_hp_gain":0.0,"max_hp_loss":0.0,"gold_gain":0.0,"cards_transformed":["Defend_G"],"event_name":"Transmorgrifier","player_choice":"Transformed","floor":20.0,"gold_loss":0.0,"damage_taken":0.0,"cards_obtained":["Finisher"]},{"cards_removed":["Finisher"],"damage_healed":0.0,"max_hp_gain":0.0,"max_hp_loss":0.0,"gold_gain":0.0,"event_name":"Back to Basics","player_choice":"Elegance","floor":28.0,"gold_loss":0.0,"damage_taken":0.0},{"damage_healed":0.0,"max_hp_gain":0.0,"max_hp_loss":0.0,"gold_gain":100.0,"event_name":"Golden Shrine","player_choice":"Pray","floor":29.0,"gold_loss":0.0,"damage_taken":0.0},{"damage_healed":0.0,"max_hp_gain":0.0,"max_hp_loss":0.0,"gold_gain":0.0,"event_name":"Accursed Blacksmith","player_choice":"Forge","floor":36.0,"gold_loss":0.0,"damage_taken":0.0,"cards_upgraded":["Burst"]}],"is_beta":false,"boss_relics":[{"not_picked":["Sozu","Cursed Key"],"picked":"Astrolabe"},{"not_picked":["Lizard Tail","Snecko Eye"],"picked":"Tiny House"}],"items_purged_floors":[19],"is_endless":false,"potions_floor_spawned":[2,10,14,16,24,30,33,37,40,47,48,54],"killed_by":"The Heart","ascension_level":5}