{"gold_per_floor":[114,130,143,154,168,168,193,158,158,44,69,69,98,98,98,98],"floor_reached":16,"playtime":973,"items_purged":["Strike_R"],"score":222,"play_id":"326b1ba9-0147-4042-b96f-48fb803af5b5","local_time":"20190605131440","is_ascension_mode":true,"campfire_choices":[{"data":"Armaments","floor":6.0,"key":"SMITH"},{"floor":12.0,"key":"REST"},{"data":"Disarm","floor":15.0,"key":"SMITH"}],"neow_cost":"NONE","seed_source_timestamp":0,"circlet_count":0,"master_deck":["AscendersBane","Strike_R","Strike_R","Strike_R","Strike_R","Defend_R","Defend_R","Defend_R","Defend_R","Bash","Sword Boomerang","Shrug It Off","Warcry","Power Through","Armaments+1","Disarm+1","Flame Barrier","Burning Pact","Shrug It Off"],"special_seed":0,"relics":["Burning Blood","Art of War","Bird Faced Urn","Ginger","Pocketwatch","Gremlin Horn"],"potions_floor_usage":[],"damage_taken":[{"damage":12.0,"enemies":"Cultist","floor":1.0,"turns":4.0},{"damage":9.0,"enemies":"Jaw Worm","floor":2.0,"turns":4.0},{"damage":14.0,"enemies":"Small Slimes","floor":3.0,"turns":4.0},{"damage":16.0,"enemies":"3 Louse","floor":4.0,"turns":5.0},{"damage":15.0,"enemies":"Large Slime","floor":5.0,"turns":9.0},{"damage":25.0,"enemies":"Lagavulin","floor":7.0,"turns":13.0},{"damage":24.0,"enemies":"3 Sentries","floor":11.0,"turns":12.0},{"damage":5.0,"enemies":"Lagavulin","floor":13.0,"turns":12.0},{"damage":36,"enemies":"Slime Boss","floor":16,"turns":11}],"seed_played":"-2216143487521341937","potions_obtained":[{"floor":1.0,"key":"Weak Potion"},{"floor":7.0,"key":"AttackPotion"}],"is_trial":false,"path_per_floor":["M","M","M","M","M","R","E","?","T","$","E","R","E","?","R","B"],"character_chosen":"IRONCLAD","items_purchased":["Flame Barrier"],"campfire_rested":1,"item_purchase_floors":[10],"current_hp_per_floor":[62,59,51,41,32,32,13,31,31,31,13,35,36,36,36,0],"gold":98,"neow_bonus":"RANDOM_COMMON_RELIC","is_prod":false,"is_daily":false,"chose_seed":false,"campfire_upgraded":2,"win_rate":0,"timestamp":1559765680,"path_taken":["M","M","M","M","?","R","E","?","T","?","E","R","E","?","R","BOSS"],"build_version":"2019-01-23","purchased_purges":1,"victory":false,"max_hp_per_floor":[75,75,75,75,75,75,75,75,75,75,75,75,75,75,75,75],"card_choices":[{"not_picked":["Fire Breathing","Clash"],"picked":"Sword Boomerang","floor":1.0},{"not_picked":["Havoc","Anger"],"picked":"Shrug It Off","floor":2.0},{"not_picked":["Heavy Blade","Clash"],"picked":"Warcry","floor":3.0},{"not_picked":["Body Slam","Twin Strike"],"picked":"Power Through","floor":4.0},{"not_picked":["Body Slam","Perfected Strike"],"picked":"Armaments","floor":5.0},{"not_picked":["Anger","Iron Wave"],"picked":"Disarm","floor":7.0},{"not_picked":["Rampage","Headbutt"],"picked":"Burning Pact","floor":11.0},{"not_picked":["Sentinel","Clash"],"picked":"Shrug It Off","floor":13.0}],"player_experience":807797,"relics_obtained":[{"floor":7.0,"key":"Bird Faced Urn"},{"floor":9.0,"key":"Ginger"},{"floor":11.0,"key":"Pocketwatch"},{"floor":13.0,"key":"Gremlin Horn"}],"event_choices":[{"damage_healed":18.0,"max_hp_gain":0.0,"max_hp_loss":0.0,"gold_gain":0.0,"event_name":"The Cleric","player_choice":"Healed","floor":8.0,"gold_loss":35.0,"damage_taken":0.0},{"damage_healed":0.0,"max_hp_gain":0.0,"max_hp_loss":0.0,"gold_gain":0.0,"event_name":"Scrap Ooze","player_choice":"Fled","floor":14.0,"gold_loss":0.0,"damage_taken":0.0}],"is_beta":false,"boss_relics":[],"items_purged_floors":[10],"is_endless":false,"potions_floor_spawned":[1,7],"killed_by":"Slime Boss","ascension_level":17}