{"gold_per_floor":[117,65,65,140,13,41,57,76,76,76,76,76,76,87,87,188,188,201,201,18,18,33,50,50],"floor_reached":24,"playtime":1092,"items_purged":["Strike_R","Strike_R"],"score":274,"play_id":"d8895866-bc00-43bf-b43f-0aa4d1367cf8","local_time":"20190522185927","is_ascension_mode":true,"campfire_choices":[{"data":"Armaments","floor":10,"key":"SMITH"},{"floor":13,"key":"RECALL"},{"data":"Ghostly Armor","floor":15,"key":"SMITH"}],"neow_cost":"NONE","seed_source_timestamp":329541681891400,"circlet_count":0,"master_deck":["Strike_R","Strike_R","Defend_R","Defend_R","Defend_R+1","Defend_R+1","Bash","Dropkick","Armaments+1","Body Slam+1","Ghostly Armor+1","Shrug It Off","Exhume","Shrug It Off","Madness","Power Through+1"],"relics":["Burning Blood","NeowsBlessing","Molten Egg 2","Black Star"],"potions_floor_usage":[16,16,23],"damage_taken":[{"damage":0,"enemies":"Cultist","floor":1,"turns":1},{"damage":0,"enemies":"3 Sentries","floor":6,"turns":2},{"damage":0,"enemies":"Jaw Worm","floor":7,"turns":1},{"damage":3,"enemies":"Small Slimes","floor":8,"turns":3},{"damage":0,"enemies":"Blue Slaver","floor":14,"turns":4},{"damage":12,"enemies":"Hexaghost","floor":16,"turns":8},{"damage":0,"enemies":"Chosen","floor":18,"turns":6},{"damage":4,"enemies":"Shell Parasite","floor":22,"turns":6},{"damage":49,"enemies":"Sentry and Sphere","floor":23,"turns":20},{"damage":44,"enemies":"Book of Stabbing","floor":24,"turns":7}],"seed_played":"-3163915909816717536","potions_obtained":[{"floor":1,"key":"EssenceOfSteel"},{"floor":7,"key":"SkillPotion"}],"is_trial":false,"path_per_floor":["M","$","$","?","$","E","M","M","T","R","?","?","R","M","R","B",null,"M","?","$","?","M","M","E"],"character_chosen":"IRONCLAD","items_purchased":["Armaments","PowerPotion","Madness"],"campfire_rested":0,"item_purchase_floors":[2,5,20],"current_hp_per_floor":[80,80,80,69,69,75,80,80,80,80,80,64,64,70,70,64,76,80,65,65,85,85,42,0],"gold":50,"neow_bonus":"THREE_ENEMY_KILL","is_prod":false,"is_daily":false,"chose_seed":false,"campfire_upgraded":2,"win_rate":0,"timestamp":1558544367,"path_taken":["M","?","$","?","$","E","M","M","T","R","?","?","R","?","R","BOSS","M","?","$","?","M","M","E"],"build_version":"2019-05-07","purchased_purges":2,"victory":false,"max_hp_per_floor":[80,80,80,80,80,80,80,80,80,80,80,80,80,80,80,80,80,80,85,85,85,85,85,85],"card_choices":[{"not_picked":["Hemokinesis","Blood for Blood"],"picked":"Dropkick","floor":1},{"not_picked":["Sword Boomerang","Wild Strike"],"picked":"Body Slam","floor":6},{"not_picked":["Clothesline+1","Infernal Blade"],"picked":"Inflame","floor":7},{"not_picked":["Headbutt+1","Armaments"],"picked":"Ghostly Armor","floor":8},{"not_picked":["Corruption","Clothesline+1"],"picked":"Shrug It Off","floor":14},{"not_picked":["Feed+1","Bludgeon+1"],"picked":"Exhume","floor":16},{"not_picked":["Dropkick+1","Blood for Blood+1"],"picked":"Shrug It Off","floor":18},{"not_picked":["Burning Pact","True Grit","Shrug It Off"],"picked":"SKIP","floor":22},{"not_picked":["Warcry","Disarm+1"],"picked":"Power Through+1","floor":23}],"player_experience":324543,"relics_obtained":[{"floor":6,"key":"Molten Egg 2"}],"event_choices":[{"damage_healed":0,"gold_gain":75,"player_choice":"Gather Gold","damage_taken":11,"max_hp_gain":0,"max_hp_loss":0,"event_name":"World of Goop","floor":4,"gold_loss":0},{"cards_removed":["Strike_R"],"damage_healed":0,"gold_gain":0,"player_choice":"Forget","damage_taken":0,"max_hp_gain":0,"max_hp_loss":0,"event_name":"Living Wall","floor":11,"gold_loss":0},{"damage_healed":0,"gold_gain":0,"player_choice":"Entered Light","damage_taken":16,"max_hp_gain":0,"max_hp_loss":0,"event_name":"Shining Light","floor":12,"gold_loss":0,"cards_upgraded":["Defend_R","Defend_R"]},{"damage_healed":0,"gold_gain":0,"player_choice":"Shed Blood","damage_taken":20,"max_hp_gain":5,"max_hp_loss":0,"event_name":"Forgotten Altar","floor":19,"gold_loss":0},{"cards_removed":["Inflame"],"damage_healed":20,"gold_gain":0,"player_choice":"Offered Uncommon","damage_taken":0,"max_hp_gain":0,"max_hp_loss":0,"event_name":"Bonfire Elementals","floor":21,"gold_loss":0}],"is_beta":true,"boss_relics":[{"not_picked":["Busted Crown","Calling Bell"],"picked":"Black Star"}],"items_purged_floors":[5,20],"is_endless":false,"potions_floor_spawned":[1,7],"killed_by":"Book of Stabbing","ascension_level":5}