{"gold_per_floor":[110,110,60,73,148,175,195,195,195,212,237,253,285,297,297,401,401,421,441,1,14,14,14,32,49,49,49],"floor_reached":27,"playtime":2410,"items_purged":["Strike_B"],"score":288,"play_id":"c8895f1a-8545-40e1-a2ae-7e6843d9fa9d","local_time":"20181025182402","is_ascension_mode":true,"campfire_choices":[{"data":"Streamline","floor":8,"key":"SMITH"},{"floor":15,"key":"REST"},{"floor":23,"key":"REST"}],"neow_cost":"NONE","seed_source_timestamp":644621691989101,"circlet_count":0,"master_deck":["Strike_B","Strike_B","Defend_B","Defend_B","Defend_B","Defend_B","Zap","Dualcast","Sweeping Beam","Leap","Genetic Algorithm","Streamline+1","FTL","Coolheaded","Auto Shields","Compile Driver","Amplify","Defragment","Conserve Battery+1","Echo Form","Cold Snap","White Noise","Capacitor","Electrodynamics","Ball Lightning"],"relics":["Cracked Core","NeowsBlessing","Bottled Lightning","Vajra","Gremlin Horn","Dream Catcher","Lizard Tail","Omamori","Girya"],"potions_floor_usage":[11,14,22,24,27],"damage_taken":[{"damage":0,"enemies":"Small Slimes","floor":1,"turns":1},{"damage":0,"enemies":"Cultist","floor":4,"turns":1},{"damage":0,"enemies":"Lagavulin","floor":6,"turns":1},{"damage":0,"enemies":"2 Louse","floor":7,"turns":2},{"damage":6,"enemies":"Looter","floor":10,"turns":3},{"damage":14,"enemies":"Gremlin Nob","floor":11,"turns":3},{"damage":2,"enemies":"Lots of Slimes","floor":12,"turns":3},{"damage":17,"enemies":"3 Sentries","floor":13,"turns":6},{"damage":0,"enemies":"Blue Slaver","floor":14,"turns":3},{"damage":28,"enemies":"The Guardian","floor":16,"turns":15},{"damage":16,"enemies":"3 Byrds","floor":18,"turns":6},{"damage":11,"enemies":"Chosen","floor":19,"turns":5},{"damage":17,"enemies":"Centurion and Healer","floor":21,"turns":10},{"damage":21,"enemies":"Colosseum Slavers","floor":22,"turns":5},{"damage":23,"enemies":"Snecko","floor":24,"turns":6},{"damage":29,"enemies":"Snake Plant","floor":25,"turns":5},{"damage":21,"enemies":"Centurion and Healer","floor":27,"turns":4}],"seed_played":"6866705076534850415","potions_obtained":[{"floor":10,"key":"AttackPotion"},{"floor":11,"key":"GamblersBrew"},{"floor":16,"key":"Strength Potion"},{"floor":19,"key":"SkillPotion"},{"floor":21,"key":"Poison Potion"},{"floor":24,"key":"Swift Potion"}],"is_trial":false,"path_per_floor":["M","?","$","M","?","E","M","R","T","M","E","M","E","M","R","B",null,"M","M","$","M","?","R","M","M","T"],"character_chosen":"DEFECT","items_purchased":["Leap","Echo Form","Cold Snap","Omamori"],"campfire_rested":2,"item_purchase_floors":[3,20,20,20],"current_hp_per_floor":[75,75,75,75,64,64,64,64,64,58,44,42,25,25,47,19,75,59,48,48,31,10,32,9,19,19,0],"gold":49,"neow_bonus":"THREE_ENEMY_KILL","is_prod":false,"is_daily":false,"chose_seed":false,"campfire_upgraded":1,"win_rate":0,"timestamp":1540484642,"path_taken":["M","?","$","M","?","E","M","R","T","M","E","M","E","?","R","BOSS","M","M","$","M","?","R","M","M","T","M"],"build_version":"2018-10-18","purchased_purges":1,"victory":false,"max_hp_per_floor":[75,75,75,75,75,75,75,75,75,75,75,75,75,75,75,75,75,75,75,75,75,75,75,75,75,75,75],"card_choices":[{"not_picked":["Redo","Loop"],"picked":"Sweeping Beam","floor":1},{"not_picked":["Gash","Sweeping Beam"],"picked":"Genetic Algorithm","floor":4},{"not_picked":["Beam Cell","Biased Cognition"],"picked":"Streamline","floor":6},{"not_picked":["Reprogram","Beam Cell","Loop"],"picked":"SKIP","floor":7},{"not_picked":["Turbo","Beam Cell"],"picked":"FTL","floor":10},{"not_picked":["BootSequence","Glacier"],"picked":"Coolheaded","floor":11},{"not_picked":["Sweeping Beam","Genetic Algorithm","Turbo"],"picked":"SKIP","floor":12},{"not_picked":["Hello World","Steam"],"picked":"Auto Shields","floor":13},{"not_picked":["Blizzard","Hologram"],"picked":"Compile Driver","floor":14},{"not_picked":["Fission","Biased Cognition"],"picked":"Amplify","floor":16},{"not_picked":["Conserve Battery+1","Melter"],"picked":"Defragment","floor":18},{"not_picked":["Coolheaded","Turbo"],"picked":"Conserve Battery+1","floor":19},{"not_picked":["Turbo","Recycle"],"picked":"White Noise","floor":21},{"not_picked":["Streamline","Heatsinks"],"picked":"Capacitor","floor":23},{"not_picked":["Rebound","Turbo"],"picked":"Electrodynamics","floor":24},{"not_picked":["Stack","Cold Snap"],"picked":"Ball Lightning","floor":25}],"player_experience":146966,"relics_obtained":[{"floor":6,"key":"Bottled Lightning"},{"floor":9,"key":"Vajra"},{"floor":11,"key":"Gremlin Horn"},{"floor":13,"key":"Dream Catcher"},{"floor":26,"key":"Girya"}],"event_choices":[{"cards_removed":["Strike_B"],"damage_healed":0,"gold_gain":0,"player_choice":"Offered Basic","damage_taken":0,"max_hp_gain":0,"max_hp_loss":0,"event_name":"Bonfire Elementals","floor":2,"gold_loss":0},{"damage_healed":0,"gold_gain":75,"player_choice":"Gather Gold","damage_taken":11,"max_hp_gain":0,"max_hp_loss":0,"event_name":"World of Goop","floor":5,"gold_loss":0},{"damage_healed":0,"gold_gain":0,"player_choice":"Fight","damage_taken":0,"max_hp_gain":0,"max_hp_loss":0,"event_name":"Colosseum","floor":22,"gold_loss":0},{"damage_healed":0,"gold_gain":0,"player_choice":"Fled From Nobs","damage_taken":0,"max_hp_gain":0,"max_hp_loss":0,"event_name":"Colosseum","floor":22,"gold_loss":0}],"is_beta":false,"boss_relics":[{"not_picked":["Calling Bell","Coffee Dripper"],"picked":"Lizard Tail"}],"items_purged_floors":[20],"is_endless":false,"potions_floor_spawned":[10,11,16,19,21,24],"killed_by":"Centurion and Healer","ascension_level":2}