{"gold_per_floor":[119,119,83,96,115,115,143,143,143,107,107,141,141,154,154,154],"floor_reached":16,"playtime":679,"items_purged":[],"score":213,"play_id":"ab08a1e2-ef9a-4f4f-9132-fde040fa85dd","local_time":"20190605082351","is_ascension_mode":true,"campfire_choices":[{"data":"Burst","floor":6.0,"key":"SMITH"},{"floor":11.0,"key":"REST"},{"floor":13.0,"key":"REST"},{"floor":15.0,"key":"REST"}],"neow_cost":"TEN_PERCENT_HP_LOSS","seed_source_timestamp":98579295505300,"circlet_count":0,"master_deck":["AscendersBane","Defend_G","Defend_G","Defend_G","Defend_G","Defend_G","Strike_G","Strike_G","Strike_G","Strike_G","Strike_G","Survivor","Neutralize","Burst+1","Deadly Poison","Neutralize","Forethought","Blur","Prepared","Deflect","Backflip","Dash","Dodge and Roll","Deadly Poison"],"special_seed":0,"relics":["Ring of the Snake","Letter Opener","Happy Flower","PreservedInsect","Meat on the Bone"],"potions_floor_usage":[16],"damage_taken":[{"damage":15.0,"enemies":"Jaw Worm","floor":1.0,"turns":6.0},{"damage":6.0,"enemies":"Cultist","floor":4.0,"turns":5.0},{"damage":0.0,"enemies":"2 Louse","floor":5.0,"turns":3.0},{"damage":28.0,"enemies":"Lagavulin","floor":7.0,"turns":11.0},{"damage":0.0,"enemies":"Gremlin Nob","floor":12.0,"turns":3.0},{"damage":0.0,"enemies":"2 Fungi Beasts","floor":14.0,"turns":4.0},{"damage":58,"enemies":"Slime Boss","floor":16,"turns":16}],"seed_played":"2938079341272539398","potions_obtained":[{"floor":1.0,"key":"SteroidPotion"},{"floor":7.0,"key":"EssenceOfSteel"},{"floor":12.0,"key":"Energy Potion"}],"is_trial":false,"path_per_floor":["M","?","$","M","M","R","E","?","T","$","R","E","R","M","R","B"],"character_chosen":"THE_SILENT","items_purchased":["Blur","Dash"],"campfire_rested":3,"item_purchase_floors":[3,10],"current_hp_per_floor":[48,48,48,42,42,42,14,2,2,2,20,20,38,38,56,0],"gold":154,"neow_bonus":"THREE_RARE_CARDS","is_prod":false,"is_daily":false,"chose_seed":false,"campfire_upgraded":1,"win_rate":0,"timestamp":1559748231,"path_taken":["M","?","?","?","M","R","E","?","T","$","R","E","R","M","R","BOSS"],"build_version":"2019-01-23","purchased_purges":0,"victory":false,"max_hp_per_floor":[63,63,63,63,63,63,63,63,63,63,63,63,63,63,63,63],"card_choices":[{"not_picked":["Tools of the Trade","Corpse Explosion"],"picked":"Burst","floor":0.0},{"not_picked":["Tactician","Blade Dance"],"picked":"Deadly Poison","floor":1.0},{"not_picked":["Blade Dance","Flying Knee"],"picked":"Prepared","floor":4.0},{"not_picked":["Backflip","Backstab"],"picked":"Deflect","floor":5.0},{"not_picked":["Unload","Acrobatics"],"picked":"Backflip","floor":7.0},{"not_picked":["All Out Attack","Setup"],"picked":"Dodge and Roll","floor":12.0},{"not_picked":["Deflect","Prepared"],"picked":"Deadly Poison","floor":14.0}],"player_experience":310535,"relics_obtained":[{"floor":7.0,"key":"Letter Opener"},{"floor":9.0,"key":"PreservedInsect"},{"floor":12.0,"key":"Meat on the Bone"}],"event_choices":[{"damage_healed":0.0,"max_hp_gain":0.0,"max_hp_loss":0.0,"gold_gain":0.0,"event_name":"Match and Keep!","player_choice":"2 cards matched","floor":2.0,"gold_loss":0.0,"damage_taken":0.0,"cards_obtained":["Neutralize","Forethought"]},{"damage_healed":0.0,"max_hp_gain":0.0,"max_hp_loss":0.0,"gold_gain":0.0,"event_name":"Scrap Ooze","player_choice":"Success","floor":8.0,"gold_loss":0.0,"damage_taken":12.0,"relics_obtained":["Happy Flower"]}],"is_beta":false,"boss_relics":[],"items_purged_floors":[],"is_endless":false,"potions_floor_spawned":[1,7,12],"killed_by":"Slime Boss","ascension_level":12}