{"gold_per_floor":[112,62,82,43,43,70,86,97,97,97,111,111,130,161,161,266,266,276,276,295,306,115,115,142,142,166,201,211,0,19,19,19,120,120,135,155,13,31,0,32,32,46,46,59,86,86,119,119,119,119,119,119,44,72,72],"floor_reached":55,"playtime":3798,"items_purged":["Strike_R"],"score":955,"play_id":"dc0ea308-e7a2-4af6-ac81-b02db5ff97c1","local_time":"20181116171427","is_ascension_mode":true,"campfire_choices":[{"data":"Immolate","floor":12.0,"key":"SMITH"},{"floor":15.0,"key":"RECALL"},{"data":"True Grit","floor":23.0,"key":"SMITH"},{"floor":25.0,"key":"REST"},{"data":"Armaments","floor":32.0,"key":"SMITH"},{"data":"Flame Barrier","floor":46.0,"key":"SMITH"},{"data":"Bludgeon","floor":49.0,"key":"SMITH"},{"data":"Carnage","floor":52,"key":"SMITH"}],"neow_cost":"NONE","seed_source_timestamp":1031091165166572,"circlet_count":0,"master_deck":["Strike_R","Strike_R","Strike_R","Defend_R","Defend_R","Defend_R","Defend_R","Bash","Body Slam+1","Thunderclap","Shockwave","Immolate+1","Heavy Blade","Shrug It Off","Flex","Impervious+1","Shrug It Off+1","Ghostly","Ghostly","Ghostly","Ghostly+1","Ghostly","Heavy Blade+1","Carnage+1","Dark Embrace","Armaments+1","Blood for Blood+1","Uppercut","Immolate","Flame Barrier+1","Clothesline","Dual Wield+1","Feel No Pain+1","Pummel+1","Bludgeon+1","Uppercut+1","Burning Pact+1","Clothesline+1","Shockwave+1","Sword Boomerang"],"special_seed":0,"relics":["Burning Blood","NeowsBlessing","Boot","Dodecahedron","Shuriken","Snecko Eye","Pocketwatch","War Paint","Champion Belt","Orrery","Red Mask","Bag of Preparation","Blue Candle","Centennial Puzzle","Pantograph","Prayer Wheel"],"potions_floor_usage":[],"damage_taken":[{"damage":0.0,"enemies":"Jaw Worm","floor":1.0,"turns":1.0},{"damage":0.0,"enemies":"2 Louse","floor":3.0,"turns":1.0},{"damage":0.0,"enemies":"Gremlin Nob","floor":6.0,"turns":1.0},{"damage":0.0,"enemies":"Cultist","floor":7.0,"turns":3.0},{"damage":0.0,"enemies":"3 Louse","floor":8.0,"turns":2.0},{"damage":0.0,"enemies":"Exordium Thugs","floor":11.0,"turns":1.0},{"damage":9.0,"enemies":"Blue Slaver","floor":13.0,"turns":3.0},{"damage":5.0,"enemies":"3 Sentries","floor":14.0,"turns":3.0},{"damage":79.0,"enemies":"Hexaghost","floor":16.0,"turns":14.0},{"damage":7.0,"enemies":"Spheric Guardian","floor":18.0,"turns":4.0},{"damage":0.0,"enemies":"3 Byrds","floor":20.0,"turns":2.0},{"damage":2.0,"enemies":"Cultist and Chosen","floor":21.0,"turns":2.0},{"damage":33.0,"enemies":"Book of Stabbing","floor":24.0,"turns":10.0},{"damage":2.0,"enemies":"Slavers","floor":27.0,"turns":5.0},{"damage":1.0,"enemies":"Centurion and Healer","floor":28.0,"turns":4.0},{"damage":1.0,"enemies":"Snecko","floor":30.0,"turns":6.0},{"damage":14.0,"enemies":"Automaton","floor":33.0,"turns":12.0},{"damage":2.0,"enemies":"Orb Walker","floor":35.0,"turns":3.0},{"damage":15.0,"enemies":"3 Shapes","floor":36.0,"turns":5.0},{"damage":0.0,"enemies":"3 Darklings","floor":38.0,"turns":2.0},{"damage":13.0,"enemies":"Reptomancer","floor":40.0,"turns":3.0},{"damage":1.0,"enemies":"Spire Growth","floor":42.0,"turns":5.0},{"damage":12.0,"enemies":"Transient","floor":44.0,"turns":5.0},{"damage":0.0,"enemies":"Nemesis","floor":45.0,"turns":7.0},{"damage":0.0,"enemies":"Reptomancer","floor":47.0,"turns":5.0},{"damage":22,"enemies":"Time Eater","floor":50,"turns":10},{"damage":27,"enemies":"Shield and Spear","floor":54,"turns":6},{"damage":54,"enemies":"The Heart","floor":55,"turns":8}],"seed_played":"-3778949839114673806","potions_obtained":[{"floor":7.0,"key":"SteroidPotion"},{"floor":11.0,"key":"Explosive Potion"},{"floor":13.0,"key":"Block Potion"},{"floor":14.0,"key":"Regen Potion"},{"floor":16.0,"key":"FearPotion"},{"floor":21.0,"key":"PowerPotion"},{"floor":27.0,"key":"SteroidPotion"},{"floor":28.0,"key":"Block Potion"},{"floor":30.0,"key":"GamblersBrew"},{"floor":36.0,"key":"Poison Potion"},{"floor":42.0,"key":"Energy Potion"},{"floor":44.0,"key":"FearPotion"},{"floor":54,"key":"GamblersBrew"}],"is_trial":false,"path_per_floor":["M","?","M","$","?","E","M","M","T","?","M","R","M","E","R","B",null,"M","?","M","M","$","R","E","R","T","E","M","?","M","$","R","B",null,"M","M","$","M","?","E","?","M","T","M","E","R","E","?","R","B",null,"R","$","E","B"],"character_chosen":"IRONCLAD","items_purchased":["Shockwave","Dark Embrace","True Grit","Bludgeon"],"campfire_rested":1,"item_purchase_floors":[4,22,22,37],"current_hp_per_floor":[80,80,80,80,80,80,80,80,80,77,80,80,77,78,78,19,80,79,40,40,40,40,40,13,25,25,29,34,34,39,39,39,31,40,40,31,31,37,37,30,30,35,35,29,35,35,40,40,40,24,40,40,40,19,0],"gold":72,"neow_bonus":"THREE_ENEMY_KILL","is_prod":false,"is_daily":false,"chose_seed":false,"campfire_upgraded":6,"win_rate":0,"timestamp":1542384867,"path_taken":["M","?","M","$","?","E","M","M","T","?","M","R","M","E","R","BOSS","M","?","M","M","$","R","E","R","T","E","M","?","M","$","R","BOSS","M","M","$","M","?","E","?","M","T","?","E","R","E","?","R","BOSS","R","$","E","BOSS"],"build_version":"2018-11-15","purchased_purges":1,"victory":false,"max_hp_per_floor":[80,80,80,80,80,80,80,80,80,80,80,80,80,80,80,80,80,80,40,40,40,40,40,40,40,40,40,40,40,40,40,40,40,40,40,40,40,40,40,40,40,40,40,40,40,40,40,40,40,40,40,40,40,40,40],"card_choices":[{"not_picked":["Flex","Shockwave"],"picked":"Body Slam","floor":1.0},{"not_picked":["Hemokinesis","Wild Strike"],"picked":"Thunderclap","floor":3.0},{"not_picked":["Combust","Armaments"],"picked":"Immolate","floor":6.0},{"not_picked":["Fire Breathing","Intimidate"],"picked":"Heavy Blade","floor":7.0},{"not_picked":["Uppercut","Havoc","Power Through"],"picked":"SKIP","floor":8.0},{"not_picked":["Wild Strike","Shockwave","Clash"],"picked":"SKIP","floor":11.0},{"not_picked":["Seeing Red","Anger"],"picked":"Shrug It Off","floor":13.0},{"not_picked":["Second Wind","Sword Boomerang"],"picked":"Flex","floor":14.0},{"not_picked":["Reaper","Bludgeon"],"picked":"Impervious","floor":16.0},{"not_picked":["True Grit","Pommel Strike"],"picked":"Shrug It Off+1","floor":18.0},{"not_picked":["Feel No Pain+1","Cleave"],"picked":"Heavy Blade+1","floor":20.0},{"not_picked":["Armaments","Thunderclap"],"picked":"Carnage","floor":21.0},{"not_picked":["Fire Breathing+1","Sword Boomerang"],"picked":"Armaments","floor":24.0},{"not_picked":["Headbutt","Iron Wave+1","Dropkick+1"],"picked":"SKIP","floor":27.0},{"not_picked":["Cleave","Flex"],"picked":"Blood for Blood+1","floor":28.0},{"not_picked":["Flex","Brutality"],"picked":"Uppercut","floor":30.0},{"not_picked":["Impervious","Offering"],"picked":"Immolate","floor":33.0},{"not_picked":["Cleave","Burning Pact"],"picked":"Flame Barrier","floor":34.0},{"not_picked":["Armaments","Disarm"],"picked":"Clothesline","floor":34.0},{"not_picked":["Clothesline+1","Dropkick"],"picked":"Dual Wield","floor":34.0},{"not_picked":["Reckless Charge","Seeing Red"],"picked":"Feel No Pain+1","floor":34.0},{"not_picked":["Whirlwind","Metallicize"],"picked":"Pummel+1","floor":35.0},{"not_picked":["Evolve","Disarm+1","Clothesline"],"picked":"SKIP","floor":36.0},{"not_picked":["Double Tap","Power Through","Twin Strike"],"picked":"SKIP","floor":38.0},{"not_picked":["Seeing Red+1","Dual Wield"],"picked":"Uppercut+1","floor":40.0},{"not_picked":["Power Through","Clash+1"],"picked":"Burning Pact+1","floor":42.0},{"not_picked":["Evolve+1","Clash"],"picked":"Clothesline+1","floor":44.0},{"not_picked":["Rampage+1","Twin Strike+1","Combust+1"],"picked":"SKIP","floor":45.0},{"not_picked":["Rage+1","Thunderclap"],"picked":"Shockwave+1","floor":47.0},{"not_picked":["Clash","Wild Strike","Anger"],"picked":"SKIP","floor":54}],"player_experience":214555,"relics_obtained":[{"floor":6.0,"key":"Boot"},{"floor":14.0,"key":"Shuriken"},{"floor":24.0,"key":"Pocketwatch"},{"floor":26.0,"key":"War Paint"},{"floor":27.0,"key":"Champion Belt"},{"floor":40.0,"key":"Bag of Preparation"},{"floor":43.0,"key":"Blue Candle"},{"floor":45.0,"key":"Centennial Puzzle"},{"floor":47.0,"key":"Pantograph"},{"floor":54,"key":"Prayer Wheel"}],"event_choices":[{"cards_removed":["Strike_R"],"damage_healed":0.0,"max_hp_gain":0.0,"max_hp_loss":0.0,"gold_gain":0.0,"event_name":"The Cleric","player_choice":"Card Removal","floor":2.0,"gold_loss":50.0,"damage_taken":0.0},{"damage_healed":0.0,"max_hp_gain":0.0,"max_hp_loss":0.0,"gold_gain":0.0,"event_name":"Living Wall","player_choice":"Grow","floor":5.0,"gold_loss":0.0,"damage_taken":0.0,"cards_upgraded":["Body Slam"]},{"damage_healed":0.0,"max_hp_gain":0.0,"max_hp_loss":0.0,"gold_gain":0.0,"event_name":"Scrap Ooze","player_choice":"Success","floor":10.0,"gold_loss":0.0,"damage_taken":3.0,"relics_obtained":["Dodecahedron"]},{"damage_healed":0.0,"max_hp_gain":0.0,"max_hp_loss":40.0,"gold_gain":0.0,"event_name":"Ghosts","player_choice":"Became a Ghost","floor":19.0,"gold_loss":0.0,"damage_taken":0.0,"cards_obtained":["Ghostly","Ghostly","Ghostly","Ghostly","Ghostly"]},{"damage_healed":0.0,"max_hp_gain":0.0,"max_hp_loss":0.0,"gold_gain":0.0,"event_name":"Masked Bandits","player_choice":"Paid Fearfully","floor":29.0,"gold_loss":211.0,"damage_taken":0.0},{"damage_healed":0.0,"max_hp_gain":0.0,"max_hp_loss":0.0,"gold_gain":0.0,"event_name":"Tomb of Lord Red Mask","player_choice":"Paid","floor":39.0,"gold_loss":31.0,"damage_taken":0.0,"relics_obtained":["Red Mask"]},{"damage_healed":0.0,"max_hp_gain":0.0,"max_hp_loss":0.0,"gold_gain":0.0,"event_name":"Accursed Blacksmith","player_choice":"Forge","floor":41.0,"gold_loss":0.0,"damage_taken":0.0,"cards_upgraded":["Dual Wield"]},{"damage_healed":0.0,"max_hp_gain":0.0,"max_hp_loss":0.0,"gold_gain":0.0,"cards_transformed":["True Grit"],"event_name":"Transmorgrifier","player_choice":"Transformed","floor":48.0,"gold_loss":0.0,"damage_taken":0.0,"cards_obtained":["Sword Boomerang"]}],"is_beta":true,"boss_relics":[{"not_picked":["White Beast Statue","Calling Bell"],"picked":"Snecko Eye"},{"not_picked":["Coffee Dripper","Velvet Choker"],"picked":"Orrery"}],"items_purged_floors":[53],"is_endless":false,"potions_floor_spawned":[7,11,13,14,16,21,27,28,30,36,42,44,54],"killed_by":"The Heart","ascension_level":1}