{"gold_per_floor":[110,127,137,155,168,168,194,205,231,249,281,293,31,48,48,149,149,161,177,177,191,191,191,210,190,190,220,238,270,283,299,299,399,399,419,174,174,189,21,50,62,73,73,73,73],"floor_reached":45,"playtime":6430,"items_purged":["Strike_R+1","Strike_R+1"],"score":636,"play_id":"598aaf0e-6f47-4b03-a729-4eaa50650760","local_time":"20190603225628","is_ascension_mode":true,"campfire_choices":[{"floor":6.0,"key":"RECALL"},{"floor":15.0,"key":"REST"},{"data":"Whirlwind","floor":23,"key":"SMITH"},{"data":"Limit Break","floor":32,"key":"SMITH"},{"floor":44,"key":"REST"}],"neow_cost":"NONE","seed_source_timestamp":0,"circlet_count":0,"master_deck":["Strike_R+1","Strike_R+1","Strike_R+1","Defend_R+1","Defend_R+1","Defend_R+1","Defend_R+1","Bash","Clothesline","Disarm","Inflame","Power Through","Cleave","True Grit","Whirlwind+1","Demon Form","Shrug It Off","Reaper","Warcry+1","Warcry+1","Heavy Blade","Dual Wield","Limit Break+1","Ghostly Armor","Pummel+1","Headbutt","Bludgeon","Shrug It Off","Shrug It Off+1","Metallicize","Metallicize+1"],"special_seed":0,"relics":["Burning Blood","Thread and Needle","Velvet Choker","Gremlin Horn","Lantern","Bag of Marbles","Sozu","Happy Flower","Torii","Letter Opener","Blood Vial"],"potions_floor_usage":[16,24,24,27,29,30,33,35],"damage_taken":[{"damage":3.0,"enemies":"2 Louse","floor":1.0,"turns":4.0},{"damage":6.0,"enemies":"Jaw Worm","floor":2.0,"turns":4.0},{"damage":1.0,"enemies":"Cultist","floor":3.0,"turns":3.0},{"damage":27.0,"enemies":"Lots of Slimes","floor":4.0,"turns":7.0},{"damage":14.0,"enemies":"Exordium Thugs","floor":5.0,"turns":5.0},{"damage":11.0,"enemies":"Gremlin Nob","floor":7.0,"turns":4.0},{"damage":17.0,"enemies":"Blue Slaver","floor":8.0,"turns":3.0},{"damage":7.0,"enemies":"Exordium Wildlife","floor":10.0,"turns":4.0},{"damage":30.0,"enemies":"3 Sentries","floor":11.0,"turns":7.0},{"damage":0.0,"enemies":"3 Louse","floor":12.0,"turns":2.0},{"damage":4.0,"enemies":"Gremlin Gang","floor":14.0,"turns":2.0},{"damage":8,"enemies":"Slime Boss","floor":16,"turns":7},{"damage":23,"enemies":"Shell Parasite","floor":18,"turns":6},{"damage":10,"enemies":"3 Byrds","floor":19,"turns":5},{"damage":10,"enemies":"Snake Plant","floor":21,"turns":6},{"damage":0,"enemies":"3 Cultists","floor":24,"turns":3},{"damage":45,"enemies":"Slavers","floor":27,"turns":5},{"damage":3,"enemies":"Chosen and Byrds","floor":28,"turns":4},{"damage":0,"enemies":"Gremlin Leader","floor":29,"turns":5},{"damage":10,"enemies":"Centurion and Healer","floor":30,"turns":4},{"damage":2,"enemies":"Cultist and Chosen","floor":31,"turns":7},{"damage":43,"enemies":"Champ","floor":33,"turns":8},{"damage":0,"enemies":"Orb Walker","floor":35,"turns":3},{"damage":8,"enemies":"3 Shapes","floor":38,"turns":4},{"damage":19,"enemies":"Reptomancer","floor":40,"turns":6},{"damage":46,"enemies":"Writhing Mass","floor":41,"turns":6},{"damage":30,"enemies":"Transient","floor":42,"turns":5},{"damage":65,"enemies":"Giant Head","floor":45,"turns":8}],"seed_played":"-4740073398240123041","potions_obtained":[{"floor":1.0,"key":"Ancient Potion"},{"floor":5.0,"key":"AttackPotion"},{"floor":11.0,"key":"LiquidBronze"},{"floor":14.0,"key":"GamblersBrew"},{"floor":16,"key":"Explosive Potion"},{"floor":18,"key":"Swift Potion"},{"floor":21,"key":"Block Potion"},{"floor":24,"key":"PowerPotion"},{"floor":25,"key":"FearPotion"},{"floor":27,"key":"SmokeBomb"},{"floor":28,"key":"Energy Potion"},{"floor":30,"key":"PowerPotion"},{"floor":33,"key":"SkillPotion"}],"is_trial":false,"path_per_floor":["M","M","M","M","M","R","E","M","T","M","E","M","$","M","R","B",null,"M","M","?","M","?","R","M","?","T","E","M","E","M","M","R","B",null,"M","$","T","M","$","E","M","M","T","R","E"],"character_chosen":"IRONCLAD","items_purchased":["Whirlwind","Demon Form","Shrug It Off","Happy Flower","Shrug It Off","Metallicize"],"campfire_rested":2,"item_purchase_floors":[13,13,13,36,36,39],"current_hp_per_floor":[88,88,88,67,59,59,54,43,43,42,18,24,24,26,52,50,88,71,75,75,71,71,71,88,88,88,57,71,88,84,88,88,62,88,88,88,88,86,86,87,47,23,23,49,0],"gold":73,"neow_bonus":"TEN_PERCENT_HP_BONUS","is_prod":false,"is_daily":false,"chose_seed":false,"campfire_upgraded":2,"win_rate":0,"timestamp":1559595388,"path_taken":["M","M","M","M","M","R","E","M","T","M","E","M","$","M","R","BOSS","M","M","?","M","?","R","M","?","T","E","M","E","?","M","R","BOSS","M","?","?","M","$","E","M","M","T","R","E"],"build_version":"2019-01-23","purchased_purges":2,"victory":false,"max_hp_per_floor":[88,88,88,88,88,88,88,88,88,88,88,88,88,88,88,88,88,88,88,88,88,88,88,88,88,88,88,88,88,88,88,88,88,88,88,88,88,88,88,88,88,88,88,88,88],"card_choices":[{"not_picked":["Second Wind","Armaments"],"picked":"Clothesline","floor":1.0},{"not_picked":["Havoc","Body Slam","Warcry"],"picked":"SKIP","floor":2.0},{"not_picked":["Thunderclap","Warcry","Combust"],"picked":"SKIP","floor":3.0},{"not_picked":["Havoc","Inflame"],"picked":"Disarm","floor":4.0},{"not_picked":["Havoc","Spot Weakness","Corruption"],"picked":"SKIP","floor":5.0},{"not_picked":["Seeing Red","Limit Break"],"picked":"Inflame","floor":7.0},{"not_picked":["Clothesline","Hemokinesis"],"picked":"Power Through","floor":8.0},{"not_picked":["Thunderclap","Dropkick"],"picked":"Cleave","floor":10.0},{"not_picked":["Uppercut","Iron Wave","Dropkick"],"picked":"SKIP","floor":11.0},{"not_picked":["Combust","Clothesline"],"picked":"True Grit","floor":12.0},{"not_picked":["Entrench","Perfected Strike","Cleave"],"picked":"SKIP","floor":14.0},{"not_picked":["Limit Break","Demon Form"],"picked":"Reaper","floor":16},{"not_picked":["Sentinel","Blood for Blood"],"picked":"Warcry+1","floor":18},{"not_picked":["Intimidate","Hemokinesis"],"picked":"Warcry+1","floor":19},{"not_picked":["Evolve","Warcry+1"],"picked":"Heavy Blade","floor":21},{"not_picked":["Headbutt","Body Slam"],"picked":"Dual Wield","floor":24},{"not_picked":["Seeing Red","Shrug It Off"],"picked":"Limit Break","floor":27},{"not_picked":["Heavy Blade","Warcry"],"picked":"Ghostly Armor","floor":28},{"not_picked":["Carnage","Entrench"],"picked":"Pummel+1","floor":29},{"not_picked":["Rage","Rupture","Combust"],"picked":"SKIP","floor":30},{"not_picked":["Twin Strike","Clothesline"],"picked":"Headbutt","floor":31},{"not_picked":["Juggernaut","Limit Break"],"picked":"Bludgeon","floor":33},{"not_picked":["Flex","Heavy Blade","Clothesline"],"picked":"SKIP","floor":35},{"not_picked":["Anger","Sword Boomerang+1"],"picked":"Shrug It Off+1","floor":38},{"not_picked":["Infernal Blade","Dark Embrace","Uppercut"],"picked":"SKIP","floor":40},{"not_picked":["Clothesline+1","Heavy Blade+1","Sword Boomerang"],"picked":"SKIP","floor":41},{"not_picked":["Headbutt+1","Perfected Strike+1"],"picked":"Metallicize+1","floor":42}],"player_experience":357199,"relics_obtained":[{"floor":11.0,"key":"Thread and Needle"},{"floor":26,"key":"Gremlin Horn"},{"floor":27,"key":"Lantern"},{"floor":29,"key":"Bag of Marbles"},{"floor":37,"key":"Torii"},{"floor":40,"key":"Letter Opener"},{"floor":43,"key":"Blood Vial"}],"event_choices":[{"damage_healed":0,"gold_gain":0,"player_choice":"Ignored","damage_taken":0,"max_hp_gain":0,"max_hp_loss":0,"event_name":"The Mausoleum","floor":20,"gold_loss":0},{"damage_healed":0,"gold_gain":0,"player_choice":"Simplicity","damage_taken":0,"max_hp_gain":0,"max_hp_loss":0,"event_name":"Back to Basics","floor":22,"gold_loss":0,"cards_upgraded":["Strike_R","Strike_R","Strike_R","Strike_R","Strike_R","Defend_R","Defend_R","Defend_R","Defend_R"]},{"damage_healed":0,"gold_gain":0,"player_choice":"Bought 1 Potion","damage_taken":0,"max_hp_gain":0,"max_hp_loss":0,"event_name":"The Woman in Blue","floor":25,"gold_loss":0}],"is_beta":false,"boss_relics":[{"not_picked":["Runic Dome","Pandora\u0027s Box"],"picked":"Velvet Choker"},{"not_picked":["White Beast Statue","Busted Crown"],"picked":"Sozu"}],"items_purged_floors":[36,39],"is_endless":false,"potions_floor_spawned":[1,5,11,14,16,18,21,24,27,28,30,33,35,40,41],"killed_by":"Giant Head","ascension_level":4}