{"gold_per_floor":[109,121,139,64,64,64,95,110,134,209,220,220,127,144,144,219,219,230,7,26,26,26,51,51,67,93,107,107,118,129,129,129,202,202,216,216,1215,271,290,323,323,337,337,337,44,64,0,0,0,0,0],"floor_reached":51,"playtime":3653,"items_purged":["Writhe","Pain","Normality","Normality"],"score":1323,"play_id":"e6b172e4-2d5c-4797-8f42-d1726c3eb5e8","local_time":"20190515110750","is_ascension_mode":true,"campfire_choices":[{"data":"Uppercut","floor":6.0,"key":"SMITH"},{"floor":12.0,"key":"REST"},{"floor":15.0,"key":"REST"},{"floor":24.0,"key":"REST"},{"floor":28.0,"key":"REST"},{"floor":32.0,"key":"REST"},{"floor":41.0,"key":"REST"},{"floor":44.0,"key":"REST"},{"data":"Bash","floor":49.0,"key":"SMITH"}],"neow_cost":"CURSE","seed_source_timestamp":5969781533918,"circlet_count":0,"master_deck":["AscendersBane","Strike_R","Strike_R","Strike_R","Defend_R","Defend_R","Defend_R","Defend_R","Bash+1","Pommel Strike","Cleave","Spot Weakness","Intimidate","Offering","Shrug It Off","Shrug It Off","Spot Weakness","Anger+1","Writhe","Immolate","Dropkick+1","Twin Strike","Headbutt","Fiend Fire","Power Through","Ghostly Armor","Dark Shackles","Pummel","Pummel+1","Headbutt+1"],"special_seed":0,"relics":["Burning Blood","WarpedTongs","Smiling Mask","Happy Flower","Potion Belt","Philosopher\u0027s Stone","Pantograph","Boot","Blood Vial","Lizard Tail","Bronze Scales","Incense Burner","Ornamental Fan","Turnip","Centennial Puzzle","Red Mask"],"potions_floor_usage":[51],"damage_taken":[{"damage":1.0,"enemies":"Cultist","floor":1.0,"turns":3.0},{"damage":9.0,"enemies":"Jaw Worm","floor":2.0,"turns":2.0},{"damage":5.0,"enemies":"2 Louse","floor":3.0,"turns":3.0},{"damage":33.0,"enemies":"3 Sentries","floor":7.0,"turns":8.0},{"damage":14.0,"enemies":"Lots of Slimes","floor":8.0,"turns":4.0},{"damage":22.0,"enemies":"Exordium Thugs","floor":11.0,"turns":4.0},{"damage":11.0,"enemies":"Blue Slaver","floor":14.0,"turns":3.0},{"damage":46.0,"enemies":"The Guardian","floor":16.0,"turns":11.0},{"damage":27.0,"enemies":"2 Thieves","floor":18.0,"turns":4.0},{"damage":6.0,"enemies":"Spheric Guardian","floor":20.0,"turns":2.0},{"damage":30.0,"enemies":"Book of Stabbing","floor":23.0,"turns":4.0},{"damage":12.0,"enemies":"Snecko","floor":25.0,"turns":4.0},{"damage":33.0,"enemies":"Shelled Parasite and Fungi","floor":27.0,"turns":2.0},{"damage":21.0,"enemies":"Chosen and Byrds","floor":29.0,"turns":4.0},{"damage":10.0,"enemies":"Snecko","floor":30.0,"turns":5.0},{"damage":0.0,"enemies":"Shelled Parasite and Fungi","floor":31.0,"turns":1.0},{"damage":71.0,"enemies":"Collector","floor":33.0,"turns":7.0},{"damage":30.0,"enemies":"3 Shapes","floor":35.0,"turns":5.0},{"damage":3.0,"enemies":"Orb Walker","floor":39.0,"turns":3.0},{"damage":40.0,"enemies":"Nemesis","floor":40.0,"turns":5.0},{"damage":36.0,"enemies":"Jaw Worm Horde","floor":42.0,"turns":3.0},{"damage":6.0,"enemies":"Sphere and 2 Shapes","floor":46.0,"turns":2.0},{"damage":146.0,"enemies":"Awakened One","floor":50.0,"turns":13.0},{"damage":58,"enemies":"Time Eater","floor":51,"turns":6}],"seed_played":"7949994459244352480","potions_obtained":[{"floor":1.0,"key":"SneckoOil"},{"floor":3.0,"key":"Poison Potion"},{"floor":16.0,"key":"Energy Potion"},{"floor":22.0,"key":"SneckoOil"},{"floor":22.0,"key":"SteroidPotion"},{"floor":23.0,"key":"FearPotion"},{"floor":25.0,"key":"Regen Potion"},{"floor":27.0,"key":"EssenceOfSteel"},{"floor":29.0,"key":"EntropicBrew"},{"floor":33.0,"key":"Regen Potion"},{"floor":35.0,"key":"FearPotion"}],"is_trial":false,"path_per_floor":["M","M","M","$","?","R","E","M","T","?","M","R","?","M","R","B",null,"M","$","M","?","?","E","R","M","T","M","R","M","M","M","R","B",null,"M","?","?","$","M","E","R","M","T","R","$","M","?","?","R","B","B"],"character_chosen":"IRONCLAD","items_purchased":["Shrug It Off","Spot Weakness","LiquidBronze","Ghostly Armor","Dark Shackles","Pummel","Bronze Scales","Incense Burner","SteroidPotion","Ancient Potion","Centennial Puzzle","Regen Potion"],"campfire_rested":7,"item_purchase_floors":[19,19,19,38,38,38,38,38,38,38,45,45],"current_hp_per_floor":[73,70,71,71,71,71,44,36,36,25,9,31,31,26,48,8,58,37,37,37,37,37,13,35,29,29,9,31,18,16,24,46,8,58,50,50,50,50,55,23,45,17,17,39,39,41,41,41,41,26,0],"gold":0,"neow_bonus":"TRANSFORM_TWO_CARDS","is_prod":false,"is_daily":false,"chose_seed":false,"campfire_upgraded":2,"win_rate":0,"timestamp":1557911270,"path_taken":["M","M","M","$","?","R","E","?","T","?","M","R","?","M","R","BOSS","M","$","?","?","?","E","R","?","T","M","R","M","M","?","R","BOSS","M","?","?","$","M","E","R","?","T","R","$","M","?","?","R","BOSS","BOSS"],"build_version":"2019-01-23","purchased_purges":4,"victory":false,"max_hp_per_floor":[75,75,75,75,75,75,75,75,75,75,75,75,75,75,75,75,75,75,75,75,75,75,75,75,75,75,75,75,75,75,75,75,75,75,75,75,75,75,75,75,75,75,75,75,75,75,75,75,75,75,75],"card_choices":[{"not_picked":["Havoc","Fire Breathing","Corruption"],"picked":"SKIP","floor":1.0},{"not_picked":["Fire Breathing","Clash","Sentinel"],"picked":"SKIP","floor":2.0},{"not_picked":["Seeing Red","Clothesline"],"picked":"Cleave","floor":3.0},{"not_picked":["Hemokinesis","Corruption"],"picked":"Spot Weakness","floor":7.0},{"not_picked":["Pommel Strike","Sentinel"],"picked":"Intimidate","floor":8.0},{"not_picked":["Barricade","Second Wind","Havoc"],"picked":"SKIP","floor":11.0},{"not_picked":["Clash","Second Wind","Clothesline"],"picked":"SKIP","floor":14.0},{"not_picked":["Dark Embrace","Feed"],"picked":"Offering","floor":16.0},{"not_picked":["Ghostly Armor","Combust"],"picked":"Shrug It Off","floor":18.0},{"not_picked":["Combust","Headbutt"],"picked":"Anger+1","floor":20.0},{"not_picked":["Iron Wave","Combust"],"picked":"Immolate","floor":23.0},{"not_picked":["Ghostly Armor","Sever Soul"],"picked":"Dropkick+1","floor":25.0},{"not_picked":["Clash","Warcry"],"picked":"Twin Strike","floor":27.0},{"not_picked":["Perfected Strike","Body Slam"],"picked":"Headbutt","floor":29.0},{"not_picked":["True Grit","Anger","Clothesline"],"picked":"SKIP","floor":30.0},{"not_picked":["Dark Embrace","Berserk"],"picked":"Fiend Fire","floor":33.0},{"not_picked":["Heavy Blade","Wild Strike"],"picked":"Power Through","floor":35.0},{"not_picked":["Shrug It Off","Flex"],"picked":"Pummel+1","floor":39.0},{"not_picked":["Clash","Juggernaut","Burning Pact"],"picked":"SKIP","floor":40.0},{"not_picked":["Cleave","Thunderclap","Havoc"],"picked":"SKIP","floor":42.0},{"not_picked":["Anger","Hemokinesis"],"picked":"Headbutt+1","floor":46.0}],"player_experience":194028,"relics_obtained":[{"floor":7.0,"key":"Smiling Mask"},{"floor":9.0,"key":"Happy Flower"},{"floor":23.0,"key":"Boot"},{"floor":26.0,"key":"Blood Vial"},{"floor":40.0,"key":"Ornamental Fan"},{"floor":43.0,"key":"Turnip"}],"event_choices":[{"damage_healed":0.0,"max_hp_gain":0.0,"max_hp_loss":0.0,"gold_gain":0.0,"event_name":"Accursed Blacksmith","player_choice":"Rummage","floor":5.0,"gold_loss":0.0,"damage_taken":0.0,"relics_obtained":["WarpedTongs"],"cards_obtained":["Pain"]},{"damage_healed":0.0,"max_hp_gain":0.0,"max_hp_loss":0.0,"gold_gain":75.0,"event_name":"World of Goop","player_choice":"Gather Gold","floor":10.0,"gold_loss":0.0,"damage_taken":11.0},{"damage_healed":0.0,"max_hp_gain":0.0,"max_hp_loss":0.0,"gold_gain":0.0,"event_name":"WeMeetAgain","player_choice":"Paid Gold","floor":13.0,"gold_loss":93.0,"damage_taken":0.0,"relics_obtained":["Potion Belt"]},{"damage_healed":0.0,"max_hp_gain":0.0,"max_hp_loss":0.0,"gold_gain":0.0,"event_name":"The Mausoleum","player_choice":"Opened","floor":21.0,"gold_loss":0.0,"damage_taken":0.0,"relics_obtained":["Pantograph"],"cards_obtained":["Writhe"]},{"damage_healed":0.0,"max_hp_gain":0.0,"max_hp_loss":0.0,"gold_gain":0.0,"event_name":"Lab","player_choice":"Got Potions","floor":22.0,"gold_loss":0.0,"damage_taken":0.0},{"damage_healed":0.0,"max_hp_gain":0.0,"max_hp_loss":0.0,"gold_gain":0.0,"event_name":"Mysterious Sphere","player_choice":"Ignored","floor":36.0,"gold_loss":0.0,"damage_taken":0.0},{"damage_healed":0.0,"max_hp_gain":0.0,"max_hp_loss":0.0,"gold_gain":999.0,"event_name":"MindBloom","player_choice":"Gold","floor":37.0,"gold_loss":0.0,"damage_taken":0.0,"cards_obtained":["Normality","Normality"]},{"damage_healed":0.0,"max_hp_gain":0.0,"max_hp_loss":0.0,"gold_gain":0.0,"event_name":"Tomb of Lord Red Mask","player_choice":"Paid","floor":47.0,"gold_loss":64.0,"damage_taken":0.0,"relics_obtained":["Red Mask"]},{"cards_removed":["Uppercut"],"damage_healed":0.0,"max_hp_gain":0.0,"max_hp_loss":0.0,"gold_gain":0.0,"event_name":"Falling","player_choice":"Removed Attack","floor":48.0,"gold_loss":0.0,"damage_taken":0.0}],"is_beta":false,"boss_relics":[{"not_picked":["Runic Dome","Orrery"],"picked":"Philosopher\u0027s Stone"},{"not_picked":["Calling Bell","Coffee Dripper"],"picked":"Lizard Tail"}],"items_purged_floors":[4,19,38,45],"is_endless":false,"potions_floor_spawned":[1,3,16,23,25,27,29,31,33,35,39],"killed_by":"Time Eater","ascension_level":20}