{"gold_per_floor":[117,117,117,11,29,29,47,47,47,47,87,101,117,160,160,288,288,257,257,257,276,276],"floor_reached":22,"playtime":693,"items_purged":[],"score":291,"play_id":"f7209a7f-2217-4928-9b97-0cba163b3882","local_time":"20190603064953","is_ascension_mode":true,"campfire_choices":[{"data":"Caltrops","floor":6.0,"key":"SMITH"},{"data":"Deadly Poison","floor":8.0,"key":"SMITH"},{"data":"Neutralize","floor":10.0,"key":"SMITH"},{"data":"Dash","floor":15.0,"key":"SMITH"}],"neow_cost":"NONE","seed_source_timestamp":86933115655700,"circlet_count":0,"master_deck":["AscendersBane","Defend_G","Defend_G","Defend_G","Defend_G","Defend_G","Strike_G","Strike_G","Strike_G","Strike_G","Strike_G","Survivor","Neutralize+1","Escape Plan","Caltrops+1","Dagger Spray","Deadly Poison+1","After Image","Dash+1","Blur","Deflect","Corpse Explosion","Caltrops","Blur","Dodge and Roll","Escape Plan","Deadly Poison"],"special_seed":0,"relics":["Ring of the Snake","NeowsBlessing","Golden Idol","Blue Candle","Anchor","PreservedInsect","Orrery"],"potions_floor_usage":[],"damage_taken":[{"damage":0.0,"enemies":"2 Louse","floor":1.0,"turns":1.0},{"damage":0.0,"enemies":"Jaw Worm","floor":5.0,"turns":1.0},{"damage":0.0,"enemies":"Cultist","floor":7.0,"turns":1.0},{"damage":12.0,"enemies":"Lagavulin","floor":11.0,"turns":6.0},{"damage":7.0,"enemies":"Large Slime","floor":12.0,"turns":5.0},{"damage":1.0,"enemies":"Blue Slaver","floor":13.0,"turns":4.0},{"damage":11.0,"enemies":"3 Sentries","floor":14.0,"turns":6.0},{"damage":7.0,"enemies":"The Guardian","floor":16.0,"turns":12.0},{"damage":20.0,"enemies":"2 Thieves","floor":18.0,"turns":5.0},{"damage":21.0,"enemies":"Colosseum Slavers","floor":20.0,"turns":4.0},{"damage":10.0,"enemies":"3 Byrds","floor":21.0,"turns":3.0},{"damage":5,"enemies":"3 Cultists","floor":22,"turns":2}],"seed_played":"-6778599144098696866","potions_obtained":[{"floor":1.0,"key":"Strength Potion"},{"floor":7.0,"key":"Explosive Potion"},{"floor":13.0,"key":"GamblersBrew"},{"floor":14.0,"key":"GhostInAJar"}],"is_trial":false,"path_per_floor":["M","?","?","$","M","R","M","R","T","R","E","M","M","E","R","B",null,"M","?","?","M","M"],"character_chosen":"THE_SILENT","items_purchased":["Escape Plan","Caltrops"],"campfire_rested":0,"item_purchase_floors":[4,4],"current_hp_per_floor":[63,63,63,63,63,63,63,63,63,63,51,44,43,32,32,25,55,35,35,14,4,0],"gold":276,"neow_bonus":"THREE_ENEMY_KILL","is_prod":false,"is_daily":false,"chose_seed":false,"campfire_upgraded":4,"win_rate":0,"timestamp":1559569793,"path_taken":["M","?","?","?","?","R","?","R","T","R","E","M","M","E","R","BOSS","M","?","?","M","M"],"build_version":"2019-01-23","purchased_purges":0,"victory":false,"max_hp_per_floor":[70,65,65,65,65,65,65,65,65,65,65,65,65,65,65,65,65,65,65,65,65,65],"card_choices":[{"not_picked":["Expertise","Cloak And Dagger","Underhanded Strike"],"picked":"SKIP","floor":1.0},{"not_picked":["Slice","Distraction"],"picked":"Dagger Spray","floor":5.0},{"not_picked":["Quick Slash","Prepared"],"picked":"Deadly Poison","floor":7.0},{"not_picked":["Backflip","All Out Attack"],"picked":"After Image","floor":11.0},{"not_picked":["Slice","Poisoned Stab"],"picked":"Dash","floor":12.0},{"not_picked":["Dagger Throw","Bane"],"picked":"Blur","floor":13.0},{"not_picked":["Acrobatics","Outmaneuver"],"picked":"Deflect","floor":14.0},{"not_picked":["A Thousand Cuts","Die Die Die"],"picked":"Corpse Explosion","floor":16.0},{"not_picked":["Dagger Throw","Flying Knee"],"picked":"Caltrops","floor":17.0},{"not_picked":["Setup","Acrobatics"],"picked":"Blur","floor":17.0},{"not_picked":["Wraith Form v2","Slice"],"picked":"Dodge and Roll","floor":17.0},{"not_picked":["Outmaneuver","Prepared"],"picked":"Escape Plan","floor":17.0},{"not_picked":["Dagger Throw","Terror"],"picked":"Deadly Poison","floor":18.0},{"not_picked":["Blade Dance","Terror","Slice"],"picked":"SKIP","floor":21.0}],"player_experience":236031,"relics_obtained":[{"floor":9.0,"key":"Blue Candle"},{"floor":11.0,"key":"Anchor"},{"floor":14.0,"key":"PreservedInsect"}],"event_choices":[{"damage_healed":0.0,"max_hp_gain":0.0,"max_hp_loss":5.0,"gold_gain":0.0,"event_name":"Golden Idol","player_choice":"Lose Max HP","floor":2.0,"gold_loss":0.0,"damage_taken":0.0,"relics_obtained":["Golden Idol"]},{"damage_healed":0.0,"max_hp_gain":0.0,"max_hp_loss":0.0,"gold_gain":0.0,"event_name":"Golden Wing","player_choice":"Ignored","floor":3.0,"gold_loss":0.0,"damage_taken":0.0},{"damage_healed":0.0,"max_hp_gain":0.0,"max_hp_loss":0.0,"gold_gain":0.0,"event_name":"Ghosts","player_choice":"Ignored","floor":19.0,"gold_loss":0.0,"damage_taken":0.0},{"damage_healed":0.0,"max_hp_gain":0.0,"max_hp_loss":0.0,"gold_gain":0.0,"event_name":"Colosseum","player_choice":"Fight","floor":20.0,"gold_loss":0.0,"damage_taken":0.0},{"damage_healed":0.0,"max_hp_gain":0.0,"max_hp_loss":0.0,"gold_gain":0.0,"event_name":"Colosseum","player_choice":"Fled From Nobs","floor":20.0,"gold_loss":0.0,"damage_taken":0.0}],"is_beta":false,"boss_relics":[{"not_picked":["Cursed Key","Velvet Choker"],"picked":"Orrery"}],"items_purged_floors":[],"is_endless":false,"potions_floor_spawned":[1,7,13,14,20],"killed_by":"3 Cultists","ascension_level":10}