{"gold_per_floor":[129,157,169,201,213,254,266,298,310,322,4,24,24,36,36,136,136,146,146,162,177,177,177,193,204,278,288,288,322,341,354,354,354],"floor_reached":33,"playtime":1434,"items_purged":["Strike_R"],"score":273,"play_id":"3ea7c84e-2e4e-4f06-9d9c-259a1228750f","local_time":"20181129215024","is_ascension_mode":false,"campfire_choices":[{"floor":7.0,"key":"REST"},{"data":"Flame Barrier","floor":10.0,"key":"SMITH"},{"floor":15,"key":"RECALL"},{"data":"Armaments","floor":23,"key":"SMITH"},{"floor":32,"key":"REST"}],"neow_cost":"NONE","seed_source_timestamp":185585358919666,"circlet_count":0,"master_deck":["Strike_R+1","Strike_R+1","Strike_R+1","Defend_R+1","Defend_R+1","Defend_R+1","Defend_R+1","Bash","Flame Barrier+1","Disarm","Rage","Shockwave","Armaments+1","Spot Weakness","Immolate+1","Twin Strike+1","Heavy Blade+1","Whirlwind+1","Clothesline+1","Battle Trance+1","Inflame+1","Spot Weakness+1"],"special_seed":0,"relics":["Burning Blood","MawBank","Darkstone Periapt","Molten Egg 2","Membership Card","White Beast Statue","MutagenicStrength","The Courier","Blue Candle"],"potions_floor_usage":[16,20,21,21,25,27,29,29,29,30,33,33],"damage_taken":[{"damage":7.0,"enemies":"2 Louse","floor":1.0,"turns":3.0},{"damage":21.0,"enemies":"Jaw Worm","floor":2.0,"turns":5.0},{"damage":4.0,"enemies":"Cultist","floor":4.0,"turns":5.0},{"damage":32.0,"enemies":"Lagavulin","floor":6.0,"turns":6.0},{"damage":6.0,"enemies":"Red Slaver","floor":8.0,"turns":4.0},{"damage":8.0,"enemies":"Large Slime","floor":12.0,"turns":9.0},{"damage":12,"enemies":"3 Louse","floor":14,"turns":3},{"damage":30,"enemies":"The Guardian","floor":16,"turns":15},{"damage":10,"enemies":"Chosen","floor":18,"turns":4},{"damage":1,"enemies":"3 Byrds","floor":20,"turns":3},{"damage":15,"enemies":"Snecko","floor":21,"turns":4},{"damage":14,"enemies":"Centurion and Healer","floor":24,"turns":5},{"damage":15,"enemies":"Snake Plant","floor":25,"turns":6},{"damage":20,"enemies":"3 Cultists","floor":27,"turns":5},{"damage":24,"enemies":"Book of Stabbing","floor":29,"turns":5},{"damage":22,"enemies":"Sentry and Sphere","floor":30,"turns":5},{"damage":19,"enemies":"Cultist and Chosen","floor":31,"turns":5},{"damage":51,"enemies":"Automaton","floor":33,"turns":6}],"seed_played":"2495080165495907870","potions_obtained":[{"floor":1.0,"key":"Weak Potion"},{"floor":2.0,"key":"SteroidPotion"},{"floor":8.0,"key":"LiquidBronze"},{"floor":14,"key":"LiquidBronze"},{"floor":18,"key":"PowerPotion"},{"floor":20,"key":"AttackPotion"},{"floor":21,"key":"Dexterity Potion"},{"floor":24,"key":"Regen Potion"},{"floor":25,"key":"Strength Potion"},{"floor":27,"key":"Poison Potion"},{"floor":29,"key":"Weak Potion"},{"floor":30,"key":"SpeedPotion"},{"floor":31,"key":"Explosive Potion"}],"is_trial":false,"path_per_floor":["M","M","?","M","?","E","R","M","T","R","$","M","?","M","R","B",null,"M","?","M","M","?","R","M","M","T","M","?","E","M","M","R","B"],"character_chosen":"IRONCLAD","items_purchased":["Membership Card","Shockwave","Armaments","PowerPotion"],"campfire_rested":2,"item_purchase_floors":[11,11,11,11],"current_hp_per_floor":[79,64,48,50,43,17,41,41,41,41,41,39,65,59,59,35,80,76,76,80,71,71,71,63,69,69,55,55,37,21,8,32,0],"gold":354,"neow_bonus":"RANDOM_COMMON_RELIC","is_prod":false,"is_daily":false,"chose_seed":false,"campfire_upgraded":2,"win_rate":0,"timestamp":1543524624,"path_taken":["M","M","?","M","?","E","R","?","T","R","$","M","?","M","R","BOSS","M","?","M","M","?","R","M","M","T","M","?","E","M","M","R","BOSS"],"build_version":"2018-11-15","purchased_purges":1,"victory":false,"max_hp_per_floor":[80,80,80,80,80,80,80,80,80,80,80,80,80,80,80,80,80,80,80,80,80,80,80,80,80,80,80,80,80,80,80,80,80],"card_choices":[{"not_picked":["Searing Blow","Dropkick"],"picked":"Flame Barrier","floor":1.0},{"not_picked":["Rampage","True Grit"],"picked":"Disarm","floor":2.0},{"not_picked":["Fire Breathing","Perfected Strike","Rupture"],"picked":"SKIP","floor":4.0},{"not_picked":["Berserk","Anger","Wild Strike"],"picked":"SKIP","floor":6.0},{"not_picked":["Evolve","Headbutt"],"picked":"Rage","floor":8.0},{"not_picked":["Sword Boomerang+1","Wild Strike+1"],"picked":"Spot Weakness","floor":12.0},{"not_picked":["Warcry","Corruption","True Grit"],"picked":"SKIP","floor":14},{"not_picked":["Impervious","Dark Embrace"],"picked":"Immolate+1","floor":16},{"not_picked":["Sword Boomerang+1","Armaments"],"picked":"Twin Strike+1","floor":18},{"not_picked":["Pommel Strike+1","True Grit"],"picked":"Heavy Blade+1","floor":20},{"not_picked":["Feel No Pain","Iron Wave+1"],"picked":"Whirlwind+1","floor":21},{"not_picked":["Cleave+1","Pummel+1"],"picked":"Clothesline+1","floor":24},{"not_picked":["Pommel Strike+1","Feel No Pain+1"],"picked":"Battle Trance+1","floor":25},{"not_picked":["Disarm+1","Pummel+1"],"picked":"Inflame+1","floor":27},{"not_picked":["Inflame","Bludgeon+1"],"picked":"Spot Weakness+1","floor":29},{"not_picked":["Evolve","Power Through","Body Slam+1"],"picked":"SKIP","floor":30},{"not_picked":["Rupture","Uppercut+1","Intimidate"],"picked":"SKIP","floor":31}],"player_experience":257159,"relics_obtained":[{"floor":6.0,"key":"Darkstone Periapt"},{"floor":9.0,"key":"Molten Egg 2"},{"floor":26,"key":"The Courier"},{"floor":29,"key":"Blue Candle"}],"event_choices":[{"damage_healed":0.0,"max_hp_gain":0.0,"max_hp_loss":0.0,"gold_gain":0.0,"event_name":"Shining Light","player_choice":"Entered Light","floor":3.0,"gold_loss":0.0,"damage_taken":16.0,"cards_upgraded":["Strike_R","Strike_R"]},{"cards_removed":["Strike_R"],"damage_healed":0.0,"max_hp_gain":0.0,"max_hp_loss":0.0,"gold_gain":0.0,"event_name":"Golden Wing","player_choice":"Card Removal","floor":5.0,"gold_loss":0.0,"damage_taken":7.0},{"damage_healed":26.0,"max_hp_gain":0.0,"max_hp_loss":0.0,"gold_gain":0.0,"event_name":"Big Fish","player_choice":"Banana","floor":13.0,"gold_loss":0.0,"damage_taken":0.0},{"damage_healed":0,"gold_gain":0,"player_choice":"Simplicity","damage_taken":0,"max_hp_gain":0,"max_hp_loss":0,"event_name":"Back to Basics","floor":19,"gold_loss":0,"cards_upgraded":["Strike_R","Defend_R","Defend_R","Defend_R","Defend_R"]},{"damage_healed":0,"gold_gain":0,"player_choice":"Inject Mutagens","damage_taken":0,"relics_obtained":["MutagenicStrength"],"max_hp_gain":0,"max_hp_loss":0,"event_name":"Drug Dealer","floor":22,"gold_loss":0},{"damage_healed":0,"gold_gain":0,"player_choice":"Bought 0 Potions","damage_taken":0,"max_hp_gain":0,"max_hp_loss":0,"event_name":"The Woman in Blue","floor":28,"gold_loss":0}],"is_beta":true,"boss_relics":[{"not_picked":["Astrolabe","Tiny House"],"picked":"White Beast Statue"}],"items_purged_floors":[11],"is_endless":false,"potions_floor_spawned":[1,2,8,14,18,20,21,24,25,27,29,30,31],"killed_by":"Automaton","ascension_level":0}