{"gold_per_floor":[115,65,65,65,83,115,127,127,178,194,213,224,224,244,244,344,344,354,366,379,389,418,418,452,452,452,452,466,484,46,46,46,147,147,160,55,66,66,80,80,95,95,95,130,143,143,159,159,159,159],"floor_reached":50,"playtime":3212,"items_purged":[],"score":598,"play_id":"d688810a-b9b0-4819-8952-0d0ec398ac97","local_time":"20190529020208","is_ascension_mode":true,"campfire_choices":[{"floor":8.0,"key":"REST"},{"floor":13.0,"key":"REST"},{"data":"Bouncing Flask","floor":15.0,"key":"SMITH"},{"floor":23.0,"key":"REST"},{"floor":25.0,"key":"REST"},{"floor":27.0,"key":"REST"},{"data":"Dodge and Roll","floor":32.0,"key":"SMITH"},{"data":"Dash","floor":40.0,"key":"SMITH"},{"floor":42.0,"key":"REST"},{"floor":49.0,"key":"REST"}],"neow_cost":"NONE","seed_source_timestamp":96991080556400,"circlet_count":0,"master_deck":["Defend_G","Defend_G","Strike_G","Strike_G","Strike_G","Survivor","Neutralize","Backflip","PiercingWail","Deflect","Blur","Bouncing Flask+1","Dodge and Roll+1","Riddle With Holes","Adrenaline","Well Laid Plans","Sucker Punch","Dash+1","Poisoned Stab+1","Blur+1","Deflect+1","Dagger Spray+1","PiercingWail+1","Poisoned Stab","Venomology","Heel Hook+1","Calculated Gamble+1","Catalyst+1","Quick Slash+1","Noxious Fumes","Blur","Backflip","Noxious Fumes+1","Leg Sweep+1","PiercingWail","Bane","Good Instincts","Deadly Poison+1"],"special_seed":0,"relics":["Ring of the Snake","Bronze Scales","PreservedInsect","Orichalcum","Potion Belt","Empty Cage","Red Mask","Bottled Flame","Du-Vu Doll","Ice Cream","Astrolabe","The Courier","Bird Faced Urn"],"potions_floor_usage":[],"damage_taken":[{"damage":2.0,"enemies":"Jaw Worm","floor":1.0,"turns":5.0},{"damage":0.0,"enemies":"Small Slimes","floor":5.0,"turns":4.0},{"damage":24.0,"enemies":"Gremlin Nob","floor":6.0,"turns":5.0},{"damage":1.0,"enemies":"Cultist","floor":7.0,"turns":5.0},{"damage":1.0,"enemies":"Exordium Wildlife","floor":10.0,"turns":7.0},{"damage":9.0,"enemies":"Large Slime","floor":11.0,"turns":12.0},{"damage":11.0,"enemies":"Lots of Slimes","floor":12.0,"turns":5.0},{"damage":0.0,"enemies":"Blue Slaver","floor":14.0,"turns":3.0},{"damage":8.0,"enemies":"The Guardian","floor":16.0,"turns":10.0},{"damage":10.0,"enemies":"Shell Parasite","floor":18.0,"turns":4.0},{"damage":7.0,"enemies":"Spheric Guardian","floor":19.0,"turns":4.0},{"damage":14.0,"enemies":"Snake Plant","floor":20.0,"turns":4.0},{"damage":22.0,"enemies":"3 Cultists","floor":21.0,"turns":5.0},{"damage":14.0,"enemies":"Masked Bandits","floor":22.0,"turns":5.0},{"damage":22.0,"enemies":"Slavers","floor":24.0,"turns":4.0},{"damage":9.0,"enemies":"Sentry and Sphere","floor":28.0,"turns":9.0},{"damage":4.0,"enemies":"Chosen and Byrds","floor":29.0,"turns":6.0},{"damage":45.0,"enemies":"Automaton","floor":33.0,"turns":16.0},{"damage":4.0,"enemies":"Orb Walker","floor":35.0,"turns":4.0},{"damage":13.0,"enemies":"3 Shapes","floor":37.0,"turns":8.0},{"damage":18.0,"enemies":"Jaw Worm Horde","floor":39.0,"turns":6.0},{"damage":3.0,"enemies":"Writhing Mass","floor":41.0,"turns":5.0},{"damage":52.0,"enemies":"Reptomancer","floor":44.0,"turns":7.0},{"damage":28.0,"enemies":"Sphere and 2 Shapes","floor":45.0,"turns":8.0},{"damage":6.0,"enemies":"3 Darklings","floor":47.0,"turns":6.0},{"damage":33,"enemies":"Awakened One","floor":50,"turns":6}],"seed_played":"-1143113455523480215","potions_obtained":[{"floor":7.0,"key":"Ancient Potion"},{"floor":10.0,"key":"SneckoOil"},{"floor":12.0,"key":"Weak Potion"},{"floor":16.0,"key":"Ancient Potion"},{"floor":18.0,"key":"Strength Potion"},{"floor":20.0,"key":"GamblersBrew"},{"floor":22.0,"key":"SteroidPotion"},{"floor":33.0,"key":"Block Potion"},{"floor":37.0,"key":"Strength Potion"},{"floor":38.0,"key":"FairyPotion"},{"floor":38.0,"key":"PowerPotion"},{"floor":38.0,"key":"EntropicBrew"},{"floor":39.0,"key":"Poison Potion"},{"floor":45.0,"key":"AttackPotion"}],"is_trial":false,"path_per_floor":["M","?","?","$","M","E","M","R","T","M","M","M","R","M","R","B",null,"M","M","M","M","?","R","E","R","T","R","M","M","$","?","R","B",null,"M","$","M","?","M","R","M","R","T","E","M","?","M","?","R","B"],"character_chosen":"THE_SILENT","items_purchased":["Ice Cream","Poisoned Stab","Regen Potion","Noxious Fumes","Blur"],"campfire_rested":7,"item_purchase_floors":[30,30,30,36,36],"current_hp_per_floor":[68,68,43,43,43,19,18,39,39,38,29,18,39,39,39,31,70,60,53,39,17,3,24,2,23,23,44,35,31,31,54,54,24,70,66,66,53,53,35,35,32,53,53,16,7,7,5,5,26,0],"gold":159,"neow_bonus":"RANDOM_COMMON_RELIC","is_prod":false,"is_daily":false,"chose_seed":false,"campfire_upgraded":3,"win_rate":0,"timestamp":1559120528,"path_taken":["M","?","?","$","?","E","M","R","T","M","M","?","R","M","R","BOSS","M","M","M","M","?","R","E","R","T","R","M","M","$","?","R","BOSS","M","$","M","?","M","R","?","R","T","E","M","?","M","?","R","BOSS"],"build_version":"2019-01-23","purchased_purges":0,"victory":false,"max_hp_per_floor":[70,70,70,70,70,70,70,70,70,70,70,70,70,70,70,70,70,70,70,70,70,70,70,70,70,70,70,70,70,70,70,70,70,70,70,70,70,70,70,70,70,70,70,70,70,70,70,70,70,70],"card_choices":[{"not_picked":["Underhanded Strike","Deflect"],"picked":"Backflip","floor":1.0},{"not_picked":["Prepared","Backflip"],"picked":"PiercingWail","floor":5.0},{"not_picked":["Quick Slash","Heel Hook"],"picked":"Deflect","floor":6.0},{"not_picked":["Backflip","Envenom"],"picked":"Blur","floor":7.0},{"not_picked":["Calculated Gamble","Masterful Stab"],"picked":"Deflect","floor":10.0},{"not_picked":["Expertise","Endless Agony"],"picked":"Bouncing Flask","floor":11.0},{"not_picked":["Terror","Predator"],"picked":"Dodge and Roll","floor":12.0},{"not_picked":["Dodge and Roll","Dagger Throw"],"picked":"Riddle With Holes","floor":14.0},{"not_picked":["After Image","Night Terror"],"picked":"Adrenaline","floor":16.0},{"not_picked":["Slice","Backflip"],"picked":"Well Laid Plans","floor":18.0},{"not_picked":["Quick Slash","Eviscerate"],"picked":"Sucker Punch","floor":19.0},{"not_picked":["Masterful Stab","Well Laid Plans"],"picked":"Dash","floor":20.0},{"not_picked":["Calculated Gamble+1","Expertise+1"],"picked":"Poisoned Stab+1","floor":21.0},{"not_picked":["Calculated Gamble+1","Finisher+1"],"picked":"Blur+1","floor":22.0},{"not_picked":["Phantasmal Killer","Dagger Spray"],"picked":"Deflect+1","floor":24.0},{"not_picked":["Sucker Punch","Flying Knee+1"],"picked":"Dagger Spray+1","floor":28.0},{"not_picked":["Blade Dance","Skewer+1"],"picked":"PiercingWail+1","floor":29.0},{"not_picked":["After Image","Glass Knife"],"picked":"Venomology","floor":33.0},{"not_picked":["Predator+1","Caltrops"],"picked":"Quick Slash+1","floor":35.0},{"not_picked":["All Out Attack+1","Heel Hook"],"picked":"Backflip","floor":37.0},{"not_picked":["Endless Agony","Escape Plan"],"picked":"Noxious Fumes+1","floor":39.0},{"not_picked":["Escape Plan+1","Underhanded Strike"],"picked":"Leg Sweep+1","floor":41.0},{"not_picked":["Doppelganger","Blade Dance+1"],"picked":"PiercingWail","floor":44.0},{"not_picked":["Calculated Gamble+1","Heel Hook+1"],"picked":"Bane","floor":45.0},{"not_picked":["Swift Strike","Finesse"],"picked":"Good Instincts","floor":46.0},{"not_picked":["Terror","Poisoned Stab"],"picked":"Deadly Poison+1","floor":47.0}],"player_experience":109954,"relics_obtained":[{"floor":6.0,"key":"Orichalcum"},{"floor":9.0,"key":"Potion Belt"},{"floor":22.0,"key":"Red Mask"},{"floor":24.0,"key":"Bottled Flame"},{"floor":26.0,"key":"Du-Vu Doll"},{"floor":43.0,"key":"The Courier"},{"floor":44.0,"key":"Bird Faced Urn"}],"event_choices":[{"cards_removed":["Strike_G"],"damage_healed":0.0,"max_hp_gain":0.0,"max_hp_loss":0.0,"gold_gain":0.0,"event_name":"The Cleric","player_choice":"Card Removal","floor":2.0,"gold_loss":50.0,"damage_taken":0.0},{"damage_healed":0.0,"max_hp_gain":0.0,"max_hp_loss":0.0,"gold_gain":0.0,"event_name":"Scrap Ooze","player_choice":"Success","floor":3.0,"gold_loss":0.0,"damage_taken":25.0,"relics_obtained":["PreservedInsect"]},{"damage_healed":0.0,"max_hp_gain":0.0,"max_hp_loss":0.0,"gold_gain":0.0,"event_name":"Masked Bandits","player_choice":"Fought Bandits","floor":22.0,"gold_loss":0.0,"damage_taken":0.0},{"damage_healed":23.0,"max_hp_gain":0.0,"max_hp_loss":0.0,"gold_gain":0.0,"event_name":"The Library","player_choice":"Heal","floor":31.0,"gold_loss":0.0,"damage_taken":0.0},{"damage_healed":0.0,"max_hp_gain":0.0,"max_hp_loss":0.0,"gold_gain":0.0,"event_name":"Lab","player_choice":"Got Potions","floor":38.0,"gold_loss":0.0,"damage_taken":0.0},{"damage_healed":0.0,"max_hp_gain":0.0,"max_hp_loss":0.0,"gold_gain":0.0,"event_name":"SensoryStone","player_choice":"Memory 1","floor":46.0,"gold_loss":0.0,"damage_taken":0.0},{"damage_healed":0.0,"max_hp_gain":0.0,"max_hp_loss":0.0,"gold_gain":0.0,"event_name":"Mysterious Sphere","player_choice":"Ignored","floor":48.0,"gold_loss":0.0,"damage_taken":0.0}],"is_beta":false,"boss_relics":[{"not_picked":["Coffee Dripper","Runic Pyramid"],"picked":"Empty Cage"},{"not_picked":["Fusion Hammer","Cursed Key"],"picked":"Astrolabe"}],"items_purged_floors":[],"is_endless":false,"potions_floor_spawned":[7,10,12,16,18,20,22,33,37,39,45],"killed_by":"Awakened One","ascension_level":3}