{"gold_per_floor":[119,294,294,109,124,124,155,188,212,212,274,274,274,284,284,381,381,394,394,76,94,127,127,127,160,183,183,183,183,183,196,196,293,293,313,358,245,265,277,277,277,289,360,360,379,447,467,8,8,8],"floor_reached":50,"playtime":2197,"items_purged":["Venomology"],"score":691,"play_id":"a3b76f9b-731a-4b8c-8473-d668c5c6ea4b","local_time":"20190603004632","is_ascension_mode":true,"campfire_choices":[{"data":"Bouncing Flask","floor":6.0,"key":"SMITH"},{"floor":10.0,"key":"REST"},{"data":"Dash","floor":12.0,"key":"SMITH"},{"floor":15.0,"key":"REST"},{"floor":23.0,"key":"REST"},{"data":"Noxious Fumes","floor":28.0,"key":"SMITH"},{"data":"Sadistic Nature","floor":30.0,"key":"SMITH"},{"floor":32.0,"key":"REST"},{"data":"Crippling Poison","floor":40.0,"key":"SMITH"},{"data":"Bouncing Flask","floor":41.0,"key":"SMITH"},{"floor":44.0,"key":"REST"},{"floor":49.0,"key":"REST"}],"neow_cost":"TEN_PERCENT_HP_LOSS","seed_source_timestamp":63390233249200,"circlet_count":0,"master_deck":["Defend_G","Defend_G","Defend_G","Defend_G","Defend_G","Strike_G","Strike_G+1","Strike_G+1","Strike_G","Survivor","Neutralize","Dagger Spray","Bouncing Flask+1","Blur","Well Laid Plans","Footwork","Bouncing Flask+1","Dagger Spray","Dash+1","Blur","Backflip","Burst+1","Sadistic Nature+1","Deflect+1","Deadly Poison+1","Writhe","Noxious Fumes+1","Bullet Time","Deflect","Deadly Poison+1","Caltrops","Acrobatics+1","Crippling Poison+1","Flying Knee+1","Catalyst"],"special_seed":0,"relics":["Ring of the Snake","WingedGreaves","Snake Skull","Bronze Scales","Juzu Bracelet","Tiny Chest","Sundial","Lizard Tail","Red Mask","Mummified Hand","Dodecahedron","Bag of Preparation","Sozu","Whetstone","The Courier","Pear","Strawberry","Paper Crane","Toolbox"],"potions_floor_usage":[],"damage_taken":[{"damage":4.0,"enemies":"Small Slimes","floor":1.0,"turns":4.0},{"damage":5.0,"enemies":"2 Louse","floor":5.0,"turns":2.0},{"damage":8.0,"enemies":"Lagavulin","floor":7.0,"turns":5.0},{"damage":13.0,"enemies":"Gremlin Nob","floor":8.0,"turns":4.0},{"damage":16.0,"enemies":"Lagavulin","floor":11.0,"turns":5.0},{"damage":0.0,"enemies":"Jaw Worm","floor":14.0,"turns":4.0},{"damage":10.0,"enemies":"Hexaghost","floor":16.0,"turns":8.0},{"damage":1.0,"enemies":"Spheric Guardian","floor":18.0,"turns":3.0},{"damage":0.0,"enemies":"2 Thieves","floor":19.0,"turns":1.0},{"damage":2.0,"enemies":"Snecko","floor":21.0,"turns":4.0},{"damage":35.0,"enemies":"Masked Bandits","floor":22.0,"turns":4.0},{"damage":52.0,"enemies":"Gremlin Leader","floor":25.0,"turns":11.0},{"damage":5.0,"enemies":"Snake Plant","floor":31.0,"turns":5.0},{"damage":41.0,"enemies":"Collector","floor":33.0,"turns":8.0},{"damage":0.0,"enemies":"Orb Walker","floor":35.0,"turns":4.0},{"damage":0.0,"enemies":"3 Shapes","floor":38.0,"turns":5.0},{"damage":0.0,"enemies":"Sphere and 2 Shapes","floor":39.0,"turns":5.0},{"damage":34.0,"enemies":"Writhing Mass","floor":42.0,"turns":4.0},{"damage":29.0,"enemies":"Jaw Worm Horde","floor":45.0,"turns":4.0},{"damage":7.0,"enemies":"Spire Growth","floor":47.0,"turns":4.0},{"damage":37,"enemies":"Awakened One","floor":50,"turns":6}],"seed_played":"8149383623425273122","potions_obtained":[{"floor":1.0,"key":"Dexterity Potion"},{"floor":5.0,"key":"Poison Potion"},{"floor":16.0,"key":"SmokeBomb"},{"floor":18.0,"key":"SneckoOil"},{"floor":21.0,"key":"SpeedPotion"},{"floor":31.0,"key":"PowerPotion"},{"floor":33.0,"key":"LiquidBronze"}],"is_trial":false,"path_per_floor":["M","?","?","$","M","R","E","E","T","R","E","R","T","M","R","B",null,"M","M","$","M","?","R","?","E","T","?","R","?","R","M","R","B",null,"M","T","$","M","M","R","R","M","T","R","M","T","M","$","R","B"],"character_chosen":"THE_SILENT","items_purchased":["Bouncing Flask","Blur","Well Laid Plans","Burst","Sadistic Nature","Caltrops","Strawberry","Paper Crane","Toolbox"],"campfire_rested":6,"item_purchase_floors":[4,4,4,20,20,37,48,48,48],"current_hp_per_floor":[59,59,52,52,47,47,39,26,26,44,28,28,28,28,46,36,56,55,55,55,53,18,36,36,31,31,31,31,31,31,26,44,3,48,48,48,48,48,48,48,48,14,14,32,3,13,6,13,37,0],"gold":8,"neow_bonus":"ONE_RARE_RELIC","is_prod":false,"is_daily":false,"chose_seed":false,"campfire_upgraded":6,"win_rate":0,"timestamp":1559547992,"path_taken":["M","?","?","$","M","R","E","E","T","R","E","R","?","M","R","BOSS","M","M","$","M","?","R","?","E","T","?","R","?","R","M","R","BOSS","M","?","$","M","M","R","R","M","T","R","M","?","M","$","R","BOSS"],"build_version":"2019-01-23","purchased_purges":1,"victory":false,"max_hp_per_floor":[63,63,63,63,63,63,63,63,63,63,63,63,63,63,63,63,63,63,63,63,63,63,63,63,63,63,63,63,63,63,63,63,63,63,63,63,63,63,63,63,63,63,63,63,63,73,73,80,80,80],"card_choices":[{"not_picked":["Terror","Caltrops"],"picked":"Dagger Spray","floor":1.0},{"not_picked":["Poisoned Stab","Deflect"],"picked":"Footwork","floor":5.0},{"not_picked":["Quick Slash","Bane"],"picked":"Bouncing Flask","floor":7.0},{"not_picked":["Tactician","Accuracy"],"picked":"Dagger Spray","floor":8.0},{"not_picked":["Deflect","Unload"],"picked":"Dash","floor":11.0},{"not_picked":["Quick Slash","Endless Agony"],"picked":"Blur","floor":14.0},{"not_picked":["Underhanded Strike","Predator+1"],"picked":"Backflip","floor":18.0},{"not_picked":["Quick Slash","Flechettes"],"picked":"Deflect+1","floor":21.0},{"not_picked":["Dodge and Roll","Acrobatics"],"picked":"Deadly Poison+1","floor":22.0},{"not_picked":["Dagger Throw+1","Underhanded Strike"],"picked":"Noxious Fumes","floor":25.0},{"not_picked":["Quick Slash","Flying Knee"],"picked":"Deflect","floor":31.0},{"not_picked":["Unload","Glass Knife"],"picked":"Venomology","floor":33.0},{"not_picked":["Expertise","Prepared+1"],"picked":"Deadly Poison+1","floor":35.0},{"not_picked":["Prepared","Finisher+1"],"picked":"Acrobatics+1","floor":38.0},{"not_picked":["Finisher","Dagger Throw"],"picked":"Crippling Poison","floor":39.0},{"not_picked":["Cloak And Dagger+1","Underhanded Strike"],"picked":"Flying Knee+1","floor":42.0},{"not_picked":["Quick Slash","Sucker Punch","Glass Knife"],"picked":"SKIP","floor":45.0},{"not_picked":["Dagger Throw+1","Masterful Stab+1"],"picked":"Catalyst","floor":47.0}],"player_experience":217121,"relics_obtained":[{"floor":7.0,"key":"Snake Skull"},{"floor":8.0,"key":"Bronze Scales"},{"floor":9.0,"key":"Juzu Bracelet"},{"floor":11.0,"key":"Tiny Chest"},{"floor":13.0,"key":"Sundial"},{"floor":22.0,"key":"Red Mask"},{"floor":25.0,"key":"Dodecahedron"},{"floor":26.0,"key":"Bag of Preparation"},{"floor":36.0,"key":"Whetstone"},{"floor":43.0,"key":"The Courier"},{"floor":46.0,"key":"Pear"}],"event_choices":[{"damage_healed":0.0,"max_hp_gain":0.0,"max_hp_loss":0.0,"gold_gain":175.0,"event_name":"Liars Game","player_choice":"AGREE","floor":2.0,"gold_loss":0.0,"damage_taken":0.0,"cards_obtained":["Doubt"]},{"cards_removed":["Doubt"],"damage_healed":0.0,"max_hp_gain":0.0,"max_hp_loss":0.0,"gold_gain":0.0,"event_name":"Golden Wing","player_choice":"Card Removal","floor":3.0,"gold_loss":0.0,"damage_taken":7.0},{"damage_healed":0.0,"max_hp_gain":0.0,"max_hp_loss":0.0,"gold_gain":0.0,"event_name":"Masked Bandits","player_choice":"Fought Bandits","floor":22.0,"gold_loss":0.0,"damage_taken":0.0},{"damage_healed":0.0,"max_hp_gain":0.0,"max_hp_loss":0.0,"gold_gain":0.0,"event_name":"The Mausoleum","player_choice":"Opened","floor":24.0,"gold_loss":0.0,"damage_taken":0.0,"relics_obtained":["Mummified Hand"],"cards_obtained":["Writhe"]},{"damage_healed":0.0,"max_hp_gain":0.0,"max_hp_loss":0.0,"gold_gain":0.0,"cards_transformed":["Strike_G"],"event_name":"Transmorgrifier","player_choice":"Transformed","floor":27.0,"gold_loss":0.0,"damage_taken":0.0,"cards_obtained":["Bullet Time"]},{"damage_healed":0.0,"max_hp_gain":0.0,"max_hp_loss":0.0,"gold_gain":0.0,"event_name":"Upgrade Shrine","player_choice":"Upgraded","floor":29.0,"gold_loss":0.0,"damage_taken":0.0,"cards_upgraded":["Burst"]}],"is_beta":false,"boss_relics":[{"not_picked":["Runic Dome","Snecko Eye"],"picked":"Lizard Tail"},{"not_picked":["Velvet Choker","HoveringKite"],"picked":"Sozu"}],"items_purged_floors":[37],"is_endless":false,"potions_floor_spawned":[1,5,16,18,21,31,33,35,45],"killed_by":"Awakened One","ascension_level":8}