{"gold_per_floor":[115,115,130,145,156,188,463,463,488,523,15,25,56,75,75,152,152,164,164,184,201,214,214],"floor_reached":23,"playtime":1546,"items_purged":["Regret"],"score":430,"play_id":"4c429295-bdd0-4af6-8364-45de70040dff","local_time":"20190607172917","is_ascension_mode":true,"campfire_choices":[{"floor":8,"key":"REST"},{"floor":15,"key":"REST"}],"neow_cost":"NONE","seed_source_timestamp":1381089468554330,"circlet_count":0,"master_deck":["AscendersBane","Strike_B","Defend_B","Defend_B","Defend_B","Defend_B","Zap","Dualcast","Reinforced Body","Defragment","Conserve Battery","Multi-Cast","Ball Lightning","Rainbow","Cold Snap","Coolheaded","Chrysalis","Double Energy","Cold Snap","Reboot","Darkness+1","Leap+1","Blizzard+1","Ball Lightning","Coolheaded","Loop","Chill"],"relics":["Fusion Hammer","Smiling Mask","Blood Vial","Ice Cream","Strawberry","Centennial Puzzle","Astrolabe","FaceOfCleric"],"potions_floor_usage":[6,6,22,23],"damage_taken":[{"damage":4,"enemies":"Small Slimes","floor":1,"turns":4},{"damage":1,"enemies":"2 Louse","floor":3,"turns":3},{"damage":0,"enemies":"Cultist","floor":4,"turns":4},{"damage":4,"enemies":"Looter","floor":5,"turns":4},{"damage":23,"enemies":"3 Sentries","floor":6,"turns":6},{"damage":23,"enemies":"Lagavulin","floor":10,"turns":9},{"damage":0,"enemies":"Red Slaver","floor":12,"turns":4},{"damage":5,"enemies":"3 Sentries","floor":13,"turns":7},{"damage":0,"enemies":"2 Fungi Beasts","floor":14,"turns":4},{"damage":47,"enemies":"Hexaghost","floor":16,"turns":13},{"damage":10,"enemies":"3 Byrds","floor":18,"turns":7},{"damage":0,"enemies":"Spheric Guardian","floor":20,"turns":3},{"damage":6,"enemies":"Centurion and Healer","floor":21,"turns":7},{"damage":19,"enemies":"Shelled Parasite and Fungi","floor":22,"turns":6},{"damage":43,"enemies":"Book of Stabbing","floor":23,"turns":7}],"seed_played":"-2839562263990313737","potions_obtained":[{"floor":4,"key":"PowerPotion"},{"floor":5,"key":"Regen Potion"},{"floor":10,"key":"Block Potion"},{"floor":14,"key":"FocusPotion"}],"is_trial":false,"path_per_floor":["M","?","M","M","M","E","?","R","T","E","$","M","E","M","R","B",null,"M","?","M","M","M","E"],"character_chosen":"DEFECT","items_purchased":["Strawberry","Cold Snap","Coolheaded","Chrysalis"],"campfire_rested":2,"item_purchase_floors":[11,11,11,11],"current_hp_per_floor":[60,42,41,41,37,29,29,50,50,29,36,38,35,37,60,15,62,54,54,57,54,38,0],"gold":214,"neow_bonus":"BOSS_RELIC","is_prod":false,"is_daily":false,"chose_seed":false,"campfire_upgraded":0,"win_rate":0,"timestamp":1559953757,"path_taken":["M","?","M","M","M","E","?","R","T","E","$","?","E","M","R","BOSS","M","?","M","M","?","E"],"build_version":"2019-01-23","purchased_purges":1,"victory":false,"max_hp_per_floor":[71,71,71,71,71,71,71,71,71,71,78,78,78,78,78,78,78,78,78,79,80,81,81],"card_choices":[{"not_picked":["Barrage","Conserve Battery"],"picked":"Reinforced Body","floor":1},{"not_picked":["Static Discharge","Rebound"],"picked":"Defragment","floor":3},{"not_picked":["Beam Cell","Compile Driver"],"picked":"Conserve Battery","floor":4},{"not_picked":["Stack","Rebound"],"picked":"Multi-Cast","floor":5},{"not_picked":["Barrage","Streamline"],"picked":"Ball Lightning","floor":6},{"not_picked":["Sweeping Beam","Recycle"],"picked":"Rainbow","floor":10},{"not_picked":["Barrage","Streamline","Steam"],"picked":"SKIP","floor":12},{"not_picked":["Reprogram","Turbo"],"picked":"Double Energy","floor":13},{"not_picked":["Redo","Compile Driver"],"picked":"Cold Snap","floor":14},{"not_picked":["Hyperbeam","Thunder Strike"],"picked":"Reboot","floor":16},{"not_picked":["Barrage","Blizzard"],"picked":"Ball Lightning","floor":18},{"not_picked":["Skim+1","Hologram"],"picked":"Coolheaded","floor":20},{"not_picked":["Cold Snap+1","Barrage+1"],"picked":"Loop","floor":21},{"not_picked":["Heatsinks","Barrage"],"picked":"Chill","floor":22}],"player_experience":841435,"relics_obtained":[{"floor":6,"key":"Blood Vial"},{"floor":10,"key":"Ice Cream"},{"floor":13,"key":"Centennial Puzzle"}],"event_choices":[{"damage_healed":0,"gold_gain":0,"player_choice":"Success","damage_taken":18,"relics_obtained":["Smiling Mask"],"max_hp_gain":0,"max_hp_loss":0,"event_name":"Scrap Ooze","floor":2,"gold_loss":0},{"damage_healed":0,"gold_gain":275,"player_choice":"Desecrate","damage_taken":0,"max_hp_gain":0,"max_hp_loss":0,"event_name":"Golden Shrine","floor":7,"gold_loss":0,"cards_obtained":["Regret"]},{"damage_healed":0,"gold_gain":0,"player_choice":"Trade","damage_taken":0,"relics_obtained":["FaceOfCleric"],"max_hp_gain":0,"max_hp_loss":0,"event_name":"FaceTrader","floor":19,"gold_loss":0}],"is_beta":false,"boss_relics":[{"not_picked":["Philosopher\u0027s Stone","Lizard Tail"],"picked":"Astrolabe"}],"items_purged_floors":[11],"is_endless":false,"potions_floor_spawned":[4,5,10,14,20],"killed_by":"Book of Stabbing","ascension_level":20}