{"gold_per_floor":[111,39,39,50,50,85,85,115,138,156,171,200,57,74,74,179,179,194,194,17,28,28,62,62,96,165,165,185,24,38,49,49,150,150,169,180,199,199,199,227,68,68,68,100,100,119,153,164,164,164],"floor_reached":50,"playtime":4813,"items_purged":["Strike_B","Strike_B","Strike_B"],"score":704,"play_id":"6521069b-92ec-4991-8e2e-b5a44c4e4b23","local_time":"20181025173727","is_ascension_mode":true,"campfire_choices":[{"data":"Sunder","floor":7,"key":"SMITH"},{"data":"Defragment","floor":15,"key":"SMITH"},{"data":"Echo Form","floor":24,"key":"SMITH"},{"data":"Seek","floor":27,"key":"SMITH"},{"floor":32,"key":"REST"},{"data":"Fusion","floor":42,"key":"SMITH"},{"data":"Dualcast","floor":45,"key":"SMITH"},{"floor":49,"key":"REST"}],"neow_cost":"NONE","seed_source_timestamp":639423363956786,"circlet_count":0,"master_deck":["Defend_B","Defend_B","Defend_B","Defend_B","Zap","Dualcast+1","Sunder+1","Defragment+1","Static Discharge","Auto Shields","Barrage","Conserve Battery","Cold Snap","Ball Lightning","Static Discharge","Self Repair+1","Echo Form+1","Sweeping Beam+1","Necronomicurse","Chill","Skim","Seek+1","Clumsy","Leap","Electrodynamics","Heatsinks+1","FTL","Conserve Battery+1","Fusion+1","Go for the Eyes","Compile Driver+1"],"relics":["Cracked Core","NeowsBlessing","Pen Nib","Pear","Bag of Marbles","Sundial","Cursed Key","Necronomicon","The Courier","Bronze Scales","Mummified Hand","Inserter","Centennial Puzzle","Bag of Preparation","Thread and Needle","Blue Candle"],"potions_floor_usage":[14,16,18,25,28,33,33,40,46,47,50],"damage_taken":[{"damage":0,"enemies":"Small Slimes","floor":1,"turns":1},{"damage":0,"enemies":"Cultist","floor":4,"turns":1},{"damage":0,"enemies":"Gremlin Nob","floor":6,"turns":1},{"damage":17,"enemies":"3 Sentries","floor":8,"turns":7},{"damage":0,"enemies":"Jaw Worm","floor":10,"turns":1},{"damage":7,"enemies":"Exordium Wildlife","floor":11,"turns":3},{"damage":18,"enemies":"Lagavulin","floor":12,"turns":5},{"damage":3,"enemies":"Gremlin Gang","floor":14,"turns":5},{"damage":9,"enemies":"The Guardian","floor":16,"turns":8},{"damage":18,"enemies":"3 Byrds","floor":18,"turns":4},{"damage":0,"enemies":"Chosen","floor":21,"turns":4},{"damage":21,"enemies":"Gremlin Leader","floor":23,"turns":6},{"damage":0,"enemies":"Book of Stabbing","floor":25,"turns":2},{"damage":11,"enemies":"Snecko","floor":28,"turns":4},{"damage":0,"enemies":"Shelled Parasite and Fungi","floor":30,"turns":4},{"damage":0,"enemies":"Cultist and Chosen","floor":31,"turns":4},{"damage":14,"enemies":"Collector","floor":33,"turns":6},{"damage":0,"enemies":"3 Darklings","floor":35,"turns":5},{"damage":0,"enemies":"3 Shapes","floor":36,"turns":3},{"damage":0,"enemies":"Sphere and 2 Shapes","floor":37,"turns":3},{"damage":14,"enemies":"Reptomancer","floor":40,"turns":6},{"damage":34,"enemies":"Nemesis","floor":44,"turns":7},{"damage":19,"enemies":"Maw","floor":46,"turns":6},{"damage":4,"enemies":"Reptomancer","floor":47,"turns":5},{"damage":16,"enemies":"Jaw Worm Horde","floor":48,"turns":3},{"damage":88,"enemies":"Awakened One","floor":50,"turns":9}],"seed_played":"7299291196600182595","potions_obtained":[{"floor":6,"key":"Strength Potion"},{"floor":8,"key":"Ancient Potion"},{"floor":14,"key":"Regen Potion"},{"floor":18,"key":"SkillPotion"},{"floor":23,"key":"Dexterity Potion"},{"floor":30,"key":"Swift Potion"},{"floor":31,"key":"GamblersBrew"},{"floor":33,"key":"LiquidBronze"},{"floor":36,"key":"Explosive Potion"},{"floor":40,"key":"EssenceOfSteel"},{"floor":44,"key":"GamblersBrew"},{"floor":48,"key":"Fire Potion"}],"is_trial":false,"path_per_floor":["M","$","?","M","?","E","R","E","T","M","M","E","$","M","R","B",null,"M","?","$","M","?","E","R","E","T","R","M","$","M","M","R","B",null,"M","M","M","?","?","E","$","R","T","E","R","M","E","M","R"],"character_chosen":"DEFECT","items_purchased":["Defragment","Static Discharge","Chill","Electrodynamics","Bag of Preparation","PowerPotion"],"campfire_rested":2,"item_purchase_floors":[2,13,20,29,41,41],"current_hp_per_floor":[75,75,75,75,75,75,75,68,68,68,61,43,43,40,40,46,85,74,58,58,58,58,44,44,44,44,44,40,40,47,47,72,65,85,85,85,85,85,85,81,81,81,81,57,57,48,54,48,73,0],"gold":164,"neow_bonus":"THREE_ENEMY_KILL","is_prod":false,"is_daily":false,"chose_seed":false,"campfire_upgraded":6,"win_rate":0,"timestamp":1540481847,"path_taken":["M","$","?","?","?","E","R","E","T","M","M","E","$","M","R","BOSS","M","?","$","M","?","E","R","E","T","R","M","$","M","M","R","BOSS","M","M","M","?","?","E","?","R","T","E","R","?","E","M","R","BOSS"],"build_version":"2018-10-18","purchased_purges":3,"victory":false,"max_hp_per_floor":[75,75,75,75,75,75,75,85,85,85,85,85,85,85,85,85,85,85,85,85,85,85,85,85,85,85,85,85,85,85,85,85,85,85,85,85,85,85,85,85,85,85,85,85,85,85,85,85,85,85],"card_choices":[{"not_picked":["Hologram","Chill"],"picked":"Sunder","floor":1},{"not_picked":["Hologram","Storm"],"picked":"Static Discharge","floor":4},{"not_picked":["Steam","Steam Power"],"picked":"Auto Shields","floor":6},{"not_picked":["Cold Snap","Turbo"],"picked":"Barrage","floor":8},{"not_picked":["Rip and Tear","Double Energy"],"picked":"Conserve Battery","floor":10},{"not_picked":["Blizzard","Hello World"],"picked":"Cold Snap","floor":11},{"not_picked":["Cold Snap","Steam"],"picked":"Ball Lightning","floor":12},{"not_picked":["Compile Driver","Rip and Tear"],"picked":"Self Repair","floor":14},{"not_picked":["Machine Learning","Amplify"],"picked":"Echo Form","floor":16},{"not_picked":["Streamline","Consume"],"picked":"Sweeping Beam+1","floor":18},{"not_picked":["Tempest+1","Heatsinks"],"picked":"Capacitor","floor":21},{"not_picked":["Turbo","Static Discharge"],"picked":"Skim","floor":23},{"not_picked":["Barrage+1","Compile Driver+1"],"picked":"Seek","floor":25},{"not_picked":["Redo","Barrage"],"picked":"Leap","floor":28},{"not_picked":["Compile Driver","Skim+1"],"picked":"Heatsinks+1","floor":30},{"not_picked":["Redo+1","Rebound","Chill"],"picked":"SKIP","floor":31},{"not_picked":["Recycle+1","Steam Power+1","Compile Driver"],"picked":"SKIP","floor":35},{"not_picked":["Stack","Hologram"],"picked":"FTL","floor":36},{"not_picked":["Lockon+1","Skim+1"],"picked":"Conserve Battery+1","floor":37},{"not_picked":["Conserve Battery","Stack"],"picked":"Fusion","floor":40},{"not_picked":["Rip and Tear+1","Barrage","Echo Form"],"picked":"SKIP","floor":44},{"not_picked":["Cold Snap","Redo+1"],"picked":"Go for the Eyes","floor":46},{"not_picked":["Turbo+1","Ball Lightning"],"picked":"Compile Driver+1","floor":47},{"not_picked":["Recycle","Ball Lightning","Beam Cell+1"],"picked":"SKIP","floor":48}],"player_experience":142111,"relics_obtained":[{"floor":6,"key":"Pen Nib"},{"floor":8,"key":"Pear"},{"floor":9,"key":"Bag of Marbles"},{"floor":12,"key":"Sundial"},{"floor":19,"key":"Necronomicon"},{"floor":23,"key":"The Courier"},{"floor":25,"key":"Bronze Scales"},{"floor":26,"key":"Mummified Hand"},{"floor":40,"key":"Centennial Puzzle"},{"floor":44,"key":"Thread and Needle"},{"floor":47,"key":"Blue Candle"}],"event_choices":[{"damage_healed":0,"gold_gain":0,"player_choice":"Ignored","damage_taken":0,"max_hp_gain":0,"max_hp_loss":0,"event_name":"WeMeetAgain","floor":3,"gold_loss":0},{"damage_healed":0,"gold_gain":0,"player_choice":"Ignored","damage_taken":0,"max_hp_gain":0,"max_hp_loss":0,"event_name":"Golden Idol","floor":5,"gold_loss":0},{"damage_healed":0,"gold_gain":0,"player_choice":"Obtained Book","damage_taken":16,"max_hp_gain":0,"max_hp_loss":0,"event_name":"Cursed Tome","floor":19,"gold_loss":0},{"cards_removed":["Strike_B"],"damage_healed":0,"gold_gain":0,"player_choice":"Elegance","damage_taken":0,"max_hp_gain":0,"max_hp_loss":0,"event_name":"Back to Basics","floor":22,"gold_loss":0},{"cards_removed":["Capacitor"],"damage_healed":0,"gold_gain":0,"player_choice":"Purged","damage_taken":0,"max_hp_gain":0,"max_hp_loss":0,"event_name":"Purifier","floor":38,"gold_loss":0},{"damage_healed":0,"gold_gain":0,"player_choice":"Forge","damage_taken":0,"max_hp_gain":0,"max_hp_loss":0,"event_name":"Accursed Blacksmith","floor":39,"gold_loss":0,"cards_upgraded":["Self Repair"]}],"is_beta":false,"boss_relics":[{"not_picked":["Runic Dome","Calling Bell"],"picked":"Cursed Key"},{"not_picked":["Lizard Tail","Orrery"],"picked":"Inserter"}],"items_purged_floors":[13,20,29],"is_endless":false,"potions_floor_spawned":[6,8,14,18,23,30,31,33,36,40,44,48],"killed_by":"Awakened One","ascension_level":2}