{"gold_per_floor":[109,109,127,45,63,63,78,106,130,157,157,190,190,190,190,293,293,305,330,341,31,42,42,73,73,98,129,129,143,143,157,157,157],"floor_reached":33,"playtime":2729,"items_purged":["Strike_R"],"score":343,"play_id":"ff5e7fd7-c026-499b-9974-5b52e6e60a76","local_time":"20190427183557","is_ascension_mode":true,"campfire_choices":[{"floor":6,"key":"RECALL"},{"floor":11,"key":"REST"},{"data":"Inflame","floor":13,"key":"SMITH"},{"data":"Seeing Red","floor":15,"key":"SMITH"},{"data":"Limit Break","floor":23,"key":"SMITH"},{"data":"Flex","floor":25,"key":"SMITH"},{"data":"Disarm","floor":28,"key":"SMITH"},{"data":"Cleave","floor":30,"key":"SMITH"},{"data":"Fire Breathing","floor":32,"key":"SMITH"}],"neow_cost":"NONE","seed_source_timestamp":188755205864600,"circlet_count":0,"master_deck":["Strike_R","Strike_R","Strike_R","Defend_R","Defend_R","Defend_R","Defend_R","Bash+1","Sword Boomerang","Cleave+1","Disarm+1","Flex+1","Seeing Red+1","Power Through","Inflame+1","Feed","Limit Break+1","Metallicize+1","Shrug It Off+1","Cleave","Disarm+1","Pommel Strike+1","Fire Breathing+1","Bloodletting+1","Flex+1"],"relics":["Burning Blood","NeowsBlessing","Pen Nib","Boot","Meat on the Bone","Mark of Pain","Strawberry","Sling","Blood Vial","Anchor","Magic Flower"],"potions_floor_usage":[12,12,16,20,22,24,27],"damage_taken":[{"damage":0,"enemies":"Small Slimes","floor":1,"turns":1},{"damage":0,"enemies":"2 Louse","floor":3,"turns":1},{"damage":0,"enemies":"Cultist","floor":5,"turns":1},{"damage":14,"enemies":"Exordium Wildlife","floor":7,"turns":4},{"damage":27,"enemies":"Lagavulin","floor":8,"turns":8},{"damage":27,"enemies":"3 Sentries","floor":10,"turns":6},{"damage":12,"enemies":"Lagavulin","floor":12,"turns":4},{"damage":37,"enemies":"Hexaghost","floor":16,"turns":11},{"damage":20,"enemies":"Spheric Guardian","floor":18,"turns":4},{"damage":17,"enemies":"Shell Parasite","floor":20,"turns":5},{"damage":20,"enemies":"Shelled Parasite and Fungi","floor":22,"turns":6},{"damage":26,"enemies":"Gremlin Leader","floor":24,"turns":8},{"damage":30,"enemies":"Slavers","floor":27,"turns":3},{"damage":6,"enemies":"Snake Plant","floor":29,"turns":5},{"damage":19,"enemies":"Cultist and Chosen","floor":31,"turns":5},{"damage":91,"enemies":"Automaton","floor":33,"turns":10}],"seed_played":"4664462085128429166","potions_obtained":[{"floor":1,"key":"Poison Potion"},{"floor":5,"key":"Dexterity Potion"},{"floor":10,"key":"PowerPotion"},{"floor":12,"key":"SpeedPotion"},{"floor":18,"key":"Dexterity Potion"},{"floor":22,"key":"Regen Potion"},{"floor":24,"key":"Poison Potion"}],"is_trial":false,"path_per_floor":["M","?","M","$","M","R","M","E","T","E","R","E","R","?","R","B",null,"M","T","M","$","M","R","E","R","T","E","R","M","R","M","R","B"],"character_chosen":"IRONCLAD","items_purchased":["Disarm","Flex","Sling","Cleave"],"campfire_rested":1,"item_purchase_floors":[4,4,21,21],"current_hp_per_floor":[80,80,80,80,80,80,72,51,51,30,54,48,48,48,48,29,80,66,73,62,62,63,63,61,61,61,54,54,65,65,76,76,0],"gold":157,"neow_bonus":"THREE_ENEMY_KILL","is_prod":false,"is_daily":false,"chose_seed":false,"campfire_upgraded":7,"win_rate":0,"timestamp":1556382957,"path_taken":["M","?","M","$","M","R","M","E","T","E","R","E","R","?","R","BOSS","M","?","M","$","M","R","E","R","T","E","R","M","R","M","R","BOSS"],"build_version":"2019-01-23","purchased_purges":1,"victory":false,"max_hp_per_floor":[80,80,80,80,80,80,80,80,80,80,80,80,80,80,80,80,80,80,87,87,87,90,90,93,93,93,96,96,99,99,99,99,99],"card_choices":[{"not_picked":["Sever Soul","Warcry"],"picked":"Sword Boomerang","floor":1},{"not_picked":["Clothesline","Body Slam"],"picked":"Cleave","floor":3},{"not_picked":["Sever Soul","Shrug It Off"],"picked":"Seeing Red","floor":5},{"not_picked":["Pummel","Cleave"],"picked":"Power Through","floor":7},{"not_picked":["Fiend Fire","Clothesline"],"picked":"Inflame","floor":8},{"not_picked":["Blood for Blood","Perfected Strike","Corruption"],"picked":"SKIP","floor":10},{"not_picked":["Sword Boomerang","Wild Strike"],"picked":"Feed","floor":12},{"not_picked":["Double Tap","Fiend Fire"],"picked":"Limit Break","floor":16},{"not_picked":["Headbutt","Armaments"],"picked":"Metallicize+1","floor":18},{"not_picked":["Perfected Strike","Clothesline"],"picked":"Shrug It Off+1","floor":20},{"not_picked":["Clash+1","Twin Strike"],"picked":"Disarm+1","floor":22},{"not_picked":["Whirlwind+1","Perfected Strike"],"picked":"Pommel Strike+1","floor":24},{"not_picked":["Clothesline","Fiend Fire"],"picked":"Fire Breathing","floor":27},{"not_picked":["Cleave+1","Havoc"],"picked":"Bloodletting+1","floor":29},{"not_picked":["Pummel","Perfected Strike"],"picked":"Flex+1","floor":31}],"player_experience":196529,"relics_obtained":[{"floor":8,"key":"Pen Nib"},{"floor":10,"key":"Boot"},{"floor":12,"key":"Meat on the Bone"},{"floor":19,"key":"Strawberry"},{"floor":24,"key":"Blood Vial"},{"floor":26,"key":"Anchor"},{"floor":27,"key":"Magic Flower"}],"event_choices":[{"damage_healed":0,"gold_gain":0,"player_choice":"Grow","damage_taken":0,"max_hp_gain":0,"max_hp_loss":0,"event_name":"Living Wall","floor":2,"gold_loss":0,"cards_upgraded":["Bash"]},{"cards_removed":["Strike_R"],"damage_healed":0,"gold_gain":0,"player_choice":"Offered Basic","damage_taken":0,"max_hp_gain":0,"max_hp_loss":0,"event_name":"Bonfire Elementals","floor":14,"gold_loss":0}],"is_beta":false,"boss_relics":[{"not_picked":["Pandora\u0027s Box","Black Star"],"picked":"Mark of Pain"}],"items_purged_floors":[21],"is_endless":false,"potions_floor_spawned":[1,5,10,12,18,22,24],"killed_by":"Automaton","ascension_level":1}