{"gold_per_floor":[118,131,131,142,142,142,177,191,191,221,256,256,256,256,256,358,358,371,387,404,105,204,239,239,239],"floor_reached":25,"playtime":1301,"items_purged":[],"score":288,"play_id":"2fbdd26a-254b-4056-aa85-598e18b3ae89","local_time":"20190528232112","is_ascension_mode":true,"campfire_choices":[{"data":"Deadly Poison","floor":6.0,"key":"SMITH"},{"floor":12.0,"key":"REST"},{"floor":15.0,"key":"REST"},{"floor":24,"key":"REST"}],"neow_cost":"NONE","seed_source_timestamp":90384933980400,"circlet_count":0,"master_deck":["Defend_G","Defend_G","Defend_G","Defend_G","Defend_G","Strike_G","Strike_G","Strike_G","Strike_G","Strike_G","Survivor","Neutralize","Bane+1","Deadly Poison+1","Backflip","Outmaneuver","Dagger Spray+1","Slice+1","Doppelganger","Leg Sweep","Catalyst","Dagger Spray+1","Catalyst","Well Laid Plans"],"special_seed":0,"relics":["Ring of the Snake","Molten Egg 2","Pear","Kunai","Darkstone Periapt","HoveringKite","PreservedInsect","Bottled Flame"],"potions_floor_usage":[20,20,23],"damage_taken":[{"damage":3.0,"enemies":"Small Slimes","floor":1.0,"turns":4.0},{"damage":0.0,"enemies":"Jaw Worm","floor":2.0,"turns":6.0},{"damage":0.0,"enemies":"2 Louse","floor":4.0,"turns":3.0},{"damage":46.0,"enemies":"3 Sentries","floor":7.0,"turns":15.0},{"damage":9.0,"enemies":"Large Slime","floor":8.0,"turns":8.0},{"damage":20.0,"enemies":"Lagavulin","floor":11.0,"turns":9.0},{"damage":36.0,"enemies":"Slime Boss","floor":16.0,"turns":11.0},{"damage":28.0,"enemies":"Shell Parasite","floor":18.0,"turns":7.0},{"damage":8,"enemies":"Chosen","floor":19,"turns":6},{"damage":12,"enemies":"Snake Plant","floor":20,"turns":5},{"damage":30,"enemies":"Slavers","floor":23,"turns":5},{"damage":42,"enemies":"Centurion and Healer","floor":25,"turns":8}],"seed_played":"8261276409514426472","potions_obtained":[{"floor":1.0,"key":"SteroidPotion"},{"floor":4.0,"key":"SkillPotion"},{"floor":7.0,"key":"Dexterity Potion"},{"floor":16.0,"key":"Explosive Potion"},{"floor":20,"key":"AttackPotion"}],"is_trial":false,"path_per_floor":["M","M","$","M","?","R","E","M","T","?","E","R","?","?","R","B",null,"M","M","M","$","?","E","R","M"],"character_chosen":"THE_SILENT","items_purchased":["PreservedInsect","Catalyst","Well Laid Plans"],"campfire_rested":3,"item_purchase_floors":[21,21,21],"current_hp_per_floor":[74,74,74,74,67,67,31,22,22,22,2,28,57,57,83,47,87,59,51,39,39,39,9,35,0],"gold":239,"neow_bonus":"TEN_PERCENT_HP_BONUS","is_prod":false,"is_daily":false,"chose_seed":false,"campfire_upgraded":1,"win_rate":0,"timestamp":1559110872,"path_taken":["M","M","$","M","?","R","E","M","T","?","E","R","?","?","R","BOSS","M","M","M","$","?","E","R","M"],"build_version":"2019-01-23","purchased_purges":0,"victory":false,"max_hp_per_floor":[77,77,77,77,77,77,87,87,87,87,87,87,87,87,87,87,87,87,87,87,87,87,87,87,87],"card_choices":[{"not_picked":["Accuracy","Eviscerate"],"picked":"Bane","floor":1.0},{"not_picked":["Calculated Gamble","Well Laid Plans"],"picked":"Deadly Poison","floor":2.0},{"not_picked":["Sucker Punch","Tactician"],"picked":"Backflip","floor":4.0},{"not_picked":["Tactician","Infinite Blades"],"picked":"Outmaneuver","floor":7.0},{"not_picked":["Bane+1","Cloak And Dagger"],"picked":"Dagger Spray+1","floor":8.0},{"not_picked":["Wraith Form v2","Infinite Blades"],"picked":"Slice+1","floor":11.0},{"not_picked":["Night Terror","Malaise"],"picked":"Doppelganger","floor":16.0},{"not_picked":["Infinite Blades","Cloak And Dagger"],"picked":"Leg Sweep","floor":18.0},{"not_picked":["Slice+1","All Out Attack+1"],"picked":"Catalyst","floor":19},{"not_picked":["Quick Slash+1","Blade Dance"],"picked":"Dagger Spray+1","floor":20},{"not_picked":["Dagger Spray+1","Crippling Poison","Outmaneuver+1"],"picked":"SKIP","floor":23}],"player_experience":104338,"relics_obtained":[{"floor":7.0,"key":"Pear"},{"floor":9.0,"key":"Kunai"},{"floor":11.0,"key":"Darkstone Periapt"},{"floor":23,"key":"Bottled Flame"}],"event_choices":[{"damage_healed":0.0,"max_hp_gain":0.0,"max_hp_loss":0.0,"gold_gain":0.0,"event_name":"Scrap Ooze","player_choice":"Success","floor":5.0,"gold_loss":0.0,"damage_taken":7.0,"relics_obtained":["Molten Egg 2"]},{"damage_healed":0.0,"max_hp_gain":0.0,"max_hp_loss":0.0,"gold_gain":30.0,"event_name":"Dead Adventurer","player_choice":"Searched \u00271\u0027 times","floor":10.0,"gold_loss":0.0,"damage_taken":0.0},{"damage_healed":29.0,"max_hp_gain":0.0,"max_hp_loss":0.0,"gold_gain":0.0,"event_name":"Big Fish","player_choice":"Banana","floor":13.0,"gold_loss":0.0,"damage_taken":0.0},{"damage_healed":0.0,"max_hp_gain":0.0,"max_hp_loss":0.0,"gold_gain":0.0,"event_name":"Living Wall","player_choice":"Grow","floor":14.0,"gold_loss":0.0,"damage_taken":0.0,"cards_upgraded":["Bane"]},{"damage_healed":0,"gold_gain":99,"player_choice":"Stole From Cult","damage_taken":0,"max_hp_gain":0,"max_hp_loss":0,"event_name":"Nest","floor":22,"gold_loss":0}],"is_beta":false,"boss_relics":[{"not_picked":["Snecko Eye","Runic Dome"],"picked":"HoveringKite"}],"items_purged_floors":[],"is_endless":false,"potions_floor_spawned":[1,4,7,16,20],"killed_by":"Centurion and Healer","ascension_level":3}