{"gold_per_floor":[112,112,31,43,43,68,68,96,173,203,236,236,236,236,236,334,334,322,244,263,278,290,290,319,319,319,319,337,337],"floor_reached":29,"playtime":1182,"items_purged":[],"score":454,"play_id":"7fe3b87a-99bb-4153-b9d2-11ff1539c9ad","local_time":"20190606060728","is_ascension_mode":true,"campfire_choices":[{"data":"Bouncing Flask","floor":7.0,"key":"SMITH"},{"data":"Dodge and Roll","floor":12.0,"key":"SMITH"},{"data":"Survivor","floor":15.0,"key":"SMITH"},{"floor":23.0,"key":"REST"},{"floor":25.0,"key":"REST"}],"neow_cost":"NONE","seed_source_timestamp":176607979863600,"circlet_count":0,"master_deck":["AscendersBane","Defend_G","Defend_G","Defend_G","Defend_G","Defend_G","Strike_G","Strike_G","Strike_G+1","Strike_G+1","Strike_G","Survivor+1","Neutralize","Bane","Dodge and Roll+1","Blind","Well Laid Plans","Slice","Bouncing Flask+1","PiercingWail+1","Sucker Punch","Setup+1","Noxious Fumes","Dash+1","Catalyst+1","Prepared+1","Bouncing Flask"],"special_seed":0,"relics":["Ring of the Snake","NeowsBlessing","Smiling Mask","Du-Vu Doll","Meat on the Bone","Omamori","Bird Faced Urn","Philosopher\u0027s Stone","Potion Belt","Whetstone"],"potions_floor_usage":[29],"damage_taken":[{"damage":0.0,"enemies":"Small Slimes","floor":1.0,"turns":1.0},{"damage":0.0,"enemies":"Cultist","floor":4.0,"turns":1.0},{"damage":0.0,"enemies":"Lagavulin","floor":6.0,"turns":1.0},{"damage":8.0,"enemies":"Gremlin Nob","floor":8.0,"turns":3.0},{"damage":19.0,"enemies":"3 Sentries","floor":11.0,"turns":9.0},{"damage":17.0,"enemies":"Hexaghost","floor":16.0,"turns":10.0},{"damage":10.0,"enemies":"2 Thieves","floor":18.0,"turns":4.0},{"damage":32.0,"enemies":"Shell Parasite","floor":20.0,"turns":7.0},{"damage":20.0,"enemies":"Cultist and Chosen","floor":21.0,"turns":8.0},{"damage":11.0,"enemies":"Snake Plant","floor":22.0,"turns":4.0},{"damage":27.0,"enemies":"Book of Stabbing","floor":24.0,"turns":6.0},{"damage":55.0,"enemies":"Chosen and Byrds","floor":28.0,"turns":7.0},{"damage":25,"enemies":"Gremlin Leader","floor":29,"turns":4}],"seed_played":"-8246959490660533521","potions_obtained":[{"floor":1.0,"key":"FearPotion"},{"floor":11.0,"key":"SpeedPotion"},{"floor":16.0,"key":"SteroidPotion"},{"floor":21.0,"key":"Fire Potion"},{"floor":22.0,"key":"Swift Potion"}],"is_trial":false,"path_per_floor":["M","?","$","M","$","E","R","E","T","?","E","R","?","?","R","B",null,"M","$","M","M","M","R","E","R","T","?","M","E"],"character_chosen":"THE_SILENT","items_purchased":["Well Laid Plans","Noxious Fumes"],"campfire_rested":2,"item_purchase_floors":[3,19],"current_hp_per_floor":[63,63,63,63,63,63,63,55,55,55,36,36,59,59,59,44,64,56,56,40,36,41,62,39,60,60,53,14,0],"gold":337,"neow_bonus":"THREE_ENEMY_KILL","is_prod":false,"is_daily":false,"chose_seed":false,"campfire_upgraded":3,"win_rate":0,"timestamp":1559826448,"path_taken":["M","?","$","?","$","E","R","E","T","?","E","R","?","?","R","BOSS","M","$","M","M","?","R","E","R","T","?","M","E"],"build_version":"2019-01-23","purchased_purges":0,"victory":false,"max_hp_per_floor":[70,70,70,70,70,70,70,70,70,70,70,70,70,70,70,70,70,70,70,70,70,70,70,70,70,70,70,70,70],"card_choices":[{"not_picked":["Escape Plan","Concentrate"],"picked":"Bane","floor":1.0},{"not_picked":["Bane","Concentrate"],"picked":"Slice","floor":4.0},{"not_picked":["Backflip","PiercingWail"],"picked":"Bouncing Flask","floor":6.0},{"not_picked":["Blade Dance","Choke"],"picked":"PiercingWail","floor":8.0},{"not_picked":["Wraith Form v2","Grand Finale"],"picked":"Sucker Punch","floor":11.0},{"not_picked":["Terror","Bouncing Flask"],"picked":"Setup+1","floor":18.0},{"not_picked":["Bane","Dagger Throw"],"picked":"Dash+1","floor":20.0},{"not_picked":["Flying Knee","Dagger Throw"],"picked":"Catalyst+1","floor":21.0},{"not_picked":["Sucker Punch","Setup","Infinite Blades"],"picked":"SKIP","floor":22.0},{"not_picked":["Quick Slash","Dash"],"picked":"Prepared+1","floor":24.0},{"not_picked":["Cloak And Dagger+1","Footwork"],"picked":"Bouncing Flask","floor":28.0}],"player_experience":337233,"relics_obtained":[{"floor":6.0,"key":"Smiling Mask"},{"floor":8.0,"key":"Du-Vu Doll"},{"floor":9.0,"key":"Meat on the Bone"},{"floor":11.0,"key":"Bird Faced Urn"},{"floor":24.0,"key":"Potion Belt"},{"floor":26.0,"key":"Whetstone"}],"event_choices":[{"damage_healed":0.0,"max_hp_gain":0.0,"max_hp_loss":0.0,"gold_gain":0.0,"event_name":"Match and Keep!","player_choice":"2 cards matched","floor":2.0,"gold_loss":0.0,"damage_taken":0.0,"cards_obtained":["Dodge and Roll","Blind"]},{"damage_healed":0.0,"max_hp_gain":0.0,"max_hp_loss":0.0,"gold_gain":30.0,"event_name":"Dead Adventurer","player_choice":"Searched \u00273\u0027 times","floor":10.0,"gold_loss":0.0,"damage_taken":0.0,"relics_obtained":["Omamori"]},{"damage_healed":23.0,"max_hp_gain":0.0,"max_hp_loss":0.0,"gold_gain":0.0,"event_name":"Big Fish","player_choice":"Banana","floor":13.0,"gold_loss":0.0,"damage_taken":0.0},{"damage_healed":0.0,"max_hp_gain":0.0,"max_hp_loss":0.0,"gold_gain":0.0,"event_name":"Upgrade Shrine","player_choice":"Upgraded","floor":14.0,"gold_loss":0.0,"damage_taken":0.0,"cards_upgraded":["PiercingWail"]},{"damage_healed":0.0,"max_hp_gain":0.0,"max_hp_loss":0.0,"gold_gain":0.0,"event_name":"Wheel of Change","player_choice":"Damaged","floor":27.0,"gold_loss":0.0,"damage_taken":7.0}],"is_beta":false,"boss_relics":[{"not_picked":["Runic Dome","HoveringKite"],"picked":"Philosopher\u0027s Stone"}],"items_purged_floors":[],"is_endless":false,"potions_floor_spawned":[1,11,16,21,22],"killed_by":"Gremlin Leader","ascension_level":12}