{"gold_per_floor":[13,33,33,33,49,49,88,116,153,181,208,234,262,21,21,150,150,174,27,27,50,73,73,104,104],"floor_reached":25,"playtime":1217,"items_purged":["Strike_R"],"score":227,"play_id":"68d1df0b-5421-4d76-9597-7f7477e66359","local_time":"20181124181318","is_ascension_mode":false,"campfire_choices":[{"data":"Infernal Blade","floor":6,"key":"SMITH"},{"floor":15,"key":"REST"},{"floor":23,"key":"REST"}],"neow_cost":"NO_GOLD","seed_source_timestamp":635186071514876,"circlet_count":0,"master_deck":["Strike_R","Strike_R","Strike_R","Strike_R","Defend_R","Defend_R","Defend_R","Defend_R","Bash","Finesse","Metamorphosis","Combust","Metallicize","Infernal Blade+1","Demon Form","Armaments","Pummel","Spot Weakness","Shockwave","Apotheosis","Limit Break","Cleave","Decay","Heavy Blade","Shrug It Off+1","Metallicize+1"],"relics":["Burning Blood","Golden Idol","MawBank","Orichalcum","Mark of Pain","Lantern","Dream Catcher"],"potions_floor_usage":[7,7,10,16,16,22,24,24],"damage_taken":[{"damage":6,"enemies":"Jaw Worm","floor":1,"turns":6},{"damage":2,"enemies":"Small Slimes","floor":2,"turns":3},{"damage":9,"enemies":"Cultist","floor":5,"turns":4},{"damage":31,"enemies":"Gremlin Nob","floor":7,"turns":4},{"damage":1,"enemies":"3 Louse","floor":8,"turns":2},{"damage":10,"enemies":"Exordium Thugs","floor":10,"turns":4},{"damage":3,"enemies":"2 Fungi Beasts","floor":11,"turns":4},{"damage":0,"enemies":"Blue Slaver","floor":12,"turns":4},{"damage":10,"enemies":"Large Slime","floor":13,"turns":5},{"damage":46,"enemies":"Slime Boss","floor":16,"turns":10},{"damage":20,"enemies":"Chosen","floor":18,"turns":6},{"damage":11,"enemies":"Shell Parasite","floor":21,"turns":5},{"damage":29,"enemies":"3 Cultists","floor":22,"turns":5},{"damage":51,"enemies":"Gremlin Leader","floor":24,"turns":6},{"damage":19,"enemies":"Shelled Parasite and Fungi","floor":25,"turns":3}],"seed_played":"-3455067310355822479","potions_obtained":[{"floor":2,"key":"PowerPotion"},{"floor":4,"key":"Swift Potion"},{"floor":4,"key":"Dexterity Potion"},{"floor":7,"key":"PowerPotion"},{"floor":11,"key":"GamblersBrew"},{"floor":12,"key":"Explosive Potion"},{"floor":16,"key":"Explosive Potion"},{"floor":22,"key":"EssenceOfSteel"}],"is_trial":false,"path_per_floor":["M","M","?","?","M","R","E","M","T","M","M","M","M","$","R","B",null,"M","$","?","M","M","R","E","M"],"character_chosen":"IRONCLAD","items_purchased":["Apotheosis","Lantern"],"campfire_rested":2,"item_purchase_floors":[14,19],"current_hp_per_floor":[80,80,60,60,57,57,32,37,37,33,36,42,38,38,62,22,80,66,66,66,61,38,62,17,0],"gold":104,"neow_bonus":"RANDOM_COLORLESS_2","is_prod":false,"is_daily":false,"chose_seed":false,"campfire_upgraded":1,"win_rate":0,"timestamp":1543079598,"path_taken":["M","M","?","?","?","R","E","M","T","M","M","M","M","$","R","BOSS","M","$","?","M","M","R","E","M"],"build_version":"2018-11-15","purchased_purges":1,"victory":false,"max_hp_per_floor":[80,80,80,80,80,80,80,80,80,80,80,80,80,80,80,80,80,80,80,80,80,80,80,80,80],"card_choices":[{"not_picked":["Iron Wave","Reckless Charge"],"picked":"Combust","floor":1},{"not_picked":["Flex","Iron Wave"],"picked":"Metallicize","floor":2},{"not_picked":["True Grit","Warcry"],"picked":"Infernal Blade","floor":5},{"not_picked":["Reckless Charge","Second Wind"],"picked":"Demon Form","floor":7},{"not_picked":["Twin Strike","Clash"],"picked":"Armaments","floor":8},{"not_picked":["Havoc","Headbutt"],"picked":"Pummel","floor":10},{"not_picked":["Anger","True Grit"],"picked":"Spot Weakness","floor":11},{"not_picked":["Second Wind","Perfected Strike"],"picked":"Shockwave","floor":12},{"not_picked":["Warcry","Bloodletting","Carnage"],"picked":"SKIP","floor":13},{"not_picked":["Juggernaut","Bludgeon"],"picked":"Limit Break","floor":16},{"not_picked":["Pommel Strike","Combust"],"picked":"Cleave","floor":18},{"not_picked":["Feel No Pain","Warcry"],"picked":"Heavy Blade","floor":21},{"not_picked":["Warcry","Armaments+1"],"picked":"Shrug It Off+1","floor":22},{"not_picked":["Wild Strike+1","Anger"],"picked":"Metallicize+1","floor":24}],"player_experience":249802,"relics_obtained":[{"floor":7,"key":"MawBank"},{"floor":9,"key":"Orichalcum"},{"floor":24,"key":"Dream Catcher"}],"event_choices":[{"damage_healed":0,"gold_gain":0,"player_choice":"Take Damage","damage_taken":20,"relics_obtained":["Golden Idol"],"max_hp_gain":0,"max_hp_loss":0,"event_name":"Golden Idol","floor":3,"gold_loss":0},{"damage_healed":0,"gold_gain":0,"player_choice":"Got Potions","damage_taken":0,"max_hp_gain":0,"max_hp_loss":0,"event_name":"Lab","floor":4,"gold_loss":0},{"damage_healed":0,"gold_gain":0,"player_choice":"Cursed","damage_taken":0,"max_hp_gain":0,"max_hp_loss":0,"event_name":"Wheel of Change","floor":20,"gold_loss":0,"cards_obtained":["Decay"]}],"is_beta":true,"boss_relics":[{"not_picked":["Lizard Tail","Philosopher\u0027s Stone"],"picked":"Mark of Pain"}],"items_purged_floors":[14],"is_endless":false,"potions_floor_spawned":[2,7,11,12,16,22],"killed_by":"Shelled Parasite and Fungi","ascension_level":0}