{"gold_per_floor":[19,38,48,48,60,60,89,89,89,114,133,163,163,163,163,265,265,280,296,331,256,256,284,297,311,380,397,423,423,453,140,140,236,236,248,34,48,48,148,148,174,188,257,276,276,292,309,336,336,336],"floor_reached":51,"playtime":2019,"items_purged":["Strike_R"],"score":1121,"play_id":"c9f0413c-0d9c-4343-814c-2643e189cb6d","local_time":"20190819132616","is_ascension_mode":true,"campfire_choices":[{"data":"Metallicize","floor":6,"key":"SMITH"},{"data":"Inflame","floor":8,"key":"SMITH"},{"data":"Sword Boomerang","floor":15,"key":"SMITH"},{"data":"Immolate","floor":29,"key":"SMITH"},{"data":"Bludgeon","floor":32,"key":"SMITH"},{"data":"Bludgeon","floor":40,"key":"SMITH"},{"data":"Fiend Fire","floor":45,"key":"SMITH"},{"data":"Bludgeon","floor":49,"key":"SMITH"}],"neow_cost":"NO_GOLD","seed_source_timestamp":34944700385021,"circlet_count":0,"master_deck":["Strike_R","Strike_R","Defend_R","Defend_R","Defend_R","Bash","Sword Boomerang+1","Fiend Fire+1","Anger","Metallicize+1","Sword Boomerang","Headbutt","Inflame+1","Sword Boomerang+1","Corruption","Thunderclap","Immolate+1","Twin Strike+1","Spot Weakness+1","Bludgeon+1","Heavy Blade+1","Entrench","Limit Break","Bludgeon+1","Clothesline","Bludgeon+1","Shockwave","Shockwave","Clothesline","Flame Barrier","Disarm+1","Fiend Fire+1","Flame Barrier+1"],"relics":["Burning Blood","Darkstone Periapt","Mummified Hand","Pear","Oddly Smooth Stone","Snecko Eye","Red Mask","Question Card","Self Forming Clay","Letter Opener","Bag of Marbles","Matryoshka","Bottled Flame","Coffee Dripper","Anchor","Incense Burner","Bag of Preparation","Dodecahedron","Frozen Egg 2"],"potions_floor_usage":[27,50,50],"damage_taken":[{"damage":2,"enemies":"Jaw Worm","floor":1,"turns":3},{"damage":0,"enemies":"Small Slimes","floor":2,"turns":3},{"damage":3,"enemies":"2 Louse","floor":3,"turns":2},{"damage":7,"enemies":"Red Slaver","floor":5,"turns":3},{"damage":4,"enemies":"Gremlin Nob","floor":7,"turns":3},{"damage":21,"enemies":"3 Sentries","floor":10,"turns":4},{"damage":0,"enemies":"2 Fungi Beasts","floor":11,"turns":2},{"damage":22,"enemies":"Lagavulin","floor":12,"turns":6},{"damage":24,"enemies":"The Guardian","floor":16,"turns":7},{"damage":5,"enemies":"2 Thieves","floor":18,"turns":2},{"damage":0,"enemies":"Spheric Guardian","floor":19,"turns":3},{"damage":12,"enemies":"Masked Bandits","floor":20,"turns":2},{"damage":5,"enemies":"Slavers","floor":23,"turns":2},{"damage":10,"enemies":"Centurion and Healer","floor":24,"turns":2},{"damage":10,"enemies":"Snake Plant","floor":25,"turns":3},{"damage":12,"enemies":"Snecko","floor":27,"turns":3},{"damage":4,"enemies":"Gremlin Leader","floor":28,"turns":3},{"damage":24,"enemies":"Slavers","floor":30,"turns":3},{"damage":47,"enemies":"Collector","floor":33,"turns":6},{"damage":4,"enemies":"3 Shapes","floor":35,"turns":2},{"damage":0,"enemies":"3 Darklings","floor":37,"turns":2},{"damage":0,"enemies":"Giant Head","floor":41,"turns":2},{"damage":3,"enemies":"Transient","floor":42,"turns":5},{"damage":0,"enemies":"Spire Growth","floor":44,"turns":1},{"damage":0,"enemies":"Jaw Worm Horde","floor":46,"turns":1},{"damage":1,"enemies":"Transient","floor":47,"turns":5},{"damage":2,"enemies":"Reptomancer","floor":48,"turns":2},{"damage":0,"enemies":"Time Eater","floor":50,"turns":4}],"seed_played":"3328159052703885330","potions_obtained":[{"floor":2,"key":"EssenceOfSteel"},{"floor":5,"key":"BloodPotion"},{"floor":16,"key":"Dexterity Potion"},{"floor":27,"key":"Strength Potion"},{"floor":33,"key":"FairyPotion"}],"is_trial":false,"path_per_floor":["M","M","M","?","M","R","E","R","T","E","M","E","?","?","R","B",null,"M","M","?","?","?","E","M","M","T","M","E","R","E","$","R","B",null,"M","$","M","?","?","R","E","M","T","M","R","M","M","E","R","B",null],"character_chosen":"IRONCLAD","items_purchased":["Bottled Flame","Anchor","Shockwave"],"campfire_rested":0,"item_purchase_floors":[31,36,36],"current_hp_per_floor":[80,80,80,80,79,79,80,80,80,75,81,65,70,70,70,52,84,85,91,85,85,85,86,82,78,78,95,95,95,77,77,77,36,80,82,82,88,88,88,88,94,95,95,95,95,95,95,95,95,95],"gold":336,"neow_bonus":"TRANSFORM_TWO_CARDS","is_prod":false,"is_daily":false,"chose_seed":false,"campfire_upgraded":8,"win_rate":1,"timestamp":1566185176,"path_taken":["M","M","M","?","M","R","E","R","T","E","M","E","?","?","R","BOSS","M","M","?","?","?","E","?","M","T","M","E","R","E","$","R","BOSS","M","$","M","?","?","R","E","M","T","M","R","M","M","E","R","BOSS"],"build_version":"2019-07-17","purchased_purges":1,"victory":true,"max_hp_per_floor":[80,80,80,80,80,80,80,80,80,90,90,90,95,95,95,95,95,95,95,95,95,95,95,95,95,95,95,95,95,95,95,95,95,95,95,95,95,95,95,95,95,95,95,95,95,95,95,95,95,95],"card_choices":[{"not_picked":["Body Slam","Headbutt"],"picked":"Anger","floor":1},{"not_picked":["Twin Strike","Clothesline"],"picked":"Metallicize","floor":2},{"not_picked":["Heavy Blade","Body Slam"],"picked":"Sword Boomerang","floor":3},{"not_picked":["Bloodletting","Intimidate"],"picked":"Headbutt","floor":5},{"not_picked":["Body Slam","Warcry"],"picked":"Inflame","floor":7},{"not_picked":["Warcry","Bludgeon"],"picked":"Sword Boomerang","floor":10},{"not_picked":["Iron Wave","True Grit"],"picked":"Corruption","floor":11},{"not_picked":["Body Slam","Pommel Strike"],"picked":"Thunderclap","floor":12},{"not_picked":["Juggernaut","Fiend Fire"],"picked":"Immolate","floor":16},{"not_picked":["Pommel Strike","Rupture","Thunderclap"],"picked":"SKIP","floor":18},{"not_picked":["Shrug It Off","Dual Wield"],"picked":"Twin Strike+1","floor":19},{"not_picked":["Cleave","Clash+1"],"picked":"Spot Weakness+1","floor":20},{"not_picked":["Dual Wield","Uppercut","Seeing Red"],"picked":"Bludgeon","floor":23},{"not_picked":["Rupture","Feel No Pain","Twin Strike"],"picked":"Heavy Blade+1","floor":24},{"not_picked":["Wild Strike","True Grit","Warcry+1"],"picked":"Entrench","floor":25},{"not_picked":["Armaments+1","Clothesline","Sword Boomerang"],"picked":"Limit Break","floor":27},{"not_picked":["True Grit","Spot Weakness","Anger+1"],"picked":"Bludgeon","floor":28},{"not_picked":["Dual Wield+1","Headbutt","Offering"],"picked":"Clothesline","floor":30},{"not_picked":["Brutality","Berserk","Feed"],"picked":"Bludgeon","floor":33},{"not_picked":["Searing Blow","Warcry+1","Body Slam"],"picked":"Shockwave","floor":35},{"not_picked":["Sword Boomerang","Intimidate","Seeing Red"],"picked":"Clothesline","floor":37},{"not_picked":["Entrench+1","Armaments","Corruption+1"],"picked":"Flame Barrier","floor":41},{"not_picked":["Dual Wield+1","Sever Soul","Sword Boomerang+1"],"picked":"Disarm+1","floor":42},{"not_picked":["Bloodletting","Reckless Charge","Iron Wave+1"],"picked":"Fiend Fire","floor":44},{"not_picked":["Intimidate+1","Bloodletting","Body Slam","Corruption"],"picked":"SKIP","floor":46},{"not_picked":["Flex+1","Body Slam","Headbutt","Shockwave"],"picked":"SKIP","floor":47},{"not_picked":["Intimidate","Reckless Charge+1","Dropkick+1"],"picked":"Flame Barrier+1","floor":48}],"player_experience":29816,"relics_obtained":[{"floor":7,"key":"Darkstone Periapt"},{"floor":9,"key":"Mummified Hand"},{"floor":10,"key":"Pear"},{"floor":12,"key":"Oddly Smooth Stone"},{"floor":20,"key":"Red Mask"},{"floor":23,"key":"Self Forming Clay"},{"floor":26,"key":"Letter Opener"},{"floor":28,"key":"Bag of Marbles"},{"floor":30,"key":"Matryoshka"},{"floor":41,"key":"Incense Burner"},{"floor":43,"key":"Bag of Preparation"},{"floor":43,"key":"Dodecahedron"},{"floor":48,"key":"Frozen Egg 2"}],"event_choices":[{"damage_healed":0,"gold_gain":0,"player_choice":"Grow","damage_taken":0,"max_hp_gain":0,"max_hp_loss":0,"event_name":"Living Wall","floor":4,"gold_loss":0,"cards_upgraded":["Fiend Fire"]},{"damage_healed":0,"gold_gain":0,"player_choice":"Donut","damage_taken":0,"max_hp_gain":5,"max_hp_loss":0,"event_name":"Big Fish","floor":13,"gold_loss":0},{"damage_healed":0,"gold_gain":0,"player_choice":"Upgraded","damage_taken":0,"max_hp_gain":0,"max_hp_loss":0,"event_name":"Upgrade Shrine","floor":14,"gold_loss":0,"cards_upgraded":["Sword Boomerang"]},{"damage_healed":0,"gold_gain":0,"player_choice":"Fought Bandits","damage_taken":0,"max_hp_gain":0,"max_hp_loss":0,"event_name":"Masked Bandits","floor":20,"gold_loss":0},{"cards_removed":["Strike_R"],"damage_healed":0,"gold_gain":0,"player_choice":"Gave Gold","damage_taken":0,"max_hp_gain":0,"max_hp_loss":0,"event_name":"Beggar","floor":21,"gold_loss":75},{"damage_healed":0,"gold_gain":0,"player_choice":"Opened","damage_taken":0,"relics_obtained":["Question Card"],"max_hp_gain":0,"max_hp_loss":0,"event_name":"The Mausoleum","floor":22,"gold_loss":0},{"damage_healed":0,"gold_gain":0,"player_choice":"Memory 1","damage_taken":0,"max_hp_gain":0,"max_hp_loss":0,"event_name":"SensoryStone","floor":38,"gold_loss":0},{"damage_healed":0,"gold_gain":100,"player_choice":"Pray","damage_taken":0,"max_hp_gain":0,"max_hp_loss":0,"event_name":"Golden Shrine","floor":39,"gold_loss":0}],"is_beta":false,"boss_relics":[{"not_picked":["White Beast Statue","Runic Pyramid"],"picked":"Snecko Eye"},{"not_picked":["Fusion Hammer","Philosopher\u0027s Stone"],"picked":"Coffee Dripper"}],"items_purged_floors":[31],"is_endless":false,"potions_floor_spawned":[2,5,16,19,25,27,28,33,41,46,48],"ascension_level":5}