{"gold_per_floor":[116,129,140,140,152,185,201,201,201,236,311,311,311,329,329,453,453,472,472,487,508,524,562,582,597,597,42,77,77,77,121,121,250,250,266,291,17,33,47,83,106,124,151,171,186,226,282,382,382,382],"floor_reached":51,"playtime":3475,"items_purged":["Clash"],"score":810,"play_id":"1cf6d869-b034-43bd-be0d-45426c89f948","local_time":"20190817220553","is_ascension_mode":false,"campfire_choices":[{"data":"Perfected Strike","floor":8.0,"key":"SMITH"},{"data":"Rage","floor":13.0,"key":"SMITH"},{"data":"Bash","floor":15.0,"key":"SMITH"},{"data":"Double Tap","floor":30.0,"key":"SMITH"},{"data":"Bludgeon","floor":32.0,"key":"SMITH"},{"data":"Double Tap","floor":49,"key":"SMITH"}],"neow_cost":"","seed_source_timestamp":322755615129264,"circlet_count":0,"master_deck":["Strike_R","Strike_R","Strike_R","Strike_R","Strike_R","Defend_R","Defend_R","Defend_R","Defend_R","Bash+1","Headbutt","Disarm","Thunderclap","Rage+1","Reaper","Perfected Strike+1","Twin Strike","Offering","Iron Wave+1","Clothesline","Uppercut","Shockwave","Dropkick+1","Pommel Strike+1","Rage","Bludgeon+1","Double Tap+1","Disarm","Offering","Shrug It Off+1","Double Tap+1","Clothesline","Sword Boomerang+1","Battle Trance+1","Sword Boomerang+1","Iron Wave+1","Uppercut+1","Sword Boomerang+1","Pommel Strike+1","Thunderclap+1","Armaments+1"],"special_seed":0,"relics":["Burning Blood","Ornamental Fan","Bottled Flame","Bag of Preparation","Golden Idol","Mark of Pain","Nilry\u0027s Codex","Calipers","Pear","Matryoshka","Mummified Hand","Thread and Needle","Black Star","Shuriken","Molten Egg 2","Dream Catcher","Self Forming Clay","PreservedInsect","Juzu Bracelet","Pantograph","Charon\u0027s Ashes"],"potions_floor_usage":[40,42,50,50,50],"damage_taken":[{"damage":3.0,"enemies":"2 Louse","floor":1.0,"turns":3.0},{"damage":10.0,"enemies":"Small Slimes","floor":2.0,"turns":4.0},{"damage":9.0,"enemies":"Jaw Worm","floor":3.0,"turns":4.0},{"damage":5.0,"enemies":"Blue Slaver","floor":5.0,"turns":5.0},{"damage":31.0,"enemies":"Gremlin Nob","floor":6.0,"turns":5.0},{"damage":25.0,"enemies":"Gremlin Gang","floor":7.0,"turns":5.0},{"damage":22.0,"enemies":"3 Sentries","floor":10.0,"turns":8.0},{"damage":10.0,"enemies":"3 Louse","floor":14.0,"turns":3.0},{"damage":17.0,"enemies":"The Guardian","floor":16.0,"turns":10.0},{"damage":6.0,"enemies":"3 Byrds","floor":18.0,"turns":5.0},{"damage":9.0,"enemies":"Shell Parasite","floor":20.0,"turns":5.0},{"damage":8.0,"enemies":"3 Cultists","floor":21.0,"turns":5.0},{"damage":15.0,"enemies":"Shelled Parasite and Fungi","floor":22.0,"turns":5.0},{"damage":31.0,"enemies":"Slavers","floor":23.0,"turns":5.0},{"damage":18.0,"enemies":"Chosen and Byrds","floor":24.0,"turns":5.0},{"damage":2.0,"enemies":"Centurion and Healer","floor":25.0,"turns":5.0},{"damage":16.0,"enemies":"Gremlin Leader","floor":28.0,"turns":8.0},{"damage":5.0,"enemies":"Slavers","floor":31.0,"turns":6.0},{"damage":34,"enemies":"Champ","floor":33,"turns":7},{"damage":12,"enemies":"3 Shapes","floor":35,"turns":3},{"damage":1,"enemies":"3 Darklings","floor":36,"turns":5},{"damage":13,"enemies":"Jaw Worm Horde","floor":38,"turns":4},{"damage":6,"enemies":"Spire Growth","floor":39,"turns":3},{"damage":74,"enemies":"Reptomancer","floor":40,"turns":5},{"damage":12,"enemies":"3 Darklings","floor":41,"turns":7},{"damage":4,"enemies":"Transient","floor":42,"turns":5},{"damage":0,"enemies":"4 Shapes","floor":44,"turns":4},{"damage":16,"enemies":"3 Darklings","floor":45,"turns":5},{"damage":9,"enemies":"Nemesis","floor":46,"turns":3},{"damage":10,"enemies":"2 Orb Walkers","floor":47,"turns":5},{"damage":71,"enemies":"Awakened One","floor":50,"turns":11}],"seed_played":"5966633508454587979","potions_obtained":[{"floor":3.0,"key":"Dexterity Potion"},{"floor":6.0,"key":"BloodPotion"},{"floor":10.0,"key":"BloodPotion"},{"floor":14.0,"key":"EssenceOfSteel"},{"floor":16.0,"key":"Block Potion"},{"floor":23.0,"key":"Swift Potion"},{"floor":24.0,"key":"Weak Potion"},{"floor":35,"key":"Ancient Potion"},{"floor":40,"key":"BloodPotion"},{"floor":45,"key":"Ancient Potion"},{"floor":46,"key":"Poison Potion"}],"is_trial":false,"path_per_floor":["M","M","M","?","M","E","M","R","T","E","?","?","R","M","R","B",null,"M","?","M","M","M","E","M","M","T","$","E","?","R","E","R","B",null,"M","M","$","M","M","E","M","M","T","M","M","E","?","?","R","B",null],"character_chosen":"IRONCLAD","items_purchased":["Matryoshka","Rage","Bludgeon","Shuriken","Clothesline"],"campfire_rested":0,"item_purchase_floors":[27,27,27,37,37],"current_hp_per_floor":[80,76,73,73,74,49,46,46,46,38,38,38,38,46,46,41,74,74,58,59,71,66,49,65,74,84,84,80,72,72,79,79,51,84,78,84,84,77,84,37,43,66,66,78,80,77,73,73,73,29],"gold":382,"neow_bonus":"","is_prod":false,"is_daily":false,"chose_seed":false,"campfire_upgraded":6,"win_rate":0.0,"timestamp":1566043553,"path_taken":["M","M","M","?","M","E","M","R","T","E","?","?","R","M","R","BOSS","M","?","M","M","M","E","M","M","T","$","E","?","R","E","R","BOSS","M","M","$","?","M","E","M","M","T","M","M","E","?","?","R","BOSS"],"build_version":"2019-07-17","purchased_purges":1,"victory":true,"max_hp_per_floor":[80,80,80,80,80,80,80,80,80,80,80,74,74,74,74,74,74,74,74,74,74,74,74,74,74,84,84,84,84,84,84,84,84,84,84,84,84,84,84,84,84,84,84,84,84,84,84,84,84,84],"card_choices":[{"not_picked":["Flex","Searing Blow"],"picked":"Headbutt","floor":1.0},{"not_picked":["Warcry","Combust"],"picked":"Disarm","floor":2.0},{"not_picked":["Flex","Anger"],"picked":"Thunderclap","floor":3.0},{"not_picked":["Pummel","Sword Boomerang"],"picked":"Rage","floor":5.0},{"not_picked":["Cleave","Intimidate"],"picked":"Reaper","floor":6.0},{"not_picked":["Clash","Headbutt"],"picked":"Perfected Strike","floor":7.0},{"not_picked":["Anger","Sever Soul"],"picked":"Clash","floor":10.0},{"not_picked":["Iron Wave","Power Through"],"picked":"Twin Strike","floor":14.0},{"not_picked":["Double Tap","Brutality"],"picked":"Offering","floor":16.0},{"not_picked":["True Grit","Body Slam"],"picked":"Iron Wave+1","floor":18.0},{"not_picked":["Shrug It Off","Brutality"],"picked":"Clothesline","floor":20.0},{"not_picked":["Shrug It Off","Sword Boomerang"],"picked":"Uppercut","floor":21.0},{"not_picked":["Blood for Blood","Warcry","Sword Boomerang"],"picked":"SKIP","floor":22.0},{"not_picked":["Thunderclap","Dual Wield"],"picked":"Shockwave","floor":23.0},{"not_picked":["True Grit","Clash+1"],"picked":"Dropkick+1","floor":24.0},{"not_picked":["Reckless Charge","Dropkick"],"picked":"Pommel Strike+1","floor":25.0},{"not_picked":["Combust","Metallicize"],"picked":"Double Tap","floor":28.0},{"not_picked":["Entrench","Cleave"],"picked":"Disarm","floor":31.0},{"not_picked":["Brutality","Barricade"],"picked":"Offering","floor":33},{"not_picked":["Warcry+1","Twin Strike"],"picked":"Shrug It Off+1","floor":35},{"not_picked":["Clothesline","Anger"],"picked":"Double Tap","floor":36},{"not_picked":["Dual Wield","Clothesline"],"picked":"Sword Boomerang+1","floor":38},{"not_picked":["Shrug It Off","Flex"],"picked":"Battle Trance+1","floor":39},{"not_picked":["Cleave","Intimidate"],"picked":"Sword Boomerang","floor":40},{"not_picked":["Rupture+1","Body Slam+1"],"picked":"Iron Wave+1","floor":41},{"not_picked":["Warcry+1","Shrug It Off"],"picked":"Uppercut+1","floor":42},{"not_picked":["Rupture+1","Sever Soul+1"],"picked":"Sword Boomerang+1","floor":44},{"not_picked":["Flex+1","Feed+1"],"picked":"Pommel Strike+1","floor":45},{"not_picked":["Second Wind","Fire Breathing+1"],"picked":"Thunderclap+1","floor":46},{"not_picked":["Rupture+1","Combust"],"picked":"Armaments+1","floor":47}],"player_experience":0,"relics_obtained":[{"floor":6.0,"key":"Ornamental Fan"},{"floor":9.0,"key":"Bottled Flame"},{"floor":10.0,"key":"Bag of Preparation"},{"floor":19.0,"key":"Nilry\u0027s Codex"},{"floor":23.0,"key":"Calipers"},{"floor":26.0,"key":"Pear"},{"floor":28.0,"key":"Mummified Hand"},{"floor":31.0,"key":"Thread and Needle"},{"floor":40,"key":"Molten Egg 2"},{"floor":40,"key":"Dream Catcher"},{"floor":43,"key":"Self Forming Clay"},{"floor":43,"key":"PreservedInsect"},{"floor":46,"key":"Juzu Bracelet"},{"floor":46,"key":"Pantograph"},{"floor":47,"key":"Charon\u0027s Ashes"}],"event_choices":[{"damage_healed":0.0,"max_hp_gain":0.0,"max_hp_loss":0.0,"gold_gain":0.0,"event_name":"Liars Game","player_choice":"Ignored","floor":4.0,"gold_loss":0.0,"damage_taken":0.0},{"damage_healed":0.0,"max_hp_gain":0.0,"max_hp_loss":0.0,"gold_gain":75.0,"event_name":"Golden Wing","player_choice":"Gained Gold","floor":11.0,"gold_loss":0.0,"damage_taken":0.0},{"damage_healed":0.0,"max_hp_gain":0.0,"max_hp_loss":6.0,"gold_gain":0.0,"event_name":"Golden Idol","player_choice":"Lose Max HP","floor":12.0,"gold_loss":0.0,"damage_taken":0.0,"relics_obtained":["Golden Idol"]},{"damage_healed":0.0,"max_hp_gain":0.0,"max_hp_loss":0.0,"gold_gain":0.0,"event_name":"Cursed Tome","player_choice":"Obtained Book","floor":19.0,"gold_loss":0.0,"damage_taken":16.0},{"damage_healed":0.0,"max_hp_gain":0.0,"max_hp_loss":0.0,"gold_gain":0.0,"event_name":"Knowing Skull","player_choice":"","floor":29.0,"potions_obtained":[],"gold_loss":0.0,"damage_taken":8.0,"cards_obtained":[]},{"damage_healed":0,"gold_gain":0,"player_choice":"Fight","damage_taken":0,"max_hp_gain":0,"max_hp_loss":0,"event_name":"Mysterious Sphere","floor":47,"gold_loss":0},{"damage_healed":0,"gold_gain":100,"player_choice":"Pray","damage_taken":0,"max_hp_gain":0,"max_hp_loss":0,"event_name":"Golden Shrine","floor":48,"gold_loss":0}],"is_beta":false,"boss_relics":[{"not_picked":["Fusion Hammer","Ectoplasm"],"picked":"Mark of Pain"},{"not_picked":["Busted Crown","Calling Bell"],"picked":"Black Star"}],"items_purged_floors":[27],"is_endless":false,"potions_floor_spawned":[3,6,10,14,16,18,23,24,35,36,40,45,46],"ascension_level":0}