{"gold_per_floor":[119,67,142,154,329,329,364,364,388,404,37,68,68,88,88,192,192,210,35,64,84,84,118,118,145,145,171,187,286,386,413,413,515,515,530,530,575,58,70,105,105,138,138,173,173,44,58,17,17,17],"floor_reached":51,"playtime":3127,"items_purged":["Doubt","Pain"],"score":1244,"play_id":"8853e280-279a-4926-bd05-acee335a877a","local_time":"20190819123212","is_ascension_mode":true,"campfire_choices":[{"data":"Crippling Poison","floor":6.0,"key":"SMITH"},{"data":"Bane","floor":8.0,"key":"SMITH"},{"data":"Burst","floor":15.0,"key":"SMITH"},{"data":"Malaise","floor":24,"key":"SMITH"},{"data":"Deadly Poison","floor":32,"key":"SMITH"},{"data":"Well Laid Plans","floor":41,"key":"SMITH"},{"data":"Poisoned Stab","floor":45,"key":"SMITH"},{"data":"Skewer","floor":49,"key":"SMITH"}],"neow_cost":"NONE","seed_source_timestamp":30471498475845,"circlet_count":0,"master_deck":["Strike_G","Strike_G","Defend_G","Defend_G","Defend_G","Defend_G","Defend_G","Survivor","Neutralize","Crippling Poison+1","Bane+1","Burst+1","Deadly Poison+1","Blur","Well Laid Plans+1","Backstab","Corpse Explosion","Blade Dance+1","Sucker Punch+1","Endless Agony+1","Skewer+1","Cloak And Dagger","Cloak And Dagger+1","PiercingWail","Malaise+1","Footwork+1","Catalyst+1","Poisoned Stab+1","Caltrops+1","Burst+1","Backflip+1","Noxious Fumes+1","Infinite Blades+1","Malaise+1","Footwork+1","Dagger Spray+1","After Image+1","Poisoned Stab+1","Footwork+1","Caltrops+1","Cloak And Dagger+1","PiercingWail+1","Finisher+1","Footwork+1"],"special_seed":0,"relics":["Ring of the Snake","NeowsBlessing","Blood Vial","Anchor","Oddly Smooth Stone","Pocketwatch","WarpedTongs","Astrolabe","Red Mask","Meat on the Bone","Frozen Egg 2","Toxic Egg 2","Orichalcum","Prayer Wheel","Ninja Scroll","Mummified Hand","WristBlade","Gambling Chip","Lee\u0027s Waffle","Ice Cream","Mercury Hourglass","Du-Vu Doll","Pear"],"potions_floor_usage":[23,25,30,30,50,50,50,50,50,50],"damage_taken":[{"damage":0.0,"enemies":"Cultist","floor":1.0,"turns":1.0},{"damage":0.0,"enemies":"Small Slimes","floor":4.0,"turns":1.0},{"damage":0.0,"enemies":"Lagavulin","floor":7.0,"turns":1.0},{"damage":7.0,"enemies":"Jaw Worm","floor":10.0,"turns":4.0},{"damage":13.0,"enemies":"Gremlin Nob","floor":12.0,"turns":4.0},{"damage":4.0,"enemies":"Looter","floor":14.0,"turns":2.0},{"damage":17.0,"enemies":"Slime Boss","floor":16.0,"turns":7.0},{"damage":5.0,"enemies":"Spheric Guardian","floor":18.0,"turns":5.0},{"damage":0.0,"enemies":"Masked Bandits","floor":20.0,"turns":2.0},{"damage":0.0,"enemies":"Chosen","floor":21.0,"turns":3.0},{"damage":0,"enemies":"Gremlin Leader","floor":23,"turns":6},{"damage":6,"enemies":"Book of Stabbing","floor":25,"turns":4},{"damage":2,"enemies":"Slavers","floor":27,"turns":6},{"damage":0,"enemies":"Centurion and Healer","floor":28,"turns":3},{"damage":0,"enemies":"Colosseum Slavers","floor":30,"turns":1},{"damage":3,"enemies":"Colosseum Nobs","floor":30,"turns":3},{"damage":0,"enemies":"Book of Stabbing","floor":31,"turns":5},{"damage":15,"enemies":"Automaton","floor":33,"turns":7},{"damage":0,"enemies":"3 Darklings","floor":35,"turns":1},{"damage":21,"enemies":"2 Orb Walkers","floor":37,"turns":3},{"damage":0,"enemies":"3 Shapes","floor":39,"turns":1},{"damage":6,"enemies":"Reptomancer","floor":40,"turns":8},{"damage":0,"enemies":"Nemesis","floor":42,"turns":5},{"damage":0,"enemies":"Giant Head","floor":44,"turns":6},{"damage":2,"enemies":"Jaw Worm Horde","floor":47,"turns":3},{"damage":24,"enemies":"Time Eater","floor":50,"turns":8}],"seed_played":"-6751582934085803591","potions_obtained":[{"floor":7.0,"key":"GhostInAJar"},{"floor":12.0,"key":"Poison Potion"},{"floor":25,"key":"Fire Potion"},{"floor":28,"key":"AttackPotion"},{"floor":33,"key":"Energy Potion"},{"floor":35,"key":"Weak Potion"}],"is_trial":false,"path_per_floor":["M","$","?","M","?","R","E","R","T","M","$","E","?","M","R","B",null,"M","$","?","M","?","E","R","E","T","E","M","?","?","E","R","B",null,"M","?","?","$","M","E","R","E","T","E","R","$","M","$","R","B",null],"character_chosen":"THE_SILENT","items_purchased":["Explosive Potion","Oddly Smooth Stone","Blur","Well Laid Plans","Cloak And Dagger","Explosive Potion","Lee\u0027s Waffle","Malaise+1","EntropicBrew","Footwork+1","Caltrops+1","Cloak And Dagger+1","Footwork+1"],"campfire_rested":0,"item_purchase_floors":[2,11,11,11,19,19,38,38,38,38,46,46,48],"current_hp_per_floor":[70,70,63,63,63,63,63,63,63,58,58,47,47,45,45,30,60,57,57,59,61,61,63,63,59,59,59,61,61,62,64,64,51,65,67,66,45,73,73,67,67,69,69,81,81,81,81,81,81,59],"gold":17,"neow_bonus":"THREE_ENEMY_KILL","is_prod":false,"is_daily":false,"chose_seed":false,"campfire_upgraded":8,"win_rate":1,"timestamp":1566181932,"path_taken":["M","?","?","?","?","R","E","R","T","M","$","E","?","M","R","BOSS","M","$","?","M","?","E","R","E","T","E","M","?","?","E","R","BOSS","M","?","?","$","M","E","R","E","T","E","R","?","M","?","R","BOSS"],"build_version":"2019-07-17","purchased_purges":2,"victory":true,"max_hp_per_floor":[70,70,70,70,70,70,70,70,70,70,70,70,70,70,70,70,70,70,70,70,70,70,70,70,70,70,70,70,70,70,70,70,70,70,70,66,66,73,73,73,73,73,73,83,83,83,83,83,83,83],"card_choices":[{"not_picked":["Bane","All Out Attack"],"picked":"Crippling Poison","floor":1.0},{"not_picked":["Acrobatics","Deflect"],"picked":"Bane","floor":4.0},{"not_picked":["Prepared","Blade Dance"],"picked":"Burst","floor":7.0},{"not_picked":["Eviscerate","Underhanded Strike"],"picked":"Deadly Poison","floor":10.0},{"not_picked":["Storm of Steel","Sucker Punch","Reflex"],"picked":"SKIP","floor":12.0},{"not_picked":["Blade Dance","Dagger Throw"],"picked":"Backstab","floor":14.0},{"not_picked":["Malaise","Doppelganger"],"picked":"Corpse Explosion","floor":16.0},{"not_picked":["Endless Agony","Dagger Throw"],"picked":"Skewer","floor":18.0},{"not_picked":["Bouncing Flask","Eviscerate"],"picked":"Cloak And Dagger+1","floor":20.0},{"not_picked":["Blade Dance","Slice"],"picked":"PiercingWail","floor":21.0},{"not_picked":["Flechettes","Masterful Stab"],"picked":"Malaise","floor":23},{"not_picked":["Deflect","Dagger Spray"],"picked":"Footwork+1","floor":25},{"not_picked":["Cloak And Dagger+1","Crippling Poison+1"],"picked":"Catalyst+1","floor":27},{"not_picked":["Endless Agony","Dagger Throw+1"],"picked":"Poisoned Stab+1","floor":28},{"not_picked":["Phantasmal Killer+1","Bane"],"picked":"Caltrops+1","floor":31},{"not_picked":["Phantasmal Killer+1","Die Die Die"],"picked":"Burst+1","floor":33},{"not_picked":["Deflect+1","Eviscerate"],"picked":"Backflip+1","floor":35},{"not_picked":["Endless Agony+1","Backflip+1"],"picked":"Noxious Fumes+1","floor":35},{"not_picked":["Underhanded Strike","Flying Knee"],"picked":"Infinite Blades+1","floor":37},{"not_picked":["Outmaneuver+1","Eviscerate","Dash"],"picked":"SKIP","floor":39},{"not_picked":["Dagger Spray+1","Tactician+1","Outmaneuver+1"],"picked":"SKIP","floor":39},{"not_picked":["Tactician+1","Outmaneuver+1"],"picked":"Dagger Spray+1","floor":39},{"not_picked":["Outmaneuver+1","Eviscerate","Dash"],"picked":"SKIP","floor":39},{"not_picked":["Acrobatics+1","Escape Plan+1"],"picked":"After Image+1","floor":40},{"not_picked":["Deflect+1","Dagger Throw+1"],"picked":"Poisoned Stab","floor":42},{"not_picked":["Unload","Poisoned Stab"],"picked":"Footwork+1","floor":44},{"not_picked":["Infinite Blades+1","Backflip+1"],"picked":"PiercingWail+1","floor":47},{"not_picked":["Deflect+1","Riddle With Holes+1"],"picked":"Finisher+1","floor":47}],"player_experience":26689,"relics_obtained":[{"floor":7.0,"key":"Blood Vial"},{"floor":9.0,"key":"Anchor"},{"floor":12.0,"key":"Pocketwatch"},{"floor":20.0,"key":"Red Mask"},{"floor":23,"key":"Meat on the Bone"},{"floor":25,"key":"Frozen Egg 2"},{"floor":26,"key":"Toxic Egg 2"},{"floor":27,"key":"Orichalcum"},{"floor":30,"key":"Prayer Wheel"},{"floor":30,"key":"Ninja Scroll"},{"floor":31,"key":"Mummified Hand"},{"floor":37,"key":"Gambling Chip"},{"floor":40,"key":"Ice Cream"},{"floor":42,"key":"Mercury Hourglass"},{"floor":43,"key":"Du-Vu Doll"},{"floor":44,"key":"Pear"}],"event_choices":[{"damage_healed":0.0,"max_hp_gain":0.0,"max_hp_loss":0.0,"gold_gain":75.0,"event_name":"FaceTrader","player_choice":"Touch","floor":3.0,"gold_loss":0.0,"damage_taken":7.0},{"damage_healed":0.0,"max_hp_gain":0.0,"max_hp_loss":0.0,"gold_gain":175.0,"event_name":"Liars Game","player_choice":"AGREE","floor":5.0,"gold_loss":0.0,"damage_taken":0.0,"cards_obtained":["Doubt"]},{"damage_healed":0.0,"max_hp_gain":0.0,"max_hp_loss":0.0,"gold_gain":0.0,"event_name":"Accursed Blacksmith","player_choice":"Rummage","floor":13.0,"gold_loss":0.0,"damage_taken":0.0,"relics_obtained":["WarpedTongs"],"cards_obtained":["Pain"]},{"damage_healed":0.0,"max_hp_gain":0.0,"max_hp_loss":0.0,"gold_gain":0.0,"event_name":"Masked Bandits","player_choice":"Fought Bandits","floor":20.0,"gold_loss":0.0,"damage_taken":0.0},{"damage_healed":0.0,"max_hp_gain":0.0,"max_hp_loss":0.0,"gold_gain":0.0,"event_name":"Vampires","player_choice":"Ignored","floor":22.0,"gold_loss":0.0,"damage_taken":0.0},{"damage_healed":0,"gold_gain":99,"player_choice":"Stole From Cult","damage_taken":0,"max_hp_gain":0,"max_hp_loss":0,"event_name":"Nest","floor":29,"gold_loss":0},{"damage_healed":0,"gold_gain":0,"player_choice":"Fight","damage_taken":0,"max_hp_gain":0,"max_hp_loss":0,"event_name":"Colosseum","floor":30,"gold_loss":0},{"damage_healed":0,"gold_gain":0,"player_choice":"Fought Nobs","damage_taken":0,"max_hp_gain":0,"max_hp_loss":0,"event_name":"Colosseum","floor":30,"gold_loss":0},{"damage_healed":0,"gold_gain":0,"player_choice":"Max HP","damage_taken":0,"max_hp_gain":0,"max_hp_loss":4,"event_name":"Winding Halls","floor":36,"gold_loss":0},{"damage_healed":0,"gold_gain":0,"player_choice":"Fight","damage_taken":0,"max_hp_gain":0,"max_hp_loss":0,"event_name":"Mysterious Sphere","floor":37,"gold_loss":0}],"is_beta":false,"boss_relics":[{"not_picked":["Runic Pyramid","Ring of the Serpent"],"picked":"Astrolabe"},{"not_picked":["White Beast Statue","Snecko Eye"],"picked":"WristBlade"}],"items_purged_floors":[11,19],"is_endless":false,"potions_floor_spawned":[7,12,14,20,25,28,33,35,39,42,44],"ascension_level":5}