{"gold_per_floor":[111,261,13,23,98,98,131,131,156,185,85,103,114,127,127,201,201,215,265,283,283],"floor_reached":21,"playtime":564,"items_purged":["Doubt","Strike_R"],"score":350,"play_id":"6a243639-9906-4642-9b65-02c567bf1cd1","local_time":"20190826122310","is_ascension_mode":true,"campfire_choices":[{"data":"Searing Blow+1","floor":6,"key":"SMITH"},{"data":"Searing Blow+2","floor":8,"key":"SMITH"},{"floor":15,"key":"REST"}],"neow_cost":"NONE","seed_source_timestamp":373377695083800,"circlet_count":0,"master_deck":["AscendersBane","Bash","Inflame+1","Reckless Charge+1","Searing Blow+3","Pommel Strike","Metallicize","Flame Barrier","Uppercut","Double Tap","Havoc","Searing Blow","Entrench","Headbutt","Inflame"],"relics":["Astrolabe","Bag of Preparation","Centennial Puzzle","Anchor","Ancient Tea Set","Pandora\u0027s Box"],"potions_floor_usage":[14,16],"damage_taken":[{"damage":6,"enemies":"Cultist","floor":1,"turns":3},{"damage":7,"enemies":"Jaw Worm","floor":4,"turns":3},{"damage":25,"enemies":"3 Sentries","floor":7,"turns":7},{"damage":15,"enemies":"Lagavulin","floor":10,"turns":4},{"damage":0,"enemies":"2 Louse","floor":12,"turns":3},{"damage":0,"enemies":"2 Fungi Beasts","floor":13,"turns":3},{"damage":0,"enemies":"Exordium Thugs","floor":14,"turns":2},{"damage":25,"enemies":"Slime Boss","floor":16,"turns":4},{"damage":11,"enemies":"Spheric Guardian","floor":18,"turns":3},{"damage":29,"enemies":"Shell Parasite","floor":20,"turns":4},{"damage":18,"enemies":"Chosen and Byrds","floor":21,"turns":3}],"seed_played":"8065369218556305043","potions_obtained":[{"floor":4,"key":"SpeedPotion"},{"floor":7,"key":"Strength Potion"},{"floor":13,"key":"AttackPotion"},{"floor":16,"key":"SteroidPotion"}],"is_trial":false,"path_per_floor":["M","?","$","M","?","R","E","R","T","E","$","M","M","M","R","B",null,"M","?","M","M"],"character_chosen":"IRONCLAD","items_purchased":["Bag of Preparation"],"campfire_rested":1,"item_purchase_floors":[3],"current_hp_per_floor":[62,62,62,55,44,44,19,19,19,4,4,4,4,4,26,1,57,46,46,17,0],"gold":283,"neow_bonus":"BOSS_RELIC","is_prod":false,"is_daily":false,"chose_seed":false,"campfire_upgraded":2,"win_rate":0,"timestamp":1566789790,"path_taken":["M","?","$","M","?","R","E","R","T","E","$","M","M","M","R","BOSS","M","?","M","M"],"build_version":"2019-07-17","purchased_purges":2,"victory":false,"max_hp_per_floor":[75,75,75,75,75,75,75,75,75,75,75,75,75,75,75,75,75,75,75,75,75],"card_choices":[{"not_picked":["Thunderclap","Rupture"],"picked":"Pommel Strike","floor":1},{"not_picked":["Flex","Perfected Strike"],"picked":"Metallicize","floor":4},{"not_picked":["Exhume","Body Slam","Sword Boomerang"],"picked":"SKIP","floor":7},{"not_picked":["Perfected Strike","Pommel Strike"],"picked":"Flame Barrier","floor":10},{"not_picked":["Iron Wave","Cleave","Offering"],"picked":"SKIP","floor":12},{"not_picked":["Iron Wave","Clash"],"picked":"Uppercut","floor":13},{"not_picked":["Cleave","Heavy Blade","Power Through"],"picked":"SKIP","floor":14},{"not_picked":["Offering","Demon Form"],"picked":"Double Tap","floor":16},{"not_picked":["Body Slam","Headbutt","Thunderclap"],"picked":"SKIP","floor":18},{"not_picked":["Combust","Clash","Warcry"],"picked":"SKIP","floor":20}],"player_experience":209696,"relics_obtained":[{"floor":7,"key":"Centennial Puzzle"},{"floor":9,"key":"Anchor"},{"floor":10,"key":"Ancient Tea Set"}],"event_choices":[{"damage_healed":0,"gold_gain":150,"player_choice":"AGREE","damage_taken":0,"max_hp_gain":0,"max_hp_loss":0,"event_name":"Liars Game","floor":2,"gold_loss":0,"cards_obtained":["Doubt"]},{"damage_healed":0,"gold_gain":75,"player_choice":"Gather Gold","damage_taken":11,"max_hp_gain":0,"max_hp_loss":0,"event_name":"World of Goop","floor":5,"gold_loss":0},{"damage_healed":0,"gold_gain":50,"player_choice":"Stole From Cult","damage_taken":0,"max_hp_gain":0,"max_hp_loss":0,"event_name":"Nest","floor":19,"gold_loss":0}],"is_beta":false,"boss_relics":[{"not_picked":["Philosopher\u0027s Stone","Runic Dome"],"picked":"Pandora\u0027s Box"}],"items_purged_floors":[3,11],"is_endless":false,"potions_floor_spawned":[4,7,13,16],"killed_by":"Chosen and Byrds","ascension_level":17}