{"gold_per_floor":[110,128,143,143,163,163,163,196,219,237,237,271,288,305,305,405,405,421,421,439,349,361,361,390,406,406,438,79,79,79,79,79,180,180,197,210,210,260,336,368,368,402,402,428,447,3,3,20,20,20],"floor_reached":51,"playtime":3524,"items_purged":["Writhe","Pain"],"score":1294,"play_id":"2c1bdfc7-73a3-49b2-a24c-5f627a63108a","local_time":"20190820102914","is_ascension_mode":true,"campfire_choices":[{"floor":6.0,"key":"DIG"},{"floor":11.0,"key":"DIG"},{"floor":15.0,"key":"DIG"},{"floor":23.0,"key":"DIG"},{"floor":30.0,"key":"DIG"},{"floor":32.0,"key":"REST"},{"floor":41.0,"key":"DIG"},{"data":"Burst","floor":47.0,"key":"SMITH"},{"data":"Burst","floor":49.0,"key":"SMITH"}],"neow_cost":"CURSE","seed_source_timestamp":108406759266486,"circlet_count":0,"master_deck":["Strike_G","Strike_G","Strike_G","Strike_G","Strike_G","Defend_G","Defend_G","Defend_G","Defend_G","Survivor","Neutralize","Bane","Cloak And Dagger","Backflip","Dagger Spray","Adrenaline","Dagger Throw+1","Unload","Escape Plan","Dagger Spray","PiercingWail","PiercingWail","Escape Plan","Adrenaline","Dagger Spray+1","Deflect+1","Bouncing Flask+1","Poisoned Stab+1","Slice+1","Cloak And Dagger+1","Leg Sweep","Finesse","Glass Knife","Glass Knife","Regret","PiercingWail","A Thousand Cuts","Deadly Poison+1","Bouncing Flask+1","Corpse Explosion","Backflip","Infinite Blades+1","Burst+1","Injury","Burst+1","Escape Plan","Dagger Spray+1","Poisoned Stab+1"],"special_seed":0,"relics":["Ring of the Snake","Shovel","Dream Catcher","Blood Vial","Bronze Scales","Prayer Wheel","Strawberry","Cursed Key","Enchiridion","Lantern","The Courier","Shuriken","MawBank","Ornamental Fan","Singing Bowl","Nloth\u0027s Gift","Sozu","Pocketwatch","Kunai","Art of War","Orichalcum","Molten Egg 2","Frozen Egg 2","Pantograph","TwistedFunnel","Paper Crane"],"potions_floor_usage":[50],"damage_taken":[{"damage":2.0,"enemies":"Jaw Worm","floor":1.0,"turns":5.0},{"damage":0.0,"enemies":"Cultist","floor":2.0,"turns":4.0},{"damage":0.0,"enemies":"2 Louse","floor":3.0,"turns":3.0},{"damage":2.0,"enemies":"2 Fungi Beasts","floor":5.0,"turns":5.0},{"damage":31.0,"enemies":"Gremlin Nob","floor":8.0,"turns":5.0},{"damage":2.0,"enemies":"Exordium Thugs","floor":10.0,"turns":4.0},{"damage":15.0,"enemies":"3 Sentries","floor":12.0,"turns":7.0},{"damage":0.0,"enemies":"Red Slaver","floor":13.0,"turns":3.0},{"damage":0.0,"enemies":"Blue Slaver","floor":14.0,"turns":3.0},{"damage":21.0,"enemies":"Hexaghost","floor":16.0,"turns":11.0},{"damage":0.0,"enemies":"Spheric Guardian","floor":18.0,"turns":3.0},{"damage":0.0,"enemies":"2 Thieves","floor":20.0,"turns":3.0},{"damage":0.0,"enemies":"Centurion and Healer","floor":22.0,"turns":5.0},{"damage":0.0,"enemies":"Book of Stabbing","floor":24.0,"turns":5.0},{"damage":0.0,"enemies":"Shelled Parasite and Fungi","floor":25.0,"turns":3.0},{"damage":21.0,"enemies":"Gremlin Leader","floor":27.0,"turns":5.0},{"damage":10.0,"enemies":"Automaton","floor":33.0,"turns":6.0},{"damage":0.0,"enemies":"3 Darklings","floor":35.0,"turns":4.0},{"damage":0.0,"enemies":"3 Shapes","floor":36.0,"turns":4.0},{"damage":4.0,"enemies":"2 Orb Walkers","floor":38.0,"turns":4.0},{"damage":4.0,"enemies":"Nemesis","floor":40.0,"turns":7.0},{"damage":4.0,"enemies":"Reptomancer","floor":42.0,"turns":6.0},{"damage":19.0,"enemies":"Giant Head","floor":44.0,"turns":6.0},{"damage":0.0,"enemies":"Maw","floor":45.0,"turns":6.0},{"damage":0.0,"enemies":"3 Darklings","floor":48.0,"turns":2.0},{"damage":14,"enemies":"Donu and Deca","floor":50,"turns":6}],"seed_played":"7831302000927864547","potions_obtained":[{"floor":1.0,"key":"Explosive Potion"},{"floor":2.0,"key":"GamblersBrew"},{"floor":10.0,"key":"GhostInAJar"},{"floor":14.0,"key":"SmokeBomb"},{"floor":16.0,"key":"Energy Potion"},{"floor":20.0,"key":"Ancient Potion"},{"floor":25.0,"key":"LiquidBronze"},{"floor":27.0,"key":"PowerPotion"},{"floor":33.0,"key":"GhostInAJar"}],"is_trial":false,"path_per_floor":["M","M","M","?","M","R","?","E","T","M","R","E","M","M","R","B",null,"M","?","M","?","M","R","E","M","T","E","$","T","R","?","R","B",null,"M","M","?","?","T","E","R","E","T","E","M","$","R","M","R","B",null],"character_chosen":"THE_SILENT","items_purchased":["Finesse","Glass Knife","Glass Knife","TwistedFunnel","Paper Crane"],"campfire_rested":1,"item_purchase_floors":[28,28,28,46,46],"current_hp_per_floor":[61,61,61,61,59,59,59,28,28,28,28,15,17,19,26,7,60,62,46,48,48,50,50,52,54,54,35,35,35,35,35,58,50,70,72,74,74,72,72,70,70,70,70,53,55,55,55,59,59,67],"gold":20,"neow_bonus":"ONE_RARE_RELIC","is_prod":false,"is_daily":false,"chose_seed":false,"campfire_upgraded":2,"win_rate":1,"timestamp":1566260954,"path_taken":["M","M","M","?","M","R","?","E","T","?","R","E","M","M","R","BOSS","M","?","M","?","M","R","E","M","T","E","$","?","R","?","R","BOSS","M","M","?","?","?","E","R","E","T","E","M","$","R","M","R","BOSS"],"build_version":"2019-07-17","purchased_purges":2,"victory":true,"max_hp_per_floor":[70,70,70,70,70,70,70,70,70,70,70,70,70,70,77,77,77,77,77,77,77,77,77,77,77,77,77,77,77,77,77,77,77,77,77,77,77,77,77,77,77,79,79,79,79,79,79,81,81,81],"card_choices":[{"not_picked":["Prepared","Infinite Blades"],"picked":"Bane","floor":1.0},{"not_picked":["Distraction","Flechettes"],"picked":"Cloak And Dagger","floor":2.0},{"not_picked":["Outmaneuver","Bane"],"picked":"Backflip","floor":3.0},{"not_picked":["Quick Slash","Blur"],"picked":"Dagger Spray","floor":5.0},{"not_picked":["Outmaneuver","Finisher"],"picked":"Dagger Throw","floor":8.0},{"not_picked":["Flying Knee","Dagger Throw"],"picked":"Unload","floor":10.0},{"not_picked":["Outmaneuver","Bane"],"picked":"Escape Plan","floor":12.0},{"not_picked":["Dodge and Roll","Acrobatics"],"picked":"Dagger Spray","floor":13.0},{"not_picked":["Footwork","Deadly Poison"],"picked":"PiercingWail","floor":13.0},{"not_picked":["Eviscerate","Skewer"],"picked":"PiercingWail","floor":14.0},{"not_picked":["Masterful Stab","Deflect"],"picked":"Escape Plan","floor":14.0},{"not_picked":["Envenom","Grand Finale"],"picked":"Adrenaline","floor":16.0},{"not_picked":["Slice","Catalyst"],"picked":"Dagger Spray+1","floor":18.0},{"not_picked":["Dagger Throw","Tactician+1"],"picked":"Deflect+1","floor":18.0},{"not_picked":["Predator+1","Quick Slash+1"],"picked":"Bouncing Flask+1","floor":20.0},{"not_picked":["Underhanded Strike","Dagger Throw","Sucker Punch"],"picked":"SKIP","floor":20.0},{"not_picked":["Dagger Throw+1","Prepared"],"picked":"Poisoned Stab+1","floor":22.0},{"not_picked":["Heel Hook","Blade Dance","Dodge and Roll"],"picked":"SKIP","floor":22.0},{"not_picked":["Dash","Acrobatics","Slice+1"],"picked":"SKIP","floor":24.0},{"not_picked":["Dash","Acrobatics"],"picked":"Slice+1","floor":24.0},{"not_picked":["Well Laid Plans+1","Prepared"],"picked":"Cloak And Dagger+1","floor":25.0},{"not_picked":["Flying Knee","Acrobatics","Deflect"],"picked":"SKIP","floor":25.0},{"not_picked":["Dagger Spray","Bouncing Flask"],"picked":"Leg Sweep","floor":27.0},{"not_picked":["Malaise","Riddle With Holes"],"picked":"PiercingWail","floor":32.0},{"not_picked":["Night Terror","Die Die Die"],"picked":"A Thousand Cuts","floor":33.0},{"not_picked":["Setup+1","Slice+1"],"picked":"Deadly Poison+1","floor":35.0},{"not_picked":["Terror","Noxious Fumes"],"picked":"Bouncing Flask+1","floor":35.0},{"not_picked":["All Out Attack","Deflect+1"],"picked":"Corpse Explosion","floor":36.0},{"not_picked":["Blade Dance","Dagger Throw+1"],"picked":"Backflip","floor":36.0},{"not_picked":["Acrobatics+1","Backflip"],"picked":"Infinite Blades+1","floor":38.0},{"not_picked":["Infinite Blades+1","Envenom"],"picked":"Burst","floor":40.0},{"not_picked":["Envenom","Masterful Stab","Acrobatics+1"],"picked":"Singing Bowl","floor":42.0},{"not_picked":["Quick Slash+1","Caltrops+1"],"picked":"Burst","floor":44.0},{"not_picked":["Flying Knee+1","Calculated Gamble+1"],"picked":"Escape Plan","floor":45.0},{"not_picked":["Deadly Poison+1","Heel Hook+1"],"picked":"Dagger Spray+1","floor":45.0},{"not_picked":["Skewer+1","Night Terror"],"picked":"Poisoned Stab+1","floor":48.0},{"not_picked":["Dodge and Roll","Prepared+1","Bane+1"],"picked":"Singing Bowl","floor":48.0}],"player_experience":41748,"relics_obtained":[{"floor":6.0,"key":"Dream Catcher"},{"floor":8.0,"key":"Blood Vial"},{"floor":9.0,"key":"Boot"},{"floor":11.0,"key":"Bronze Scales"},{"floor":12.0,"key":"Prayer Wheel"},{"floor":15.0,"key":"Strawberry"},{"floor":19.0,"key":"Enchiridion"},{"floor":23.0,"key":"Lantern"},{"floor":24.0,"key":"The Courier"},{"floor":26.0,"key":"Shuriken"},{"floor":27.0,"key":"MawBank"},{"floor":29.0,"key":"Ornamental Fan"},{"floor":30.0,"key":"Singing Bowl"},{"floor":38.0,"key":"Pocketwatch"},{"floor":39.0,"key":"Kunai"},{"floor":40.0,"key":"Art of War"},{"floor":41.0,"key":"Orichalcum"},{"floor":42.0,"key":"Molten Egg 2"},{"floor":43.0,"key":"Frozen Egg 2"},{"floor":44.0,"key":"Pantograph"}],"event_choices":[{"damage_healed":0.0,"max_hp_gain":0.0,"max_hp_loss":0.0,"gold_gain":0.0,"event_name":"Liars Game","player_choice":"Ignored","floor":4.0,"gold_loss":0.0,"damage_taken":0.0},{"damage_healed":0.0,"max_hp_gain":0.0,"max_hp_loss":0.0,"gold_gain":0.0,"event_name":"Match and Keep!","player_choice":"1 cards matched","floor":7.0,"gold_loss":0.0,"damage_taken":0.0,"cards_obtained":["Adrenaline"]},{"damage_healed":0.0,"max_hp_gain":0.0,"max_hp_loss":0.0,"gold_gain":0.0,"event_name":"Cursed Tome","player_choice":"Obtained Book","floor":19.0,"gold_loss":0.0,"damage_taken":16.0},{"cards_removed":["Clumsy"],"damage_healed":0.0,"max_hp_gain":0.0,"max_hp_loss":0.0,"gold_gain":0.0,"event_name":"Designer","player_choice":"Upgrade and Remove","floor":21.0,"gold_loss":90.0,"damage_taken":0.0,"cards_upgraded":["Dagger Throw"]},{"damage_healed":0.0,"max_hp_gain":0.0,"max_hp_loss":0.0,"gold_gain":0.0,"event_name":"N\u0027loth","player_choice":"Traded Relic","floor":31.0,"relics_lost":["Boot"],"gold_loss":0.0,"damage_taken":0.0,"relics_obtained":["Nloth\u0027s Gift"]},{"cards_removed":["Defend_G"],"damage_healed":0.0,"max_hp_gain":0.0,"max_hp_loss":0.0,"gold_gain":0.0,"event_name":"Falling","player_choice":"Removed Skill","floor":37.0,"gold_loss":0.0,"damage_taken":0.0},{"damage_healed":0.0,"max_hp_gain":0.0,"max_hp_loss":0.0,"gold_gain":0.0,"event_name":"Mysterious Sphere","player_choice":"Fight","floor":38.0,"gold_loss":0.0,"damage_taken":0.0}],"is_beta":false,"boss_relics":[{"not_picked":["Coffee Dripper","Black Star"],"picked":"Cursed Key"},{"not_picked":["Lizard Tail","Snecko Eye"],"picked":"Sozu"}],"items_purged_floors":[28,46],"is_endless":false,"potions_floor_spawned":[1,2,10,14,16,20,25,27,33,35,36,40,42],"ascension_level":8}