{"gold_per_floor":[110,0,18,35,35,35,94,111,111,139,64,64,80,107,107,107],"floor_reached":16,"playtime":25745,"items_purged":["Strike_R"],"score":186,"play_id":"a2f80d25-8615-49d3-8311-4cb885b7799a","local_time":"20190604072932","is_ascension_mode":true,"campfire_choices":[{"data":"Shrug It Off","floor":6,"key":"SMITH"},{"data":"Shockwave","floor":12,"key":"SMITH"},{"floor":15,"key":"REST"}],"neow_cost":"NONE","seed_source_timestamp":197609498618800,"circlet_count":0,"master_deck":["AscendersBane","Strike_R","Strike_R","Strike_R","Strike_R","Defend_R","Defend_R","Defend_R","Defend_R","Bash+1","Shrug It Off+1","Impervious","Shockwave+1","Spot Weakness"],"relics":["Burning Blood","Art of War","Letter Opener","Tiny Chest","Orichalcum","PreservedInsect"],"potions_floor_usage":[7,10,16],"damage_taken":[{"damage":0,"enemies":"Cultist","floor":1,"turns":4},{"damage":7,"enemies":"2 Louse","floor":3,"turns":4},{"damage":4,"enemies":"Small Slimes","floor":4,"turns":4},{"damage":19,"enemies":"Gremlin Nob","floor":7,"turns":4},{"damage":1,"enemies":"Gremlin Gang","floor":8,"turns":12},{"damage":20,"enemies":"Lagavulin","floor":10,"turns":9},{"damage":6,"enemies":"Blue Slaver","floor":13,"turns":5},{"damage":44,"enemies":"Gremlin Nob","floor":14,"turns":7},{"damage":31,"enemies":"Slime Boss","floor":16,"turns":11}],"seed_played":"-2626976016687685284","potions_obtained":[{"floor":3,"key":"AttackPotion"},{"floor":7,"key":"Swift Potion"},{"floor":14,"key":"PowerPotion"}],"is_trial":false,"path_per_floor":["M","?","M","M","?","R","E","M","T","E","$","R","M","E","R","B"],"character_chosen":"IRONCLAD","items_purchased":[],"campfire_rested":1,"item_purchase_floors":[],"current_hp_per_floor":[78,78,77,79,72,72,59,64,64,50,50,50,50,12,36,5],"gold":107,"neow_bonus":"UPGRADE_CARD","is_prod":false,"is_daily":false,"chose_seed":false,"campfire_upgraded":2,"win_rate":0,"timestamp":1559647772,"path_taken":["M","?","?","M","?","R","E","M","T","E","$","R","M","E","R","BOSS"],"build_version":"2019-01-23","purchased_purges":1,"victory":false,"max_hp_per_floor":[80,80,80,80,80,80,80,80,80,80,80,80,80,80,80,80],"card_choices":[{"not_picked":["Anger","Reckless Charge","Perfected Strike"],"picked":"SKIP","floor":1},{"not_picked":["True Grit","Havoc"],"picked":"Shrug It Off","floor":3},{"not_picked":["Cleave","Iron Wave"],"picked":"Impervious","floor":4},{"not_picked":["Pommel Strike","Dark Embrace","Flex"],"picked":"SKIP","floor":7},{"not_picked":["Iron Wave","Sword Boomerang","Pommel Strike"],"picked":"SKIP","floor":8},{"not_picked":["Thunderclap","Combust"],"picked":"Shockwave","floor":10},{"not_picked":["Fire Breathing","Clothesline","Dark Embrace"],"picked":"SKIP","floor":13},{"not_picked":["Bloodletting","Combust"],"picked":"Spot Weakness","floor":14}],"player_experience":3918897,"relics_obtained":[{"floor":7,"key":"Tiny Chest"},{"floor":10,"key":"Orichalcum"},{"floor":14,"key":"PreservedInsect"}],"event_choices":[{"damage_healed":0,"gold_gain":0,"player_choice":"Paid Gold","damage_taken":0,"relics_obtained":["Art of War"],"max_hp_gain":0,"max_hp_loss":0,"event_name":"WeMeetAgain","floor":2,"gold_loss":110},{"damage_healed":0,"gold_gain":0,"player_choice":"Success","damage_taken":7,"relics_obtained":["Letter Opener"],"max_hp_gain":0,"max_hp_loss":0,"event_name":"Scrap Ooze","floor":5,"gold_loss":0}],"is_beta":false,"boss_relics":[],"items_purged_floors":[11],"is_endless":false,"potions_floor_spawned":[3,7,14],"killed_by":"Slime Boss","ascension_level":11}