{"gold_per_floor":[118,138,138,138,156,156,176,194,194,194,211,229,119,132,132,237,237,254,14,28,127,127,127,140,40,40,40,40,40],"floor_reached":29,"playtime":3625,"items_purged":["Strike_G","Defend_G"],"score":217,"play_id":"d08f0ca2-817b-4032-99c7-8b6dff97f0ed","local_time":"20190818145320","is_ascension_mode":false,"campfire_choices":[{"data":"Distraction","floor":6,"key":"SMITH"},{"floor":10,"key":"REST"},{"data":"Cloak And Dagger","floor":15,"key":"SMITH"},{"floor":23,"key":"REST"},{"floor":28,"key":"REST"}],"neow_cost":"NONE","seed_source_timestamp":383593438315000,"circlet_count":0,"master_deck":["Strike_G","Strike_G","Strike_G","Defend_G","Defend_G","Defend_G","Defend_G","Survivor","Neutralize","Dodge and Roll","Backflip","Distraction+1","Noxious Fumes","Cloak And Dagger+1","Slice","Blur","Blur","Phantasmal Killer","Backflip","After Image"],"relics":["Ring of the Snake","NeowsBlessing","Pantograph","Shuriken","Black Star","Bottled Tornado","Pear","Bottled Lightning"],"potions_floor_usage":[7,8,14,20,29],"damage_taken":[{"damage":0,"enemies":"Cultist","floor":1,"turns":1},{"damage":0,"enemies":"Jaw Worm","floor":2,"turns":1},{"damage":0,"enemies":"2 Louse","floor":5,"turns":1},{"damage":7,"enemies":"Exordium Thugs","floor":7,"turns":8},{"damage":0,"enemies":"Blue Slaver","floor":8,"turns":5},{"damage":0,"enemies":"Red Slaver","floor":11,"turns":6},{"damage":12,"enemies":"Exordium Thugs","floor":12,"turns":6},{"damage":1,"enemies":"Large Slime","floor":14,"turns":5},{"damage":25,"enemies":"The Guardian","floor":16,"turns":14},{"damage":66,"enemies":"Chosen","floor":18,"turns":11},{"damage":1,"enemies":"3 Byrds","floor":20,"turns":4},{"damage":25,"enemies":"Snake Plant","floor":24,"turns":8},{"damage":38,"enemies":"Gremlin Leader","floor":29,"turns":4}],"seed_played":"-2325874377582916026","potions_obtained":[{"floor":2,"key":"SpeedPotion"},{"floor":5,"key":"GhostInAJar"},{"floor":8,"key":"SkillPotion"},{"floor":18,"key":"AttackPotion"},{"floor":24,"key":"SneckoOil"}],"is_trial":false,"path_per_floor":["M","M","?","?","M","R","M","M","T","R","M","M","$","M","R","B",null,"M","$","M","?","?","R","M","$","T","$","R","E"],"character_chosen":"THE_SILENT","items_purchased":["Blur","Bottled Tornado"],"campfire_rested":3,"item_purchase_floors":[13,19],"current_hp_per_floor":[70,70,70,58,58,58,51,51,51,70,70,58,58,57,57,45,70,4,4,3,3,13,37,12,12,12,12,36,0],"gold":40,"neow_bonus":"THREE_ENEMY_KILL","is_prod":false,"is_daily":false,"chose_seed":false,"campfire_upgraded":2,"win_rate":0.0,"timestamp":1566150800,"path_taken":["M","?","?","?","M","R","M","M","T","R","M","?","$","M","R","BOSS","M","$","M","?","?","R","?","?","T","$","R","E"],"build_version":"2019-07-17","purchased_purges":2,"victory":false,"max_hp_per_floor":[70,70,70,70,70,70,70,70,70,70,70,70,70,70,70,70,70,70,70,70,70,80,80,80,80,80,80,80,80],"card_choices":[{"not_picked":["Riddle With Holes","Deadly Poison"],"picked":"Dodge and Roll","floor":1},{"not_picked":["Sucker Punch","Caltrops"],"picked":"Backflip","floor":2},{"not_picked":["Prepared","Dash"],"picked":"Distraction","floor":5},{"not_picked":["Well Laid Plans","Dagger Spray"],"picked":"Noxious Fumes","floor":7},{"not_picked":["Deadly Poison","Bouncing Flask"],"picked":"Cloak And Dagger","floor":8},{"not_picked":["Caltrops","Flying Knee"],"picked":"Slice","floor":11},{"not_picked":["Poisoned Stab","Choke","Doppelganger"],"picked":"SKIP","floor":12},{"not_picked":["Caltrops","Dodge and Roll"],"picked":"Blur","floor":14},{"not_picked":["Wraith Form v2","Die Die Die"],"picked":"Phantasmal Killer","floor":16},{"not_picked":["Bane","Sucker Punch"],"picked":"Accuracy+1","floor":18},{"not_picked":["Acrobatics+1","PiercingWail+1"],"picked":"Backflip","floor":20},{"not_picked":["Riddle With Holes","Flying Knee+1"],"picked":"After Image","floor":24}],"player_experience":110389,"relics_obtained":[{"floor":9,"key":"Shuriken"},{"floor":26,"key":"Bottled Lightning"}],"event_choices":[{"cards_removed":["Strike_G"],"damage_healed":0,"gold_gain":0,"player_choice":"Forget","damage_taken":0,"max_hp_gain":0,"max_hp_loss":0,"event_name":"Living Wall","floor":3,"gold_loss":0},{"damage_healed":0,"gold_gain":0,"player_choice":"Success","damage_taken":12,"relics_obtained":["Pantograph"],"max_hp_gain":0,"max_hp_loss":0,"event_name":"Scrap Ooze","floor":4,"gold_loss":0},{"damage_healed":0,"gold_gain":99,"player_choice":"Stole From Cult","damage_taken":0,"max_hp_gain":0,"max_hp_loss":0,"event_name":"Nest","floor":21,"gold_loss":0},{"cards_removed":["Accuracy"],"damage_healed":0,"gold_gain":0,"player_choice":"Gave Card","damage_taken":0,"relics_obtained":["Pear"],"max_hp_gain":0,"max_hp_loss":0,"event_name":"WeMeetAgain","floor":22,"gold_loss":0}],"is_beta":false,"boss_relics":[{"not_picked":["Busted Crown","Calling Bell"],"picked":"Black Star"}],"items_purged_floors":[13,25],"is_endless":false,"potions_floor_spawned":[2,5,8,18,24],"killed_by":"Gremlin Leader","ascension_level":0}