{"gold_per_floor":[116,126,126,145,145,160,160,178,178,198,198,227,227,238,238,309,309,321,321,334,345,270,270,270,270,270,298,298,312,312,332,332,408,408,424,424,424,424,340,340,340],"floor_reached":41,"playtime":1777,"items_purged":["Writhe"],"score":760,"play_id":"46caa0bf-0d3f-41d8-a433-6cb09a6450cd","local_time":"20190824130517","is_ascension_mode":true,"campfire_choices":[{"data":"Uppercut","floor":7,"key":"SMITH"},{"data":"Juggernaut","floor":15,"key":"SMITH"},{"data":"Strike_R","floor":25,"key":"PURGE"},{"data":"Whirlwind","floor":28,"key":"SMITH"},{"data":"Strike_R","floor":30,"key":"PURGE"},{"data":"Strike_R","floor":32,"key":"PURGE"},{"data":"Entrench","floor":40,"key":"SMITH"}],"neow_cost":"NONE","seed_source_timestamp":201893218030000,"circlet_count":0,"master_deck":["AscendersBane","Defend_R","Defend_R","Defend_R","Defend_R","Bash","Whirlwind+1","Uppercut+1","Shrug It Off","Juggernaut+1","Battle Trance","Shrug It Off","Demon Form","Havoc+1","Juggernaut+1","Offering","Impervious","Enlightenment","Discovery","Entrench+1"],"relics":["Burning Blood","Bag of Marbles","Gambling Chip","Pantograph","Coffee Dripper","Peace Pipe","MutagenicStrength","Singing Bowl","Ornamental Fan","Philosopher\u0027s Stone"],"potions_floor_usage":[12,16,27,33,33],"damage_taken":[{"damage":6,"enemies":"2 Louse","floor":1,"turns":3},{"damage":6,"enemies":"Cultist","floor":2,"turns":3},{"damage":7,"enemies":"Jaw Worm","floor":4,"turns":3},{"damage":11,"enemies":"Gremlin Gang","floor":6,"turns":2},{"damage":0,"enemies":"Lots of Slimes","floor":8,"turns":1},{"damage":9,"enemies":"Blue Slaver","floor":10,"turns":3},{"damage":23,"enemies":"Lagavulin","floor":12,"turns":9},{"damage":3,"enemies":"Looter","floor":14,"turns":3},{"damage":69,"enemies":"Slime Boss","floor":16,"turns":13},{"damage":9,"enemies":"Shell Parasite","floor":18,"turns":6},{"damage":12,"enemies":"3 Byrds","floor":20,"turns":7},{"damage":12,"enemies":"3 Cultists","floor":21,"turns":4},{"damage":22,"enemies":"Gremlin Leader","floor":27,"turns":6},{"damage":18,"enemies":"Shelled Parasite and Fungi","floor":29,"turns":6},{"damage":11,"enemies":"Snake Plant","floor":31,"turns":4},{"damage":30,"enemies":"Automaton","floor":33,"turns":7},{"damage":38,"enemies":"3 Shapes","floor":35,"turns":7},{"damage":60,"enemies":"Nemesis","floor":41,"turns":4}],"seed_played":"-1485875583003187557","potions_obtained":[{"floor":2,"key":"GamblersBrew"},{"floor":5,"key":"EssenceOfSteel"},{"floor":20,"key":"Swift Potion"},{"floor":27,"key":"Fire Potion"},{"floor":31,"key":"Block Potion"},{"floor":33,"key":"Energy Potion"}],"is_trial":false,"path_per_floor":["M","M","?","M","?","M","R","M","T","M","$","E","$","M","R","B",null,"M","?","M","M","$","?","?","R","T","E","R","M","R","M","R","B",null,"M","?","?","?","$","R","E"],"character_chosen":"IRONCLAD","items_purchased":["Entrench"],"campfire_rested":0,"item_purchase_floors":[39],"current_hp_per_floor":[68,68,68,67,67,62,62,68,68,65,65,48,48,51,51,12,59,56,56,50,44,44,44,44,44,44,30,30,20,20,15,15,16,63,33,66,58,58,58,58,0],"gold":340,"neow_bonus":"RANDOM_COMMON_RELIC","is_prod":false,"is_daily":false,"chose_seed":false,"campfire_upgraded":4,"win_rate":0,"timestamp":1566619517,"path_taken":["M","M","?","?","?","M","R","?","T","M","$","E","$","?","R","BOSS","M","?","M","M","$","?","?","R","T","E","R","?","R","M","R","BOSS","M","?","?","?","$","R","E"],"build_version":"2019-07-17","purchased_purges":1,"victory":false,"max_hp_per_floor":[75,75,75,75,75,75,75,75,75,75,75,75,75,75,75,75,75,75,75,75,75,75,75,75,75,75,77,77,79,79,79,79,79,79,81,66,68,68,68,68,68],"card_choices":[{"not_picked":["Cleave","Havoc"],"picked":"Whirlwind","floor":1},{"not_picked":["Wild Strike","Cleave","Clash"],"picked":"SKIP","floor":2},{"not_picked":["Warcry","Pommel Strike"],"picked":"Uppercut","floor":4},{"not_picked":["Cleave","Sever Soul","Warcry"],"picked":"SKIP","floor":6},{"not_picked":["Warcry","Twin Strike"],"picked":"Shrug It Off","floor":8},{"not_picked":["Cleave","Pommel Strike"],"picked":"Juggernaut","floor":10},{"not_picked":["Shrug It Off","Blood for Blood"],"picked":"Battle Trance","floor":12},{"not_picked":["Heavy Blade","Warcry"],"picked":"Shrug It Off","floor":14},{"not_picked":["Offering","Feed"],"picked":"Demon Form","floor":16},{"not_picked":["Thunderclap","Iron Wave","Power Through"],"picked":"SKIP","floor":18},{"not_picked":["Flex","Body Slam"],"picked":"Havoc+1","floor":20},{"not_picked":["Clash+1","Anger","True Grit"],"picked":"SKIP","floor":21},{"not_picked":["Limit Break","Evolve","Twin Strike"],"picked":"Singing Bowl","floor":27},{"not_picked":["Anger","Evolve","Clash"],"picked":"Singing Bowl","floor":29},{"not_picked":["Wild Strike","Evolve"],"picked":"Offering","floor":31},{"not_picked":["Dark Embrace","Exhume"],"picked":"Impervious","floor":33},{"not_picked":["Clothesline+1","Warcry","Clash+1"],"picked":"Singing Bowl","floor":35},{"not_picked":["Purity","Magnetism"],"picked":"Enlightenment","floor":37},{"not_picked":["Swift Strike","Madness"],"picked":"Discovery","floor":37},{"not_picked":["PanicButton","Mind Blast","Dramatic Entrance"],"picked":"Singing Bowl","floor":37}],"player_experience":199929,"relics_obtained":[{"floor":9,"key":"Gambling Chip"},{"floor":12,"key":"Pantograph"},{"floor":26,"key":"Singing Bowl"},{"floor":27,"key":"Ornamental Fan"}],"event_choices":[{"cards_removed":["Strike_R"],"damage_healed":0,"gold_gain":0,"player_choice":"Purged","damage_taken":0,"max_hp_gain":0,"max_hp_loss":0,"event_name":"Purifier","floor":3,"gold_loss":0},{"damage_healed":0,"gold_gain":0,"player_choice":"Got Potions","damage_taken":0,"max_hp_gain":0,"max_hp_loss":0,"event_name":"Lab","floor":5,"gold_loss":0},{"damage_healed":0,"gold_gain":0,"player_choice":"Opened","damage_taken":0,"relics_obtained":["Peace Pipe"],"max_hp_gain":0,"max_hp_loss":0,"event_name":"The Mausoleum","floor":19,"gold_loss":0,"cards_obtained":["Writhe"]},{"damage_healed":0,"gold_gain":0,"player_choice":"Inject Mutagens","damage_taken":0,"relics_obtained":["MutagenicStrength"],"max_hp_gain":0,"max_hp_loss":0,"event_name":"Drug Dealer","floor":23,"gold_loss":0},{"damage_healed":0,"gold_gain":0,"player_choice":"Copied","damage_taken":0,"max_hp_gain":0,"max_hp_loss":0,"event_name":"Duplicator","floor":24,"gold_loss":0,"cards_obtained":["Juggernaut"]},{"damage_healed":66,"gold_gain":0,"player_choice":"Heal","damage_taken":0,"max_hp_gain":0,"max_hp_loss":15,"event_name":"The Moai Head","floor":36,"gold_loss":0},{"damage_healed":0,"gold_gain":0,"player_choice":"Memory 3","damage_taken":10,"max_hp_gain":0,"max_hp_loss":0,"event_name":"SensoryStone","floor":37,"gold_loss":0},{"cards_removed":["Strike_R"],"damage_healed":0,"gold_gain":0,"player_choice":"Removed Attack","damage_taken":0,"max_hp_gain":0,"max_hp_loss":0,"event_name":"Falling","floor":38,"gold_loss":0}],"is_beta":false,"boss_relics":[{"not_picked":["White Beast Statue","Tiny House"],"picked":"Coffee Dripper"},{"not_picked":["Black Blood","Velvet Choker"],"picked":"Philosopher\u0027s Stone"}],"items_purged_floors":[22],"is_endless":false,"potions_floor_spawned":[2,8,10,20,27,31,33],"killed_by":"Nemesis","ascension_level":17}