{"gold_per_floor":[112,112,187,59,69,102,116,116,172,172,172,184,184,211,211,314,314,330,330,345,345,50,50,50,62,62,37,137,150,150,169,169,169],"floor_reached":33,"playtime":737,"items_purged":["Defend_R","Bash+1"],"score":278,"play_id":"76df8bac-b7cd-4229-92b4-c384c86aff19","local_time":"20190825180714","is_ascension_mode":false,"campfire_choices":[{"data":"Twin Strike","floor":11,"key":"SMITH"},{"data":"Thunderclap","floor":13,"key":"SMITH"},{"data":"Bash","floor":15,"key":"SMITH"},{"floor":23,"key":"RECALL"},{"floor":32,"key":"REST"}],"neow_cost":"NONE","seed_source_timestamp":158379841233600,"circlet_count":0,"master_deck":["Strike_R+1","Strike_R+1","Strike_R+1","Strike_R+1","Strike_R+1","Defend_R+1","Defend_R+1","Flex+1","Twin Strike+1","Cleave+1","Thunderclap+1","Shame","Flex","Writhe"],"relics":["Burning Blood","NeowsBlessing","Ice Cream","Matryoshka","War Paint","Tiny Chest","Blood Vial","Lizard Tail","Lee\u0027s Waffle","Bronze Scales","Bag of Preparation","Pantograph","Gambling Chip"],"potions_floor_usage":[14,20,25,31,33,33],"damage_taken":[{"damage":0,"enemies":"Jaw Worm","floor":1,"turns":1},{"damage":0,"enemies":"Small Slimes","floor":5,"turns":1},{"damage":0,"enemies":"Lagavulin","floor":6,"turns":1},{"damage":0,"enemies":"2 Louse","floor":7,"turns":1},{"damage":0,"enemies":"Large Slime","floor":12,"turns":2},{"damage":18,"enemies":"3 Sentries","floor":14,"turns":5},{"damage":61,"enemies":"Hexaghost","floor":16,"turns":8},{"damage":34,"enemies":"Shell Parasite","floor":18,"turns":4},{"damage":20,"enemies":"2 Thieves","floor":20,"turns":2},{"damage":22,"enemies":"Snake Plant","floor":25,"turns":3},{"damage":10,"enemies":"Sentry and Sphere","floor":29,"turns":3},{"damage":38,"enemies":"Centurion and Healer","floor":31,"turns":4},{"damage":145,"enemies":"Automaton","floor":33,"turns":10}],"seed_played":"3978676719159760784","potions_obtained":[{"floor":1,"key":"Block Potion"},{"floor":5,"key":"Swift Potion"},{"floor":14,"key":"Explosive Potion"},{"floor":20,"key":"Weak Potion"},{"floor":25,"key":"Strength Potion"},{"floor":31,"key":"Energy Potion"}],"is_trial":false,"path_per_floor":["M","?","?","$","M","E","M","T","T","?","R","M","R","E","R","B",null,"M","?","M","?","$","R","?","M","T","$","?","M","?","M","R","B"],"character_chosen":"IRONCLAD","items_purchased":["Flex","Lee\u0027s Waffle","Flex"],"campfire_rested":1,"item_purchase_floors":[4,22,27],"current_hp_per_floor":[80,73,62,62,68,74,80,80,80,80,80,80,80,68,68,15,80,52,52,40,40,87,87,87,71,71,71,71,69,69,39,65,0],"gold":169,"neow_bonus":"THREE_ENEMY_KILL","is_prod":false,"is_daily":false,"chose_seed":false,"campfire_upgraded":3,"win_rate":0,"timestamp":1566720434,"path_taken":["M","?","?","$","M","E","M","?","T","?","R","M","R","E","R","BOSS","M","?","M","?","$","R","?","?","T","$","?","?","?","M","R","BOSS"],"build_version":"2019-07-17","purchased_purges":2,"victory":false,"max_hp_per_floor":[80,80,80,80,80,80,80,80,80,80,80,80,80,80,80,80,80,80,80,80,80,87,87,87,87,87,87,87,87,87,87,87,87],"card_choices":[{"not_picked":["Sentinel","Headbutt","Rampage"],"picked":"SKIP","floor":1},{"not_picked":["Infernal Blade","Carnage"],"picked":"Twin Strike","floor":5},{"not_picked":["Immolate","Inflame","Sentinel"],"picked":"SKIP","floor":6},{"not_picked":["Whirlwind","Shockwave"],"picked":"Cleave","floor":7},{"not_picked":["Spot Weakness","Body Slam"],"picked":"Thunderclap","floor":12},{"not_picked":["True Grit","Entrench","Infernal Blade"],"picked":"SKIP","floor":14},{"not_picked":["Warcry","Clothesline","Sever Soul"],"picked":"SKIP","floor":18},{"not_picked":["Carnage","Feel No Pain","Entrench"],"picked":"SKIP","floor":20},{"not_picked":["Wild Strike","Uppercut+1","Rupture"],"picked":"SKIP","floor":25},{"not_picked":["Armaments+1","Burning Pact","Clash+1"],"picked":"SKIP","floor":29},{"not_picked":["Clothesline","Inflame+1","Warcry"],"picked":"SKIP","floor":31}],"player_experience":95771,"relics_obtained":[{"floor":6,"key":"Ice Cream"},{"floor":8,"key":"Matryoshka"},{"floor":9,"key":"War Paint"},{"floor":9,"key":"Tiny Chest"},{"floor":14,"key":"Blood Vial"},{"floor":26,"key":"Bag of Preparation"},{"floor":26,"key":"Pantograph"}],"event_choices":[{"cards_removed":["Defend_R"],"damage_healed":0,"gold_gain":0,"player_choice":"Card Removal","damage_taken":7,"max_hp_gain":0,"max_hp_loss":0,"event_name":"Golden Wing","floor":2,"gold_loss":0},{"damage_healed":0,"gold_gain":75,"player_choice":"Gather Gold","damage_taken":11,"max_hp_gain":0,"max_hp_loss":0,"event_name":"World of Goop","floor":3,"gold_loss":0},{"damage_healed":0,"gold_gain":0,"player_choice":"Grow","damage_taken":0,"max_hp_gain":0,"max_hp_loss":0,"event_name":"Living Wall","floor":10,"gold_loss":0,"cards_upgraded":["Cleave"]},{"damage_healed":0,"gold_gain":0,"player_choice":"Simplicity","damage_taken":0,"max_hp_gain":0,"max_hp_loss":0,"event_name":"Back to Basics","floor":19,"gold_loss":0,"cards_upgraded":["Strike_R","Strike_R","Strike_R","Strike_R","Strike_R","Defend_R"]},{"damage_healed":0,"gold_gain":0,"player_choice":"Ignored","damage_taken":0,"max_hp_gain":0,"max_hp_loss":0,"event_name":"Vampires","floor":21,"gold_loss":0},{"damage_healed":0,"gold_gain":0,"player_choice":"Stole Relic","damage_taken":0,"relics_obtained":["Bronze Scales"],"max_hp_gain":0,"max_hp_loss":0,"event_name":"Addict","floor":24,"gold_loss":0,"cards_obtained":["Shame"]},{"damage_healed":0,"gold_gain":100,"player_choice":"Pray","damage_taken":0,"max_hp_gain":0,"max_hp_loss":0,"event_name":"Golden Shrine","floor":28,"gold_loss":0},{"damage_healed":0,"gold_gain":0,"player_choice":"Opened","damage_taken":0,"relics_obtained":["Gambling Chip"],"max_hp_gain":0,"max_hp_loss":0,"event_name":"The Mausoleum","floor":30,"gold_loss":0,"cards_obtained":["Writhe"]}],"is_beta":false,"boss_relics":[{"not_picked":["Runic Dome","Black Star"],"picked":"Lizard Tail"}],"items_purged_floors":[4,22],"is_endless":false,"potions_floor_spawned":[1,5,14,20,25,31],"killed_by":"Automaton","ascension_level":0}