{"gold_per_floor":[117,117,42,56,77,77,77,93,140,140,171,191,10,34,34,34],"floor_reached":16,"playtime":542,"items_purged":["Strike_R","Regret"],"score":168,"play_id":"27543aba-48ee-40dd-a940-f6a96a1239c1","local_time":"20190823054436","is_ascension_mode":true,"campfire_choices":[{"data":"Bash","floor":7,"key":"SMITH"},{"floor":15,"key":"REST"}],"neow_cost":"NONE","seed_source_timestamp":90287386485500,"circlet_count":0,"master_deck":["AscendersBane","Strike_R","Strike_R","Strike_R","Defend_R","Defend_R","Defend_R","Defend_R","Bash+1","Corruption","Carnage","Disarm","Flex","Disarm","Twin Strike","Perfected Strike"],"relics":["Burning Blood","Dream Catcher","Golden Idol","Strawberry","Pen Nib","Bag of Marbles"],"potions_floor_usage":[11,12],"damage_taken":[{"damage":9,"enemies":"Jaw Worm","floor":1,"turns":4},{"damage":9,"enemies":"2 Louse","floor":4,"turns":3},{"damage":11,"enemies":"Small Slimes","floor":5,"turns":3},{"damage":9,"enemies":"2 Fungi Beasts","floor":8,"turns":4},{"damage":44,"enemies":"3 Sentries","floor":11,"turns":11},{"damage":16,"enemies":"3 Louse","floor":12,"turns":3},{"damage":6,"enemies":"Large Slime","floor":14,"turns":3},{"damage":44,"enemies":"The Guardian","floor":16,"turns":15}],"seed_played":"8054215536209305651","potions_obtained":[{"floor":5,"key":"EssenceOfSteel"},{"floor":11,"key":"BloodPotion"},{"floor":14,"key":"SteroidPotion"}],"is_trial":false,"path_per_floor":["M","?","$","M","M","?","R","M","T","?","E","M","$","M","R","B"],"character_chosen":"IRONCLAD","items_purchased":["Disarm"],"campfire_rested":1,"item_purchase_floors":[13],"current_hp_per_floor":[69,49,49,46,41,41,41,38,45,45,7,18,18,18,44,0],"gold":34,"neow_bonus":"RANDOM_COMMON_RELIC","is_prod":false,"is_daily":false,"chose_seed":false,"campfire_upgraded":1,"win_rate":0,"timestamp":1566506676,"path_taken":["M","?","$","M","M","?","R","M","T","?","E","M","$","M","R","BOSS"],"build_version":"2019-07-17","purchased_purges":2,"victory":false,"max_hp_per_floor":[80,80,80,80,80,80,80,80,87,87,87,87,87,87,87,87],"card_choices":[{"not_picked":["True Grit","Havoc"],"picked":"Corruption","floor":1},{"not_picked":["Body Slam","Wild Strike"],"picked":"Carnage","floor":4},{"not_picked":["Thunderclap","Blood for Blood","Headbutt"],"picked":"SKIP","floor":5},{"not_picked":["Clothesline","Body Slam"],"picked":"Disarm","floor":8},{"not_picked":["Blood for Blood","Iron Wave","Headbutt"],"picked":"SKIP","floor":11},{"not_picked":["Anger","True Grit"],"picked":"Flex","floor":12},{"not_picked":["Blood for Blood","Headbutt"],"picked":"Twin Strike","floor":14},{"not_picked":["Brutality","Warcry"],"picked":"Perfected Strike","floor":15}],"player_experience":177019,"relics_obtained":[{"floor":9,"key":"Strawberry"},{"floor":11,"key":"Bag of Marbles"}],"event_choices":[{"damage_healed":0,"gold_gain":0,"player_choice":"Take Damage","damage_taken":20,"relics_obtained":["Golden Idol"],"max_hp_gain":0,"max_hp_loss":0,"event_name":"Golden Idol","floor":2,"gold_loss":0},{"cards_removed":["Strike_R"],"damage_healed":0,"gold_gain":0,"player_choice":"Forget","damage_taken":0,"max_hp_gain":0,"max_hp_loss":0,"event_name":"Living Wall","floor":6,"gold_loss":0},{"damage_healed":0,"gold_gain":0,"player_choice":"Box","damage_taken":0,"relics_obtained":["Pen Nib"],"max_hp_gain":0,"max_hp_loss":0,"event_name":"Big Fish","floor":10,"gold_loss":0,"cards_obtained":["Regret"]}],"is_beta":false,"boss_relics":[],"items_purged_floors":[3,13],"is_endless":false,"potions_floor_spawned":[5,11,14],"killed_by":"The Guardian","ascension_level":13}