{"gold_per_floor":[115,134,8,8,8,8,38,38,38,38,71,87,262,314,314,416,416,397,397,397,416,433,433,444,34,34,69,69,83,83,35,35,35],"floor_reached":33,"playtime":4570,"items_purged":["Defend_R","Pain"],"score":321,"play_id":"201d8c59-eaa3-46fe-968a-87a962153f30","local_time":"20190816221124","is_ascension_mode":false,"campfire_choices":[{"data":"Double Tap","floor":6,"key":"SMITH"},{"data":"Iron Wave","floor":15,"key":"SMITH"},{"data":"Double Tap","floor":23,"key":"SMITH"},{"data":"Searing Blow","floor":30,"key":"SMITH"},{"floor":32,"key":"REST"}],"neow_cost":"NONE","seed_source_timestamp":236129308883900,"circlet_count":0,"master_deck":["Strike_R","Strike_R","Defend_R","Defend_R","Bash","Double Tap+1","Iron Wave+1","Shrug It Off","Dual Wield","True Grit","Doubt","Double Tap+1","Body Slam+1","Twin Strike+1","Heavy Blade+1","Twin Strike","Bash","Good Instincts","Entrench","Searing Blow+1"],"relics":["Burning Blood","WarpedTongs","Happy Flower","Kunai","Mummified Hand","PreservedInsect","Astrolabe","Bottled Lightning","Bottled Flame","Question Card"],"potions_floor_usage":[7,7,10,16,16,16,18,24,27,33,33],"damage_taken":[{"damage":0,"enemies":"2 Louse","floor":1,"turns":4},{"damage":1,"enemies":"Cultist","floor":2,"turns":4},{"damage":20,"enemies":"Gremlin Nob","floor":7,"turns":4},{"damage":8,"enemies":"Lagavulin","floor":11,"turns":6},{"damage":3,"enemies":"Jaw Worm","floor":12,"turns":4},{"damage":41,"enemies":"Slime Boss","floor":16,"turns":12},{"damage":15,"enemies":"2 Thieves","floor":18,"turns":4},{"damage":5,"enemies":"Chosen","floor":21,"turns":4},{"damage":9,"enemies":"Snecko","floor":22,"turns":4},{"damage":11,"enemies":"Snake Plant","floor":24,"turns":4},{"damage":26,"enemies":"Gremlin Leader","floor":27,"turns":7},{"damage":40,"enemies":"Chosen and Byrds","floor":29,"turns":9},{"damage":95,"enemies":"Collector","floor":33,"turns":9}],"seed_played":"5915428014501290350","potions_obtained":[{"floor":1,"key":"AttackPotion"},{"floor":7,"key":"BloodPotion"},{"floor":10,"key":"BloodPotion"},{"floor":10,"key":"Fruit Juice"},{"floor":10,"key":"LiquidBronze"},{"floor":11,"key":"EssenceOfSteel"},{"floor":16,"key":"SkillPotion"},{"floor":21,"key":"Dexterity Potion"},{"floor":24,"key":"SkillPotion"},{"floor":29,"key":"LiquidBronze"}],"is_trial":false,"path_per_floor":["M","M","$","?","$","R","E","$","T","?","E","M","?","T","R","B",null,"M","?","?","M","M","R","M","$","T","E","?","M","R","$","R","B"],"character_chosen":"IRONCLAD","items_purchased":["Block Potion","Bottled Lightning","Entrench","Strength Potion"],"campfire_rested":1,"item_purchase_floors":[3,25,25,31],"current_hp_per_floor":[80,80,80,80,80,80,66,66,66,71,69,72,72,72,72,58,85,76,76,76,77,74,74,69,69,69,49,95,61,61,61,89,0],"gold":35,"neow_bonus":"TRANSFORM_CARD","is_prod":false,"is_daily":false,"chose_seed":false,"campfire_upgraded":4,"win_rate":0,"timestamp":1566004284,"path_taken":["M","M","$","?","?","R","E","$","T","?","E","?","?","?","R","BOSS","M","?","?","?","M","R","M","$","T","E","?","?","R","$","R","BOSS"],"build_version":"2019-07-17","purchased_purges":2,"victory":false,"max_hp_per_floor":[80,80,80,80,80,80,80,80,80,85,85,85,85,85,85,85,85,85,85,85,85,85,85,85,85,85,85,95,95,95,95,95,95],"card_choices":[{"not_picked":["Sword Boomerang","Perfected Strike"],"picked":"Iron Wave","floor":1},{"not_picked":["Sword Boomerang","Iron Wave"],"picked":"Shrug It Off","floor":2},{"not_picked":["Iron Wave","Shockwave"],"picked":"Dual Wield","floor":7},{"not_picked":["Infernal Blade","Armaments"],"picked":"True Grit","floor":11},{"not_picked":["Power Through","Iron Wave","Fire Breathing"],"picked":"SKIP","floor":12},{"not_picked":["Offering","Brutality"],"picked":"Double Tap","floor":16},{"not_picked":["Seeing Red","Disarm"],"picked":"Twin Strike","floor":18},{"not_picked":["Clash","True Grit","Shrug It Off"],"picked":"SKIP","floor":21},{"not_picked":["Shrug It Off","Pummel+1","Carnage"],"picked":"SKIP","floor":22},{"not_picked":["Blood for Blood","Uppercut"],"picked":"Limit Break","floor":24},{"not_picked":["Warcry","Metallicize"],"picked":"Searing Blow","floor":27},{"not_picked":["Carnage+1","Shrug It Off","Power Through","Heavy Blade"],"picked":"SKIP","floor":29}],"player_experience":29940,"relics_obtained":[{"floor":7,"key":"Happy Flower"},{"floor":9,"key":"Kunai"},{"floor":11,"key":"Mummified Hand"},{"floor":14,"key":"PreservedInsect"},{"floor":26,"key":"Bottled Flame"},{"floor":27,"key":"Question Card"}],"event_choices":[{"damage_healed":0,"gold_gain":0,"player_choice":"Rummage","damage_taken":0,"relics_obtained":["WarpedTongs"],"max_hp_gain":0,"max_hp_loss":0,"event_name":"Accursed Blacksmith","floor":4,"gold_loss":0,"cards_obtained":["Pain"]},{"damage_healed":0,"gold_gain":0,"player_choice":"Got Potions","damage_taken":0,"max_hp_gain":0,"max_hp_loss":0,"event_name":"Lab","floor":10,"gold_loss":0},{"damage_healed":0,"gold_gain":175,"player_choice":"AGREE","damage_taken":0,"max_hp_gain":0,"max_hp_loss":0,"event_name":"Liars Game","floor":13,"gold_loss":0,"cards_obtained":["Doubt"]},{"damage_healed":0,"gold_gain":0,"player_choice":"Ignored","damage_taken":0,"max_hp_gain":0,"max_hp_loss":0,"event_name":"Ghosts","floor":19,"gold_loss":0},{"damage_healed":0,"gold_gain":0,"player_choice":"2 cards matched","damage_taken":0,"max_hp_gain":0,"max_hp_loss":0,"event_name":"Match and Keep!","floor":20,"gold_loss":0,"cards_obtained":["Bash","Good Instincts"]},{"damage_healed":0,"gold_gain":0,"player_choice":"2 cards matched","damage_taken":0,"max_hp_gain":0,"max_hp_loss":0,"event_name":"Match and Keep!","floor":20,"gold_loss":0,"cards_obtained":["Bash","Good Instincts"]},{"cards_removed":["Limit Break"],"damage_healed":36,"gold_gain":0,"player_choice":"Offered Rare","damage_taken":0,"max_hp_gain":10,"max_hp_loss":0,"event_name":"Bonfire Elementals","floor":28,"gold_loss":0}],"is_beta":false,"boss_relics":[{"not_picked":["Runic Dome","Tiny House"],"picked":"Astrolabe"}],"items_purged_floors":[3,25],"is_endless":false,"potions_floor_spawned":[1,7,11,16,21,24,29],"killed_by":"Collector","ascension_level":0}