{"gold_per_floor":[109,122,122,122,139,139,154,66,66,85,115,143,155,189,189,266,266,278,328,345,60,60,60,76,76,76,76,76,95,105,105,105,181,181,191,211,111,111,126,126,157,157,157,188,188,10,10,27,27,27],"floor_reached":51,"playtime":2276,"items_purged":["Strike_R","Strike_R"],"score":1461,"play_id":"bf7bb31a-d3b2-4e93-9f3f-7f0316125bb9","local_time":"20190827121047","is_ascension_mode":true,"campfire_choices":[{"data":"Bash","floor":6,"key":"SMITH"},{"data":"Whirlwind","floor":15,"key":"SMITH"},{"data":"Limit Break","floor":23,"key":"SMITH"},{"floor":25,"key":"REST"},{"data":"Inflame","floor":28,"key":"SMITH"},{"floor":32,"key":"REST"},{"data":"Armaments","floor":40,"key":"SMITH"},{"data":"Second Wind","floor":42,"key":"SMITH"},{"floor":47,"key":"REST"},{"floor":49,"key":"REST"}],"neow_cost":"TEN_PERCENT_HP_LOSS","seed_source_timestamp":457312567161000,"circlet_count":0,"master_deck":["AscendersBane","Strike_R","Strike_R","Defend_R","Defend_R","Defend_R","Defend_R","Bash+1","Dropkick","Clothesline+1","Inflame+1","Second Wind+1","Carnage","Shrug It Off","Whirlwind+1","Limit Break+1","True Grit+1","Armaments+1","Reaper","Pommel Strike+1","Double Tap"],"relics":["Burning Blood","Ice Cream","Torii","Thread and Needle","Orichalcum","Mark of Pain","Chemical X","Self Forming Clay","Cursed Key","Sundial","Art of War"],"potions_floor_usage":[14,16,33,39,44],"damage_taken":[{"damage":0,"enemies":"2 Louse","floor":1,"turns":3},{"damage":6,"enemies":"Cultist","floor":2,"turns":3},{"damage":7,"enemies":"Small Slimes","floor":5,"turns":3},{"damage":15,"enemies":"3 Louse","floor":7,"turns":4},{"damage":2,"enemies":"Looter","floor":10,"turns":3},{"damage":10,"enemies":"Lagavulin","floor":12,"turns":6},{"damage":2,"enemies":"Red Slaver","floor":13,"turns":3},{"damage":30,"enemies":"3 Sentries","floor":14,"turns":10},{"damage":27,"enemies":"The Guardian","floor":16,"turns":12},{"damage":20,"enemies":"2 Thieves","floor":18,"turns":4},{"damage":12,"enemies":"Shell Parasite","floor":20,"turns":3},{"damage":17,"enemies":"Snecko","floor":24,"turns":4},{"damage":10,"enemies":"Centurion and Healer","floor":29,"turns":4},{"damage":30,"enemies":"Shelled Parasite and Fungi","floor":30,"turns":6},{"damage":13,"enemies":"Colosseum Slavers","floor":31,"turns":3},{"damage":8,"enemies":"Collector","floor":33,"turns":6},{"damage":11,"enemies":"3 Shapes","floor":35,"turns":12},{"damage":0,"enemies":"3 Darklings","floor":36,"turns":1},{"damage":11,"enemies":"4 Shapes","floor":39,"turns":11},{"damage":9,"enemies":"Nemesis","floor":41,"turns":5},{"damage":63,"enemies":"Reptomancer","floor":44,"turns":5},{"damage":12,"enemies":"Jaw Worm Horde","floor":48,"turns":3},{"damage":34,"enemies":"Awakened One","floor":50,"turns":13}],"seed_played":"-5425336523743205176","potions_obtained":[{"floor":1,"key":"Ancient Potion"},{"floor":7,"key":"Regen Potion"},{"floor":10,"key":"EssenceOfSteel"},{"floor":14,"key":"LiquidBronze"},{"floor":24,"key":"FearPotion"},{"floor":35,"key":"GamblersBrew"},{"floor":36,"key":"AttackPotion"},{"floor":44,"key":"Explosive Potion"}],"is_trial":false,"path_per_floor":["M","M","?","?","M","R","M","$","T","M","?","E","M","E","R","B",null,"M","?","M","$","?","R","M","R","T","?","R","M","M","?","R","B",null,"M","M","$","?","M","R","E","R","T","E","?","$","R","M","R","B",null],"character_chosen":"IRONCLAD","items_purchased":["Inflame","Chemical X","Double Tap"],"campfire_rested":4,"item_purchase_floors":[8,21,46],"current_hp_per_floor":[68,68,73,73,72,72,63,63,63,67,67,63,67,58,58,37,64,50,50,44,44,44,44,33,54,54,54,54,50,26,19,40,38,64,73,73,73,69,69,69,66,66,66,9,9,9,29,55,69,64],"gold":27,"neow_bonus":"ONE_RARE_RELIC","is_prod":false,"is_daily":false,"chose_seed":false,"campfire_upgraded":6,"win_rate":0,"timestamp":1566875447,"path_taken":["M","M","?","?","M","R","?","$","T","M","?","E","M","E","R","BOSS","M","?","M","$","?","R","M","R","T","?","R","M","?","?","R","BOSS","M","M","$","?","M","R","E","R","T","E","?","?","R","M","R","BOSS"],"build_version":"2019-07-17","purchased_purges":2,"victory":true,"max_hp_per_floor":[68,68,73,73,73,73,73,73,73,73,73,73,73,73,73,73,73,73,73,73,73,73,73,73,73,73,73,73,73,73,73,73,73,73,73,73,73,69,69,69,69,69,69,69,69,69,69,69,69,69],"card_choices":[{"not_picked":["Evolve","Twin Strike"],"picked":"Dropkick","floor":1},{"not_picked":["Twin Strike","Heavy Blade","Sword Boomerang"],"picked":"SKIP","floor":2},{"not_picked":["Wild Strike","Combust"],"picked":"Clothesline","floor":5},{"not_picked":["Wild Strike","Anger","Iron Wave"],"picked":"SKIP","floor":7},{"not_picked":["Blood for Blood","Clash"],"picked":"Second Wind","floor":10},{"not_picked":["Wild Strike","Flex"],"picked":"Carnage","floor":12},{"not_picked":["Evolve","Corruption"],"picked":"Shrug It Off","floor":13},{"not_picked":["Hemokinesis","Seeing Red"],"picked":"Whirlwind","floor":14},{"not_picked":["Bludgeon","Juggernaut"],"picked":"Limit Break","floor":16},{"not_picked":["Thunderclap+1","Power Through","Cleave+1"],"picked":"SKIP","floor":18},{"not_picked":["Twin Strike","Sword Boomerang"],"picked":"True Grit+1","floor":20},{"not_picked":["Carnage","Rupture","Iron Wave"],"picked":"SKIP","floor":24},{"not_picked":["Clash","Body Slam","Uppercut"],"picked":"SKIP","floor":29},{"not_picked":["Headbutt+1","Shockwave"],"picked":"Armaments","floor":30},{"not_picked":["Dark Embrace","Juggernaut"],"picked":"Reaper","floor":33},{"not_picked":["Dropkick","Iron Wave+1","Cleave"],"picked":"SKIP","floor":35},{"not_picked":["Warcry","Power Through","Second Wind+1"],"picked":"SKIP","floor":36},{"not_picked":["Inflame","Headbutt","True Grit"],"picked":"SKIP","floor":39},{"not_picked":["Wild Strike","True Grit+1"],"picked":"Pommel Strike+1","floor":41},{"not_picked":["Twin Strike","Iron Wave","Dropkick"],"picked":"SKIP","floor":44},{"not_picked":["Dropkick","Cleave","Sword Boomerang"],"picked":"SKIP","floor":48}],"player_experience":217471,"relics_obtained":[{"floor":9,"key":"Torii"},{"floor":12,"key":"Thread and Needle"},{"floor":14,"key":"Orichalcum"},{"floor":26,"key":"Self Forming Clay"},{"floor":41,"key":"Sundial"},{"floor":44,"key":"Art of War"}],"event_choices":[{"damage_healed":0,"gold_gain":0,"player_choice":"Donut","damage_taken":0,"max_hp_gain":5,"max_hp_loss":0,"event_name":"Big Fish","floor":3,"gold_loss":0},{"cards_removed":["Strike_R"],"damage_healed":0,"gold_gain":0,"player_choice":"Offered Basic","damage_taken":0,"max_hp_gain":0,"max_hp_loss":0,"event_name":"Bonfire Elementals","floor":4,"gold_loss":0},{"damage_healed":0,"gold_gain":30,"player_choice":"Searched \u00271\u0027 times","damage_taken":0,"max_hp_gain":0,"max_hp_loss":0,"event_name":"Dead Adventurer","floor":11,"gold_loss":0},{"damage_healed":0,"gold_gain":50,"player_choice":"Stole From Cult","damage_taken":0,"max_hp_gain":0,"max_hp_loss":0,"event_name":"Nest","floor":19,"gold_loss":0},{"damage_healed":0,"gold_gain":0,"player_choice":"Upgraded","damage_taken":0,"max_hp_gain":0,"max_hp_loss":0,"event_name":"Upgrade Shrine","floor":27,"gold_loss":0,"cards_upgraded":["Clothesline"]},{"damage_healed":0,"gold_gain":0,"player_choice":"Fight","damage_taken":0,"max_hp_gain":0,"max_hp_loss":0,"event_name":"Colosseum","floor":31,"gold_loss":0},{"damage_healed":0,"gold_gain":0,"player_choice":"Fled From Nobs","damage_taken":0,"max_hp_gain":0,"max_hp_loss":0,"event_name":"Colosseum","floor":31,"gold_loss":0},{"damage_healed":0,"gold_gain":0,"player_choice":"Max HP","damage_taken":0,"max_hp_gain":0,"max_hp_loss":4,"event_name":"Winding Halls","floor":38,"gold_loss":0},{"damage_healed":0,"gold_gain":0,"player_choice":"Ignored","damage_taken":0,"max_hp_gain":0,"max_hp_loss":0,"event_name":"Mysterious Sphere","floor":45,"gold_loss":0}],"is_beta":false,"boss_relics":[{"not_picked":["Lizard Tail","Empty Cage"],"picked":"Mark of Pain"},{"not_picked":["Runic Pyramid","Coffee Dripper"],"picked":"Cursed Key"}],"items_purged_floors":[21,37],"is_endless":false,"potions_floor_spawned":[1,7,10,12,14,24,29,31,35,36,44],"ascension_level":18}