{"gold_per_floor":[115,115,133,58,58,70,97,109,147,159,181,193,216,228,240,252],"floor_reached":16,"playtime":453,"items_purged":["Strike_R"],"score":144,"play_id":"74dc3b82-40e1-46c5-af8e-0f7122003ce6","local_time":"20190607001725","is_ascension_mode":true,"campfire_choices":[{"data":"Havoc","floor":6,"key":"SMITH"},{"data":"Bash","floor":8,"key":"SMITH"},{"data":"Sentinel","floor":10,"key":"SMITH"},{"floor":12,"key":"REST"},{"data":"Impervious","floor":15,"key":"SMITH"}],"neow_cost":"PERCENT_DAMAGE","seed_source_timestamp":456221563182500,"circlet_count":0,"master_deck":["AscendersBane","Strike_R","Strike_R","Strike_R","Defend_R","Defend_R","Defend_R","Defend_R","Bash+1","Sentinel+1","Havoc+1","Impervious+1"],"relics":["Burning Blood","Magic Flower","MawBank","Pen Nib"],"potions_floor_usage":[13,16],"damage_taken":[{"damage":7,"enemies":"Small Slimes","floor":1,"turns":3},{"damage":17,"enemies":"Jaw Worm","floor":3,"turns":8},{"damage":0,"enemies":"Cultist","floor":7,"turns":4},{"damage":22,"enemies":"Exordium Thugs","floor":11,"turns":6},{"damage":3,"enemies":"Blue Slaver","floor":13,"turns":3},{"damage":59,"enemies":"Slime Boss","floor":16,"turns":11}],"seed_played":"5515158487171312301","potions_obtained":[{"floor":3,"key":"Strength Potion"},{"floor":11,"key":"Energy Potion"},{"floor":13,"key":"Fire Potion"}],"is_trial":false,"path_per_floor":["M","?","M","$","?","R","M","R","T","R","M","R","M","T","R","B"],"character_chosen":"IRONCLAD","items_purchased":[],"campfire_rested":1,"item_purchase_floors":[],"current_hp_per_floor":[53,46,38,38,38,38,47,47,47,47,34,58,64,64,64,5],"gold":252,"neow_bonus":"ONE_RARE_RELIC","is_prod":false,"is_daily":false,"chose_seed":false,"campfire_upgraded":4,"win_rate":0,"timestamp":1559881045,"path_taken":["M","?","M","$","?","R","?","R","T","R","M","R","M","?","R","BOSS"],"build_version":"2019-01-23","purchased_purges":1,"victory":false,"max_hp_per_floor":[80,80,80,80,80,80,80,80,80,80,80,80,80,80,80,80],"card_choices":[{"not_picked":["Sword Boomerang","Uppercut"],"picked":"Sentinel","floor":1},{"not_picked":["Body Slam","Wild Strike"],"picked":"Havoc","floor":3},{"not_picked":["Clash","Bloodletting","Warcry"],"picked":"SKIP","floor":7},{"not_picked":["Warcry","Combust","Twin Strike"],"picked":"SKIP","floor":11},{"not_picked":["Anger","Flex"],"picked":"Impervious","floor":13}],"player_experience":4064324,"relics_obtained":[{"floor":9,"key":"Pen Nib"}],"event_choices":[{"cards_removed":["Strike_R"],"damage_healed":0,"gold_gain":0,"player_choice":"Card Removal","damage_taken":7,"max_hp_gain":0,"max_hp_loss":0,"event_name":"Golden Wing","floor":2,"gold_loss":0},{"damage_healed":0,"gold_gain":0,"player_choice":"Gave Potion","damage_taken":0,"relics_obtained":["MawBank"],"max_hp_gain":0,"max_hp_loss":0,"event_name":"WeMeetAgain","floor":5,"gold_loss":0}],"is_beta":false,"boss_relics":[],"items_purged_floors":[4],"is_endless":false,"potions_floor_spawned":[3,11,13],"killed_by":"Slime Boss","ascension_level":12}