{"gold_per_floor":[115,129,141,241,120,120,140,171,219,219,232,232,252,217,217,217],"floor_reached":16,"playtime":754,"items_purged":["Strike_R"],"score":183,"play_id":"cf1d6dbe-b7e0-4ccc-ba0c-71049486d938","local_time":"20190604140550","is_ascension_mode":true,"campfire_choices":[{"data":"Havoc","floor":6,"key":"SMITH"},{"floor":10,"key":"REST"},{"data":"Havoc","floor":12,"key":"SMITH"},{"data":"Bash","floor":15,"key":"SMITH"}],"neow_cost":"PERCENT_DAMAGE","seed_source_timestamp":246429715844300,"circlet_count":0,"master_deck":["AscendersBane","Strike_R","Strike_R","Strike_R","Strike_R","Defend_R","Defend_R","Defend_R","Defend_R","Bash+1","Havoc+1","Havoc+1","Shrug It Off","Shrug It Off"],"relics":["Burning Blood","Question Card","Centennial Puzzle"],"potions_floor_usage":[8,11,13],"damage_taken":[{"damage":5,"enemies":"Cultist","floor":1,"turns":5},{"damage":14,"enemies":"Jaw Worm","floor":2,"turns":5},{"damage":19,"enemies":"Small Slimes","floor":3,"turns":4},{"damage":2,"enemies":"Looter","floor":7,"turns":4},{"damage":50,"enemies":"Gremlin Nob","floor":8,"turns":6},{"damage":15,"enemies":"Exordium Thugs","floor":11,"turns":6},{"damage":26,"enemies":"Exordium Wildlife","floor":13,"turns":8},{"damage":58,"enemies":"Hexaghost","floor":16,"turns":10}],"seed_played":"5108326640287187417","potions_obtained":[{"floor":7,"key":"Weak Potion"},{"floor":8,"key":"Regen Potion"},{"floor":11,"key":"Regen Potion"}],"is_trial":false,"path_per_floor":["M","M","M","?","$","R","M","E","T","R","M","R","M","?","R","B"],"character_chosen":"IRONCLAD","items_purchased":["Havoc"],"campfire_rested":1,"item_purchase_floors":[5],"current_hp_per_floor":[68,60,47,47,47,47,51,7,7,35,41,41,36,60,60,2],"gold":217,"neow_bonus":"TWENTY_PERCENT_HP_BONUS","is_prod":false,"is_daily":false,"chose_seed":false,"campfire_upgraded":3,"win_rate":0,"timestamp":1559671550,"path_taken":["M","?","M","?","$","R","?","E","T","R","M","R","?","?","R","BOSS"],"build_version":"2019-01-23","purchased_purges":1,"victory":false,"max_hp_per_floor":[96,96,96,96,96,96,96,96,96,96,96,96,96,96,96,96],"card_choices":[{"not_picked":["Body Slam","Perfected Strike"],"picked":"Havoc","floor":1},{"not_picked":["Anger","Perfected Strike","Dropkick"],"picked":"SKIP","floor":2},{"not_picked":["Cleave","Infernal Blade","Wild Strike"],"picked":"SKIP","floor":3},{"not_picked":["Rampage","Rage","Sword Boomerang"],"picked":"SKIP","floor":7},{"not_picked":["Thunderclap","Heavy Blade"],"picked":"Shrug It Off","floor":8},{"not_picked":["Bludgeon","Iron Wave","Anger"],"picked":"Shrug It Off","floor":11},{"not_picked":["True Grit","Battle Trance","Clothesline","Perfected Strike"],"picked":"SKIP","floor":13}],"player_experience":3947454,"relics_obtained":[{"floor":8,"key":"Question Card"},{"floor":9,"key":"Centennial Puzzle"}],"event_choices":[{"damage_healed":0,"gold_gain":100,"player_choice":"Pray","damage_taken":0,"max_hp_gain":0,"max_hp_loss":0,"event_name":"Golden Shrine","floor":4,"gold_loss":0},{"damage_healed":24,"gold_gain":0,"player_choice":"Healed","damage_taken":0,"max_hp_gain":0,"max_hp_loss":0,"event_name":"The Cleric","floor":14,"gold_loss":35}],"is_beta":false,"boss_relics":[],"items_purged_floors":[5],"is_endless":false,"potions_floor_spawned":[7,8,11],"killed_by":"Hexaghost","ascension_level":11}