{"gold_per_floor":[116,116,191,191,191,191,211,224,224,224,242,258,285,338,338,434],"floor_reached":16,"playtime":643,"items_purged":[],"score":152,"play_id":"a4ea7e7b-86d4-495c-9e43-d1f0026567e8","local_time":"20190823193841","is_ascension_mode":false,"campfire_choices":[{"data":"Armaments","floor":6,"key":"SMITH"},{"data":"Bash","floor":10,"key":"SMITH"},{"data":"Shockwave","floor":15,"key":"SMITH"}],"neow_cost":"PERCENT_DAMAGE","seed_source_timestamp":706381374194600,"circlet_count":0,"master_deck":["Strike_R","Strike_R","Strike_R","Defend_R","Defend_R","Defend_R","Defend_R","Bash+1","Armaments+1","Shockwave+1","Flame Barrier+1","Body Slam"],"relics":["Burning Blood","Blood Vial","Pantograph","Smiling Mask"],"potions_floor_usage":[13,13,13],"damage_taken":[{"damage":9,"enemies":"2 Louse","floor":1,"turns":4},{"damage":8,"enemies":"Small Slimes","floor":4,"turns":4},{"damage":11,"enemies":"Jaw Worm","floor":7,"turns":4},{"damage":4,"enemies":"Exordium Wildlife","floor":8,"turns":6},{"damage":9,"enemies":"Gremlin Gang","floor":11,"turns":5},{"damage":0,"enemies":"Blue Slaver","floor":12,"turns":6},{"damage":21,"enemies":"Gremlin Nob","floor":13,"turns":4},{"damage":28,"enemies":"Hexaghost","floor":16,"turns":11}],"seed_played":"5364835679214128039","potions_obtained":[{"floor":1,"key":"AttackPotion"},{"floor":11,"key":"Weak Potion"},{"floor":12,"key":"Poison Potion"},{"floor":13,"key":"SteroidPotion"}],"is_trial":false,"path_per_floor":["M","?","?","M","?","R","M","M","T","R","M","M","E","T","R","B"],"character_chosen":"IRONCLAD","items_purchased":[],"campfire_rested":0,"item_purchase_floors":[],"current_hp_per_floor":[53,53,42,40,40,40,35,37,37,37,36,44,31,31,31,36],"gold":434,"neow_bonus":"TRANSFORM_TWO_CARDS","is_prod":false,"is_daily":false,"chose_seed":false,"campfire_upgraded":3,"win_rate":0,"timestamp":1566553121,"path_taken":["M","?","?","M","?","R","?","M","T","R","M","M","E","?","R","BOSS"],"build_version":"2019-07-17","purchased_purges":0,"victory":false,"max_hp_per_floor":[80,80,80,80,80,80,80,80,80,80,80,80,80,80,80,80],"card_choices":[{"not_picked":["Blood for Blood","Heavy Blade"],"picked":"Flame Barrier","floor":1},{"not_picked":["Rampage","Intimidate"],"picked":"Body Slam","floor":4},{"not_picked":["Twin Strike","Clash","Thunderclap"],"picked":"SKIP","floor":7},{"not_picked":["Rupture","Dark Embrace","Clash"],"picked":"SKIP","floor":8},{"not_picked":["Spot Weakness","Armaments","Warcry"],"picked":"SKIP","floor":11},{"not_picked":["Second Wind","Thunderclap","Havoc"],"picked":"SKIP","floor":12},{"not_picked":["Rampage","Pummel","Heavy Blade"],"picked":"SKIP","floor":13}],"player_experience":87950,"relics_obtained":[{"floor":9,"key":"Blood Vial"},{"floor":13,"key":"Pantograph"},{"floor":14,"key":"Smiling Mask"}],"event_choices":[{"damage_healed":0,"gold_gain":0,"player_choice":"Grow","damage_taken":0,"max_hp_gain":0,"max_hp_loss":0,"event_name":"Living Wall","floor":2,"gold_loss":0,"cards_upgraded":["Flame Barrier"]},{"damage_healed":0,"gold_gain":75,"player_choice":"Gather Gold","damage_taken":11,"max_hp_gain":0,"max_hp_loss":0,"event_name":"World of Goop","floor":3,"gold_loss":0},{"damage_healed":0,"gold_gain":0,"player_choice":"Ignored","damage_taken":0,"max_hp_gain":0,"max_hp_loss":0,"event_name":"Liars Game","floor":5,"gold_loss":0}],"is_beta":false,"boss_relics":[],"items_purged_floors":[],"is_endless":false,"potions_floor_spawned":[1,11,12,13],"killed_by":"Hexaghost","ascension_level":0}