{"gold_per_floor":[111,36,53,53,79,91,113,137,175,221,246,272,284,326,338,452,464,496,508,520,544,213,248,248,263,288,307,30,43,76,76,76,178,178,192,192],"floor_reached":36,"playtime":7103,"items_purged":["Strike_G","Defend_G","Defend_G"],"score":406,"play_id":"a7f36f5d-b8ec-49d7-9bcd-001ed6c10b3e","local_time":"20190818120833","is_ascension_mode":false,"campfire_choices":[{"data":"Noxious Fumes","floor":6,"key":"SMITH"},{"floor":13,"key":"REST"},{"floor":15,"key":"REST"},{"floor":24,"key":"REST"},{"floor":32,"key":"REST"}],"neow_cost":"NONE","seed_source_timestamp":370179372869100,"circlet_count":0,"master_deck":["Strike_G+1","Strike_G+1","Defend_G","Defend_G","Defend_G","Survivor","Neutralize","Noxious Fumes+1","Bane","Catalyst+1","Backflip","Dodge and Roll","Backflip+1","Die Die Die","Footwork","Backflip+1","Dodge and Roll","Crippling Poison","Leg Sweep","Poisoned Stab+1","After Image","Dodge and Roll+1"],"relics":["Ring of the Serpent","MawBank","Whetstone","Omamori","PreservedInsect","Empty Cage","Meat on the Bone","Juzu Bracelet","Pen Nib","Lantern","War Paint","Toxic Egg 2"],"potions_floor_usage":[16,23,30,30,33,36],"damage_taken":[{"damage":0,"enemies":"2 Louse","floor":1,"turns":3},{"damage":0,"enemies":"Cultist","floor":3,"turns":4},{"damage":0,"enemies":"Jaw Worm","floor":5,"turns":4},{"damage":4,"enemies":"Looter","floor":7,"turns":4},{"damage":0,"enemies":"Large Slime","floor":8,"turns":4},{"damage":20,"enemies":"3 Sentries","floor":10,"turns":7},{"damage":9,"enemies":"Gremlin Gang","floor":11,"turns":5},{"damage":2,"enemies":"Exordium Thugs","floor":12,"turns":5},{"damage":40,"enemies":"Slime Boss","floor":16,"turns":11},{"damage":4,"enemies":"Shell Parasite","floor":18,"turns":7},{"damage":14,"enemies":"3 Byrds","floor":21,"turns":8},{"damage":45,"enemies":"Book of Stabbing","floor":23,"turns":8},{"damage":4,"enemies":"Shelled Parasite and Fungi","floor":25,"turns":8},{"damage":2,"enemies":"Centurion and Healer","floor":27,"turns":9},{"damage":0,"enemies":"Snake Plant","floor":29,"turns":8},{"damage":26,"enemies":"Slavers","floor":30,"turns":7},{"damage":41,"enemies":"Champ","floor":33,"turns":15},{"damage":35,"enemies":"3 Shapes","floor":35,"turns":7},{"damage":63,"enemies":"2 Orb Walkers","floor":36,"turns":6}],"seed_played":"4080924050883948113","potions_obtained":[{"floor":3,"key":"GamblersBrew"},{"floor":11,"key":"SteroidPotion"},{"floor":12,"key":"AttackPotion"},{"floor":16,"key":"Poison Potion"},{"floor":23,"key":"GamblersBrew"},{"floor":27,"key":"FearPotion"},{"floor":29,"key":"Poison Potion"},{"floor":33,"key":"EssenceOfSteel"}],"is_trial":false,"path_per_floor":["M","$","M","?","M","R","M","M","T","E","M","M","R","?","R","B",null,"M","?","?","M","$","E","R","M","T","M","$","M","E","?","R","B",null,"M","?"],"character_chosen":"THE_SILENT","items_purchased":["Juzu Bracelet","Dodge and Roll","Crippling Poison","War Paint"],"campfire_rested":4,"item_purchase_floors":[22,22,22,28],"current_hp_per_floor":[70,70,70,70,70,70,66,66,66,46,37,35,56,56,70,30,70,66,66,66,52,52,19,40,36,36,46,46,46,32,32,53,24,70,47,0],"gold":192,"neow_bonus":"THREE_CARDS","is_prod":false,"is_daily":false,"chose_seed":false,"campfire_upgraded":1,"win_rate":0.0,"timestamp":1566140913,"path_taken":["M","$","M","?","M","R","?","M","T","E","M","M","R","?","R","BOSS","M","?","?","M","$","E","R","M","T","M","$","M","E","?","R","BOSS","M","?"],"build_version":"2019-07-17","purchased_purges":3,"victory":false,"max_hp_per_floor":[70,70,70,70,70,70,70,70,70,70,70,70,70,70,70,70,70,70,70,70,70,70,70,70,70,70,70,70,70,70,70,70,70,70,70,70],"card_choices":[{"not_picked":["Bane","Acrobatics"],"picked":"Noxious Fumes","floor":0},{"not_picked":["Slice","Terror"],"picked":"Bane","floor":1},{"not_picked":["PiercingWail","Backflip"],"picked":"Catalyst","floor":3},{"not_picked":["Masterful Stab","Eviscerate","Underhanded Strike"],"picked":"SKIP","floor":5},{"not_picked":["Deflect","Bouncing Flask"],"picked":"Backflip","floor":7},{"not_picked":["Distraction","Dagger Throw","Backstab"],"picked":"SKIP","floor":8},{"not_picked":["Backstab","Escape Plan"],"picked":"Dodge and Roll","floor":10},{"not_picked":["Dagger Throw","Outmaneuver"],"picked":"Backflip","floor":11},{"not_picked":["Slice","Reflex","Deflect"],"picked":"SKIP","floor":12},{"not_picked":["Phantasmal Killer","Venomology"],"picked":"Die Die Die","floor":16},{"not_picked":["Quick Slash","Dagger Throw","Predator+1"],"picked":"SKIP","floor":18},{"not_picked":["Acrobatics","Dagger Throw"],"picked":"Backflip","floor":21},{"not_picked":["All Out Attack","Outmaneuver","Terror"],"picked":"SKIP","floor":23},{"not_picked":["Endless Agony","All Out Attack+1","PiercingWail"],"picked":"SKIP","floor":25},{"not_picked":["PiercingWail","Bullet Time"],"picked":"Leg Sweep","floor":27},{"not_picked":["Eviscerate","PiercingWail"],"picked":"Poisoned Stab+1","floor":29},{"not_picked":["Bouncing Flask","Sucker Punch+1","Deadly Poison"],"picked":"SKIP","floor":30},{"not_picked":["Tools of the Trade","A Thousand Cuts"],"picked":"After Image","floor":33},{"not_picked":["Noxious Fumes","Deadly Poison+1"],"picked":"Dodge and Roll+1","floor":35}],"player_experience":97072,"relics_obtained":[{"floor":9,"key":"Whetstone"},{"floor":10,"key":"Omamori"},{"floor":23,"key":"Pen Nib"},{"floor":26,"key":"Lantern"},{"floor":30,"key":"Toxic Egg 2"}],"event_choices":[{"damage_healed":0,"gold_gain":0,"player_choice":"Gave Potion","damage_taken":0,"relics_obtained":["MawBank"],"max_hp_gain":0,"max_hp_loss":0,"event_name":"WeMeetAgain","floor":4,"gold_loss":0},{"damage_healed":0,"gold_gain":30,"player_choice":"Searched \u00272\u0027 times","damage_taken":0,"relics_obtained":["PreservedInsect"],"max_hp_gain":0,"max_hp_loss":0,"event_name":"Dead Adventurer","floor":14,"gold_loss":0},{"damage_healed":0,"gold_gain":0,"player_choice":"Opened","damage_taken":0,"relics_obtained":["Meat on the Bone"],"max_hp_gain":0,"max_hp_loss":0,"event_name":"The Mausoleum","floor":19,"gold_loss":0,"cards_obtained":["Writhe"]},{"damage_healed":0,"gold_gain":0,"player_choice":"Read","damage_taken":0,"max_hp_gain":0,"max_hp_loss":0,"event_name":"The Library","floor":20,"gold_loss":0,"cards_obtained":["Footwork"]},{"damage_healed":0,"gold_gain":0,"player_choice":"Forge","damage_taken":0,"max_hp_gain":0,"max_hp_loss":0,"event_name":"Accursed Blacksmith","floor":31,"gold_loss":0,"cards_upgraded":["Catalyst"]},{"damage_healed":0,"gold_gain":0,"player_choice":"Fight","damage_taken":0,"max_hp_gain":0,"max_hp_loss":0,"event_name":"Mysterious Sphere","floor":36,"gold_loss":0}],"is_beta":false,"boss_relics":[{"not_picked":["WristBlade","Sozu"],"picked":"Empty Cage"},{"not_picked":["Lizard Tail","Coffee Dripper"],"picked":"Ring of the Serpent"}],"items_purged_floors":[2,22,28],"is_endless":false,"potions_floor_spawned":[3,11,12,16,23,27,29,33],"killed_by":"2 Orb Walkers","ascension_level":0}