{"gold_per_floor":[109,109,122,197,213,213,268,233,287,297,325,325,343,371,371,470,470,470,470,470,425,425,425,425,425,425,425,425,26,26,26,26,26,26,26,26,0,0,0,0,0,0,0,0,0,0,0,0,0,0],"floor_reached":51,"playtime":1961,"items_purged":[],"score":1151,"play_id":"ca10a70d-b972-4fc1-9069-15d92d36bc1d","local_time":"20190819105631","is_ascension_mode":true,"campfire_choices":[{"data":"Twin Strike","floor":6.0,"key":"SMITH"},{"data":"Uppercut","floor":12.0,"key":"SMITH"},{"data":"Cleave","floor":15.0,"key":"SMITH"},{"data":"Perfected Strike","floor":23.0,"key":"SMITH"},{"floor":25.0,"key":"REST"},{"data":"Double Tap","floor":32.0,"key":"SMITH"},{"data":"Immolate","floor":40.0,"key":"SMITH"},{"data":"Spot Weakness","floor":42.0,"key":"SMITH"},{"data":"Power Through","floor":44.0,"key":"SMITH"},{"data":"Twin Strike","floor":46.0,"key":"SMITH"},{"data":"Ghostly Armor","floor":49,"key":"SMITH"}],"neow_cost":"NONE","seed_source_timestamp":25935437631072,"circlet_count":0,"master_deck":["Strike_R","Strike_R","Strike_R","Strike_R","Strike_R","Defend_R+1","Defend_R","Defend_R+1","Defend_R","Bash+1","Twin Strike+1","Feel No Pain","Power Through+1","Cleave+1","Uppercut+1","Iron Wave+1","Feed","Twin Strike+1","Perfected Strike+1","Spot Weakness+1","Disarm","Double Tap+1","Thunderclap","Pommel Strike+1","Immolate+1","Wild Strike+1","Headbutt+1","Perfected Strike+1","Pommel Strike","Thunderclap","Ghostly Armor+1","Writhe","Warcry+1"],"special_seed":0,"relics":["Burning Blood","Vajra","Tiny Chest","Orichalcum","War Paint","Lantern","Ectoplasm","Bottled Flame","Nilry\u0027s Codex","Darkstone Periapt","Matryoshka","Juzu Bracelet","Gremlin Horn","Oddly Smooth Stone","Bronze Scales","Tiny House","Pantograph","Bag of Preparation","Red Mask","Du-Vu Doll","Shuriken","Ornamental Fan","Question Card","Centennial Puzzle","Red Skull"],"potions_floor_usage":[50,50,50],"damage_taken":[{"damage":7.0,"enemies":"Small Slimes","floor":1.0,"turns":3.0},{"damage":1.0,"enemies":"Cultist","floor":3.0,"turns":3.0},{"damage":7.0,"enemies":"Jaw Worm","floor":5.0,"turns":3.0},{"damage":32.0,"enemies":"Lagavulin","floor":7.0,"turns":8.0},{"damage":3.0,"enemies":"Blue Slaver","floor":10.0,"turns":3.0},{"damage":3.0,"enemies":"Gremlin Nob","floor":11.0,"turns":4.0},{"damage":8.0,"enemies":"3 Louse","floor":13.0,"turns":3.0},{"damage":12.0,"enemies":"3 Sentries","floor":14.0,"turns":6.0},{"damage":0.0,"enemies":"Slime Boss","floor":16.0,"turns":7.0},{"damage":0.0,"enemies":"3 Byrds","floor":18.0,"turns":5.0},{"damage":12.0,"enemies":"2 Thieves","floor":21.0,"turns":3.0},{"damage":14.0,"enemies":"Book of Stabbing","floor":24.0,"turns":3.0},{"damage":9.0,"enemies":"Gremlin Leader","floor":27.0,"turns":5.0},{"damage":13.0,"enemies":"Slavers","floor":30.0,"turns":4.0},{"damage":0.0,"enemies":"Cultist and Chosen","floor":31.0,"turns":4.0},{"damage":56.0,"enemies":"Automaton","floor":33.0,"turns":10.0},{"damage":9.0,"enemies":"3 Shapes","floor":35.0,"turns":3.0},{"damage":10.0,"enemies":"2 Orb Walkers","floor":38.0,"turns":3.0},{"damage":0.0,"enemies":"3 Darklings","floor":39.0,"turns":2.0},{"damage":0.0,"enemies":"Reptomancer","floor":41.0,"turns":4.0},{"damage":0.0,"enemies":"Giant Head","floor":45.0,"turns":5.0},{"damage":26.0,"enemies":"Nemesis","floor":48.0,"turns":3.0},{"damage":32,"enemies":"Donu and Deca","floor":50,"turns":4}],"seed_played":"2205669932946566480","potions_obtained":[{"floor":7.0,"key":"Block Potion"},{"floor":10.0,"key":"Fire Potion"},{"floor":11.0,"key":"Energy Potion"},{"floor":13.0,"key":"FearPotion"},{"floor":14.0,"key":"SteroidPotion"},{"floor":31.0,"key":"Fire Potion"},{"floor":33.0,"key":"Strength Potion"},{"floor":34.0,"key":"BloodPotion"},{"floor":48.0,"key":"Swift Potion"}],"is_trial":false,"path_per_floor":["M","?","M","?","M","R","E","?","T","M","E","R","M","E","R","B",null,"M","?","T","M","?","R","E","R","T","E","?","$","E","M","R","B",null,"M","T","?","?","M","R","E","R","T","R","E","R","?","E","R","B",null],"character_chosen":"IRONCLAD","items_purchased":["Gremlin Horn","Oddly Smooth Stone"],"campfire_rested":1,"item_purchase_floors":[29,29],"current_hp_per_floor":[79,79,80,72,71,71,45,65,65,68,71,71,69,63,63,69,80,83,83,83,77,61,61,53,77,77,77,77,77,73,79,79,32,97,94,94,94,93,99,99,100,100,100,100,100,100,106,86,86,106],"gold":0,"neow_bonus":"RANDOM_COMMON_RELIC","is_prod":false,"is_daily":false,"chose_seed":false,"campfire_upgraded":10,"win_rate":1,"timestamp":1566176191,"path_taken":["M","?","M","?","?","R","E","?","T","M","E","R","M","E","R","BOSS","M","?","?","M","?","R","E","R","T","E","?","$","E","M","R","BOSS","M","?","?","?","M","R","E","R","T","R","E","R","?","E","R","BOSS"],"build_version":"2019-07-17","purchased_purges":0,"victory":true,"max_hp_per_floor":[80,80,80,80,80,80,80,80,80,80,80,80,80,80,80,80,80,83,83,83,83,83,83,83,83,83,86,86,86,89,89,89,92,97,97,97,97,100,100,100,100,100,100,100,100,100,106,106,106,106],"card_choices":[{"not_picked":["Clothesline","Cleave"],"picked":"Twin Strike","floor":1.0},{"not_picked":["Warcry","Clash"],"picked":"Feel No Pain","floor":3.0},{"not_picked":["Fire Breathing","Barricade","Seeing Red"],"picked":"SKIP","floor":5.0},{"not_picked":["Spot Weakness","True Grit"],"picked":"Power Through","floor":7.0},{"not_picked":["Twin Strike","Iron Wave"],"picked":"Cleave","floor":10.0},{"not_picked":["Feed","Reckless Charge"],"picked":"Uppercut","floor":11.0},{"not_picked":["Sword Boomerang","Headbutt"],"picked":"Iron Wave","floor":13.0},{"not_picked":["Entrench","Body Slam","Bloodletting"],"picked":"SKIP","floor":14.0},{"not_picked":["Dark Embrace","Limit Break"],"picked":"Feed","floor":16.0},{"not_picked":["Dual Wield","Bloodletting"],"picked":"Twin Strike","floor":18.0},{"not_picked":["Rampage+1","Heavy Blade+1"],"picked":"Spot Weakness","floor":21.0},{"not_picked":["Havoc","Clothesline"],"picked":"Disarm","floor":24.0},{"not_picked":["Anger","Pommel Strike+1"],"picked":"Double Tap","floor":27.0},{"not_picked":["Feel No Pain+1","Bludgeon"],"picked":"Thunderclap","floor":30.0},{"not_picked":["Dual Wield","Burning Pact"],"picked":"Pommel Strike+1","floor":31.0},{"not_picked":["Feed","Demon Form"],"picked":"Immolate","floor":33.0},{"not_picked":["Armaments","Headbutt"],"picked":"Wild Strike+1","floor":34.0},{"not_picked":["Wild Strike","Cleave+1"],"picked":"Headbutt+1","floor":35.0},{"not_picked":["Feed","Armaments+1"],"picked":"Perfected Strike+1","floor":38.0},{"not_picked":["Headbutt","Flex"],"picked":"Pommel Strike","floor":39.0},{"not_picked":["Brutality","Anger"],"picked":"Thunderclap","floor":41.0},{"not_picked":["Havoc","Body Slam","Second Wind"],"picked":"Ghostly Armor","floor":45.0},{"not_picked":["Flex","Bloodletting","Feed"],"picked":"Warcry+1","floor":48.0}],"player_experience":24728,"relics_obtained":[{"floor":7.0,"key":"Tiny Chest"},{"floor":9.0,"key":"Orichalcum"},{"floor":11.0,"key":"War Paint"},{"floor":14.0,"key":"Lantern"},{"floor":20.0,"key":"Bottled Flame"},{"floor":22.0,"key":"Nilry\u0027s Codex"},{"floor":24.0,"key":"Darkstone Periapt"},{"floor":26.0,"key":"Matryoshka"},{"floor":27.0,"key":"Juzu Bracelet"},{"floor":30.0,"key":"Bronze Scales"},{"floor":36.0,"key":"Pantograph"},{"floor":36.0,"key":"Bag of Preparation"},{"floor":38.0,"key":"Du-Vu Doll"},{"floor":41.0,"key":"Shuriken"},{"floor":43.0,"key":"Ornamental Fan"},{"floor":43.0,"key":"Question Card"},{"floor":45.0,"key":"Centennial Puzzle"},{"floor":48.0,"key":"Red Skull"}],"event_choices":[{"damage_healed":0.0,"max_hp_gain":0.0,"max_hp_loss":0.0,"gold_gain":0.0,"event_name":"Living Wall","player_choice":"Grow","floor":2.0,"gold_loss":0.0,"damage_taken":0.0,"cards_upgraded":["Bash"]},{"damage_healed":0.0,"max_hp_gain":0.0,"max_hp_loss":0.0,"gold_gain":75.0,"event_name":"FaceTrader","player_choice":"Touch","floor":4.0,"gold_loss":0.0,"damage_taken":8.0},{"damage_healed":20.0,"max_hp_gain":0.0,"max_hp_loss":0.0,"gold_gain":0.0,"event_name":"The Cleric","player_choice":"Healed","floor":8.0,"gold_loss":35.0,"damage_taken":0.0},{"damage_healed":0.0,"max_hp_gain":0.0,"max_hp_loss":0.0,"gold_gain":0.0,"event_name":"The Library","player_choice":"Read","floor":19.0,"gold_loss":0.0,"damage_taken":0.0,"cards_obtained":["Perfected Strike"]},{"damage_healed":0.0,"max_hp_gain":0.0,"max_hp_loss":0.0,"gold_gain":0.0,"event_name":"Cursed Tome","player_choice":"Obtained Book","floor":22.0,"gold_loss":0.0,"damage_taken":16.0},{"damage_healed":0.0,"max_hp_gain":0.0,"max_hp_loss":0.0,"gold_gain":0.0,"event_name":"Golden Shrine","player_choice":"Ignored","floor":28.0,"gold_loss":0.0,"damage_taken":0.0},{"damage_healed":0.0,"max_hp_gain":0.0,"max_hp_loss":0.0,"gold_gain":0.0,"event_name":"Tomb of Lord Red Mask","player_choice":"Paid","floor":37.0,"gold_loss":26.0,"damage_taken":0.0,"relics_obtained":["Red Mask"]},{"damage_healed":0.0,"max_hp_gain":0.0,"max_hp_loss":0.0,"gold_gain":0.0,"event_name":"Mysterious Sphere","player_choice":"Fight","floor":38.0,"gold_loss":0.0,"damage_taken":0.0},{"damage_healed":25.0,"max_hp_gain":0.0,"max_hp_loss":0.0,"gold_gain":0.0,"event_name":"Winding Halls","player_choice":"Writhe","floor":47.0,"gold_loss":0.0,"damage_taken":0.0,"cards_obtained":["Writhe"]}],"is_beta":false,"boss_relics":[{"not_picked":["Philosopher\u0027s Stone","White Beast Statue"],"picked":"Ectoplasm"},{"not_picked":["Runic Dome","Runic Pyramid"],"picked":"Tiny House"}],"items_purged_floors":[],"is_endless":false,"potions_floor_spawned":[7,10,11,13,14,24,27,31,33,38,48],"ascension_level":4}