{"gold_per_floor":[118,0,13,29,45,78,78,95,95,95,121,121,121,121,121,225,225,243,263,278,278,47,47,79,92,92,102,102],"floor_reached":28,"playtime":2360,"items_purged":["Defend_R"],"score":250,"play_id":"ab506e28-2be0-4bc6-9c79-92f1d99908f9","local_time":"20190819000358","is_ascension_mode":false,"campfire_choices":[{"floor":7,"key":"REST"},{"data":"Bash","floor":10,"key":"SMITH"},{"data":"Berserk","floor":12,"key":"SMITH"},{"data":"Pummel","floor":15,"key":"SMITH"},{"data":"Demon Form","floor":23,"key":"SMITH"}],"neow_cost":"NONE","seed_source_timestamp":417888001003900,"circlet_count":0,"master_deck":["Strike_R","Strike_R+1","Strike_R","Strike_R","Strike_R+1","Defend_R","Defend_R+1","Defend_R+1","Bash+1","Berserk+1","Inflame","Flame Barrier","Uppercut","Heavy Blade","Pummel+1","Demon Form+1","Shrug It Off","Bash","Double Tap","Shrug It Off+1"],"relics":["Burning Blood","Whetstone","Paper Frog","Letter Opener","Boot","Sozu","War Paint","Bottled Tornado","Mercury Hourglass"],"potions_floor_usage":[3,6,6,6,6],"damage_taken":[{"damage":3,"enemies":"2 Louse","floor":1,"turns":4},{"damage":11,"enemies":"Jaw Worm","floor":3,"turns":5},{"damage":1,"enemies":"Cultist","floor":4,"turns":3},{"damage":22,"enemies":"Exordium Wildlife","floor":5,"turns":5},{"damage":11,"enemies":"Gremlin Nob","floor":6,"turns":4},{"damage":11,"enemies":"Lots of Slimes","floor":8,"turns":4},{"damage":21,"enemies":"Lagavulin","floor":11,"turns":8},{"damage":42,"enemies":"The Guardian","floor":16,"turns":11},{"damage":20,"enemies":"Shell Parasite","floor":18,"turns":4},{"damage":19,"enemies":"Spheric Guardian","floor":19,"turns":5},{"damage":1,"enemies":"Snecko","floor":20,"turns":3},{"damage":31,"enemies":"Book of Stabbing","floor":24,"turns":5},{"damage":23,"enemies":"Shelled Parasite and Fungi","floor":25,"turns":4},{"damage":9,"enemies":"Chosen and Byrds","floor":27,"turns":5},{"damage":13,"enemies":"Snake Plant","floor":28,"turns":1}],"seed_played":"-913287105497182111","potions_obtained":[{"floor":1,"key":"EssenceOfSteel"},{"floor":5,"key":"EntropicBrew"}],"is_trial":false,"path_per_floor":["M","$","M","M","M","E","R","M","T","R","E","R","?","?","R","B",null,"M","M","M","?","$","R","E","M","T","M","M"],"character_chosen":"IRONCLAD","items_purchased":["Flame Barrier","SpeedPotion","War Paint"],"campfire_rested":1,"item_purchase_floors":[2,2,22],"current_hp_per_floor":[80,80,75,80,64,59,80,75,75,75,60,60,60,60,60,24,80,66,53,58,58,58,58,33,16,16,13,0],"gold":102,"neow_bonus":"ONE_RANDOM_RARE_CARD","is_prod":false,"is_daily":false,"chose_seed":false,"campfire_upgraded":4,"win_rate":0,"timestamp":1566183838,"path_taken":["M","$","M","M","M","E","R","M","T","R","E","R","?","?","R","BOSS","M","M","?","?","$","R","E","M","T","M","?"],"build_version":"2019-07-17","purchased_purges":1,"victory":false,"max_hp_per_floor":[80,80,80,80,80,80,80,80,80,80,80,80,80,80,80,80,80,80,80,80,80,80,80,80,80,80,80,80],"card_choices":[{"not_picked":["Hemokinesis","Evolve"],"picked":"Inflame","floor":1},{"not_picked":["Body Slam","Dropkick","Havoc"],"picked":"SKIP","floor":3},{"not_picked":["Battle Trance","Headbutt"],"picked":"Uppercut","floor":4},{"not_picked":["Sentinel","Warcry","Body Slam"],"picked":"SKIP","floor":5},{"not_picked":["Clothesline","Blood for Blood","Clash"],"picked":"SKIP","floor":6},{"not_picked":["Sword Boomerang","Clash"],"picked":"Heavy Blade","floor":8},{"not_picked":["Wild Strike","Feel No Pain"],"picked":"Pummel","floor":11},{"not_picked":["Berserk","Dark Embrace"],"picked":"Demon Form","floor":16},{"not_picked":["Sword Boomerang+1","Headbutt","Clash"],"picked":"SKIP","floor":18},{"not_picked":["Sever Soul","Havoc","Feel No Pain"],"picked":"SKIP","floor":19},{"not_picked":["Warcry","Sword Boomerang"],"picked":"Shrug It Off","floor":20},{"not_picked":["Twin Strike","Clash"],"picked":"Double Tap","floor":24},{"not_picked":["Body Slam","Disarm+1"],"picked":"Shrug It Off+1","floor":25},{"not_picked":["Sentinel","Intimidate","Power Through"],"picked":"SKIP","floor":27}],"player_experience":136403,"relics_obtained":[{"floor":6,"key":"Whetstone"},{"floor":9,"key":"Paper Frog"},{"floor":11,"key":"Letter Opener"},{"floor":24,"key":"Bottled Tornado"},{"floor":26,"key":"Mercury Hourglass"}],"event_choices":[{"damage_healed":0,"gold_gain":0,"player_choice":"Ignored","damage_taken":0,"max_hp_gain":0,"max_hp_loss":0,"event_name":"Liars Game","floor":13,"gold_loss":0},{"damage_healed":0,"gold_gain":0,"player_choice":"Gave Potion","damage_taken":0,"relics_obtained":["Boot"],"max_hp_gain":0,"max_hp_loss":0,"event_name":"WeMeetAgain","floor":14,"gold_loss":0},{"damage_healed":0,"gold_gain":0,"player_choice":"1 cards matched","damage_taken":0,"max_hp_gain":0,"max_hp_loss":0,"event_name":"Match and Keep!","floor":21,"gold_loss":0,"cards_obtained":["Bash"]}],"is_beta":false,"boss_relics":[{"not_picked":["Ectoplasm","Runic Dome"],"picked":"Sozu"}],"items_purged_floors":[22],"is_endless":false,"potions_floor_spawned":[1,5,19],"killed_by":"Snake Plant","ascension_level":0}