{"gold_per_floor":[111,111,186,186,7,18,18,43,43,43,76,94,152,187,187,291,291,304,304,317,330,350,350,385,397,444,444,475,475,503,517,517,617,667,681,106,106,106,122,122,138,173,198,198,208,208,11,21,21,21],"floor_reached":51,"playtime":7816,"items_purged":[],"score":803,"play_id":"93abe5e4-4155-45f4-8a59-1a3e1ce5b39e","local_time":"20190826190849","is_ascension_mode":false,"campfire_choices":[{"data":"Distraction","floor":7.0,"key":"SMITH"},{"floor":15.0,"key":"REST"},{"floor":23.0,"key":"REST"},{"floor":29,"key":"REST"},{"data":"Survivor","floor":32,"key":"SMITH"},{"floor":44,"key":"REST"},{"data":"Madness","floor":46,"key":"SMITH"},{"data":"Madness","floor":49,"key":"SMITH"}],"neow_cost":"NONE","seed_source_timestamp":59849774964543,"circlet_count":0,"master_deck":["Strike_G","Strike_G","Strike_G","Strike_G","Strike_G","Defend_G+1","Defend_G+1","Defend_G","Defend_G","Defend_G+1","Survivor+1","Neutralize","Distraction+1","Sucker Punch","Flying Knee","Infinite Blades","Poisoned Stab","Sucker Punch","Noxious Fumes","Dodge and Roll","Caltrops","Blur+1","A Thousand Cuts","Quick Slash","Backflip+1","Caltrops","Distraction+1","Quick Slash","Backstab","Dodge and Roll+1","Noxious Fumes+1","Deadly Poison+1","After Image","PiercingWail","Flying Knee","Enlightenment","Madness+1","Madness+1","Heel Hook+1","Deep Breath","Blur+1","Flying Knee+1","Flying Knee"],"special_seed":0,"relics":["Ring of the Snake","NeowsBlessing","Mercury Hourglass","Question Card","Mummified Hand","Centennial Puzzle","Regal Pillow","Peace Pipe","Eternal Feather","Unceasing Top","War Paint","Incense Burner","Mango","Tiny House","Bottled Tornado","PreservedInsect","Tingsha","Bag of Marbles","Ancient Tea Set"],"potions_floor_usage":[33,33,35,50,50],"damage_taken":[{"damage":0.0,"enemies":"Cultist","floor":1.0,"turns":1.0},{"damage":0.0,"enemies":"Small Slimes","floor":6.0,"turns":1.0},{"damage":0.0,"enemies":"3 Sentries","floor":8.0,"turns":1.0},{"damage":17.0,"enemies":"Gremlin Nob","floor":11.0,"turns":5.0},{"damage":0.0,"enemies":"Jaw Worm","floor":12.0,"turns":3.0},{"damage":19.0,"enemies":"Lagavulin Event","floor":13.0,"turns":7.0},{"damage":3.0,"enemies":"3 Sentries","floor":14.0,"turns":6.0},{"damage":19.0,"enemies":"The Guardian","floor":16.0,"turns":10.0},{"damage":16.0,"enemies":"Spheric Guardian","floor":18.0,"turns":5.0},{"damage":9.0,"enemies":"Chosen","floor":20.0,"turns":5.0},{"damage":13.0,"enemies":"Centurion and Healer","floor":21.0,"turns":6.0},{"damage":15.0,"enemies":"Snake Plant","floor":22.0,"turns":4.0},{"damage":30.0,"enemies":"Gremlin Leader","floor":24.0,"turns":6.0},{"damage":8.0,"enemies":"Cultist and Chosen","floor":25.0,"turns":5.0},{"damage":29,"enemies":"Slavers","floor":28,"turns":4},{"damage":10,"enemies":"Book of Stabbing","floor":30,"turns":4},{"damage":1,"enemies":"3 Cultists","floor":31,"turns":5},{"damage":44,"enemies":"Automaton","floor":33,"turns":10},{"damage":3,"enemies":"3 Shapes","floor":35,"turns":4},{"damage":11,"enemies":"3 Darklings","floor":39,"turns":4},{"damage":9,"enemies":"Maw","floor":41,"turns":7},{"damage":25,"enemies":"Reptomancer","floor":42,"turns":5},{"damage":22,"enemies":"Transient","floor":45,"turns":5},{"damage":21,"enemies":"Spire Growth","floor":48,"turns":6},{"damage":31,"enemies":"Donu and Deca","floor":50,"turns":9}],"seed_played":"-8214309972667230010","potions_obtained":[{"floor":1.0,"key":"GamblersBrew"},{"floor":14.0,"key":"FearPotion"},{"floor":16.0,"key":"Dexterity Potion"},{"floor":20.0,"key":"Dexterity Potion"},{"floor":22.0,"key":"Poison Potion"},{"floor":28,"key":"Explosive Potion"},{"floor":30,"key":"EssenceOfSteel"},{"floor":33,"key":"Energy Potion"},{"floor":34,"key":"AttackPotion"},{"floor":35,"key":"Weak Potion"},{"floor":41,"key":"SmokeBomb"},{"floor":42,"key":"Ancient Potion"}],"is_trial":false,"path_per_floor":["M","?","?","T","$","M","R","E","T","$","E","M","?","E","R","B",null,"M","?","M","M","M","R","E","M","T","?","E","R","E","M","R","B",null,"M","$","?","$","M","?","M","E","T","R","M","R","$","M","R","B",null],"character_chosen":"THE_SILENT","items_purchased":["Sucker Punch","Flying Knee","Infinite Blades","Bottled Tornado","Flying Knee","PreservedInsect","Explosive Potion","Enlightenment","Ancient Tea Set","Swift Potion"],"campfire_rested":4,"item_purchase_floors":[5,5,5,36,36,36,36,36,47,47],"current_hp_per_floor":[70,70,59,59,59,59,59,59,59,59,42,42,23,20,56,37,70,54,54,45,32,17,68,38,30,30,30,1,55,59,58,76,32,89,86,86,75,75,64,64,55,30,30,89,67,89,89,68,89,58],"gold":21,"neow_bonus":"THREE_ENEMY_KILL","is_prod":false,"is_daily":false,"chose_seed":false,"campfire_upgraded":4,"win_rate":0.0,"timestamp":1566839329,"path_taken":["M","?","?","?","$","M","R","E","T","$","E","M","?","E","R","BOSS","M","?","M","M","M","R","E","M","T","?","E","R","E","M","R","BOSS","M","$","?","$","M","?","M","E","T","R","M","R","?","M","R","BOSS"],"build_version":"2019-07-17","purchased_purges":0,"victory":true,"max_hp_per_floor":[70,70,70,70,70,70,70,70,70,70,70,70,70,70,70,70,70,70,70,70,70,70,70,70,70,70,70,70,70,84,84,84,84,89,89,89,89,89,89,89,89,89,89,89,89,89,89,89,89,89],"card_choices":[{"not_picked":["Dagger Spray","Well Laid Plans"],"picked":"Distraction","floor":1.0},{"not_picked":["Outmaneuver","Tactician"],"picked":"Poisoned Stab","floor":6.0},{"not_picked":["All Out Attack","Leg Sweep"],"picked":"Sucker Punch","floor":8.0},{"not_picked":["Finisher","Riddle With Holes","Reflex"],"picked":"Noxious Fumes","floor":11.0},{"not_picked":["Prepared","Acrobatics","Infinite Blades"],"picked":"Dodge and Roll","floor":12.0},{"not_picked":["Dagger Spray","Acrobatics","Underhanded Strike"],"picked":"Caltrops","floor":13.0},{"not_picked":["Dodge and Roll","Prepared","Venomology"],"picked":"Blur","floor":14.0},{"not_picked":["Phantasmal Killer","Venomology","Night Terror"],"picked":"A Thousand Cuts","floor":16.0},{"not_picked":["Poisoned Stab","Blade Dance+1","Dodge and Roll+1"],"picked":"Quick Slash","floor":18.0},{"not_picked":["Dagger Spray","Deflect","A Thousand Cuts"],"picked":"Backflip+1","floor":20.0},{"not_picked":["Dodge and Roll+1","Tactician","Predator"],"picked":"Caltrops","floor":21.0},{"not_picked":["Quick Slash","Poisoned Stab","Expertise"],"picked":"Distraction+1","floor":22.0},{"not_picked":["Outmaneuver","Blade Dance","Infinite Blades"],"picked":"Quick Slash","floor":24.0},{"not_picked":["Terror","Deflect","Endless Agony"],"picked":"Backstab","floor":25.0},{"not_picked":["Dagger Spray","Terror","Expertise"],"picked":"Dodge and Roll+1","floor":28},{"not_picked":["Flechettes","Poisoned Stab+1","Underhanded Strike"],"picked":"Noxious Fumes+1","floor":30},{"not_picked":["Sucker Punch+1","Endless Agony","Predator"],"picked":"Deadly Poison+1","floor":31},{"not_picked":["Phantasmal Killer","Unload","Envenom"],"picked":"After Image","floor":33},{"not_picked":["Backflip","Crippling Poison","Deflect"],"picked":"PiercingWail","floor":34},{"not_picked":["Noxious Fumes","Dodge and Roll+1","Eviscerate+1","Prepared+1"],"picked":"SKIP","floor":35},{"not_picked":["All Out Attack+1","Night Terror","Sucker Punch+1"],"picked":"Heel Hook+1","floor":39},{"not_picked":["Impatience","Purity","Flash of Steel"],"picked":"Deep Breath","floor":40},{"not_picked":["Flechettes+1","Caltrops+1","Dodge and Roll+1"],"picked":"Blur+1","floor":41},{"not_picked":["Leg Sweep","Backflip+1","Dash+1"],"picked":"Flying Knee+1","floor":42},{"not_picked":["Finisher","Dagger Spray+1","Reflex"],"picked":"Flying Knee","floor":45},{"not_picked":["PiercingWail","Underhanded Strike+1","Dagger Throw+1","Dodge and Roll+1"],"picked":"SKIP","floor":48}],"player_experience":18060,"relics_obtained":[{"floor":4.0,"key":"Mercury Hourglass"},{"floor":8.0,"key":"Question Card"},{"floor":9.0,"key":"Mummified Hand"},{"floor":11.0,"key":"Centennial Puzzle"},{"floor":14.0,"key":"Peace Pipe"},{"floor":24.0,"key":"Unceasing Top"},{"floor":26.0,"key":"War Paint"},{"floor":28,"key":"Incense Burner"},{"floor":30,"key":"Mango"},{"floor":42,"key":"Tingsha"},{"floor":43,"key":"Bag of Marbles"}],"event_choices":[{"damage_healed":0.0,"max_hp_gain":0.0,"max_hp_loss":0.0,"gold_gain":0.0,"event_name":"The Cleric","player_choice":"Leave","floor":2.0,"gold_loss":0.0,"damage_taken":0.0},{"damage_healed":0.0,"max_hp_gain":0.0,"max_hp_loss":0.0,"gold_gain":75.0,"event_name":"World of Goop","player_choice":"Gather Gold","floor":3.0,"gold_loss":0.0,"damage_taken":11.0},{"damage_healed":0.0,"max_hp_gain":0.0,"max_hp_loss":0.0,"gold_gain":0.0,"event_name":"Dead Adventurer","player_choice":"Searched \u00272\u0027 times","floor":13.0,"gold_loss":0.0,"damage_taken":0.0,"relics_obtained":["Regal Pillow"]},{"damage_healed":0.0,"max_hp_gain":0.0,"max_hp_loss":0.0,"gold_gain":0.0,"event_name":"Vampires","player_choice":"Ignored","floor":19.0,"gold_loss":0.0,"damage_taken":0.0},{"damage_healed":0.0,"max_hp_gain":0.0,"max_hp_loss":0.0,"gold_gain":0.0,"event_name":"Upgrade Shrine","player_choice":"Upgraded","floor":27.0,"gold_loss":0.0,"damage_taken":0.0,"cards_upgraded":["Blur"]},{"damage_healed":0,"gold_gain":0,"player_choice":"Embrace Madness","damage_taken":11,"max_hp_gain":0,"max_hp_loss":0,"event_name":"Winding Halls","floor":37,"gold_loss":0,"cards_obtained":["Madness","Madness"]},{"damage_healed":0,"gold_gain":0,"player_choice":"Memory 1","damage_taken":0,"max_hp_gain":0,"max_hp_loss":0,"event_name":"SensoryStone","floor":40,"gold_loss":0}],"is_beta":false,"boss_relics":[{"not_picked":["White Beast Statue","Velvet Choker"],"picked":"Eternal Feather"},{"not_picked":["Ring of the Serpent","HoveringKite"],"picked":"Tiny House"}],"items_purged_floors":[],"is_endless":false,"potions_floor_spawned":[1,14,16,20,22,28,30,33,35,41,42],"ascension_level":0}