{"gold_per_floor":[109,109,122,122,133,167,167,167,197,197,229,229,264,282,282,377,427,438,438,458,475,493,493,524,541,541,541,541,567,567,585,585,686,686,703,723,742,469,469,73,73,98,170,121,121,155,173,190,190,190],"floor_reached":51,"playtime":2381,"items_purged":[],"score":1009,"play_id":"3c3f981b-c0ce-418d-9f3b-f187d7bffff8","local_time":"20190819082351","is_ascension_mode":true,"campfire_choices":[{"data":"Wild Strike","floor":8.0,"key":"SMITH"},{"data":"Bash","floor":10.0,"key":"SMITH"},{"data":"Twin Strike","floor":12.0,"key":"SMITH"},{"data":"Corruption","floor":15.0,"key":"SMITH"},{"data":"Perfected Strike","floor":27.0,"key":"SMITH"},{"data":"Pummel","floor":30.0,"key":"SMITH"},{"floor":32,"key":"REST"},{"data":"Inflame","floor":41,"key":"SMITH"},{"data":"Spot Weakness","floor":45,"key":"SMITH"},{"data":"Heavy Blade","floor":49,"key":"SMITH"}],"neow_cost":"NONE","seed_source_timestamp":10114957738838,"circlet_count":0,"master_deck":["Strike_R+1","Strike_R","Strike_R","Strike_R","Strike_R","Defend_R+1","Defend_R+1","Defend_R+1","Defend_R","Bash+1","Twin Strike+1","Wild Strike+1","Shrug It Off","Shrug It Off","Corruption+1","Thunderclap","Metallicize+1","Offering","Perfected Strike+1","Perfected Strike+1","Spot Weakness+1","Shrug It Off+1","Twin Strike+1","Seeing Red+1","Pummel+1","Uppercut+1","Anger+1","Impervious","Perfected Strike+1","Pommel Strike","Heavy Blade+1","Inflame+1","Shockwave+1","Metallicize+1","Heavy Blade+1"],"special_seed":0,"relics":["Burning Blood","War Paint","Pocketwatch","Matryoshka","Juzu Bracelet","Tiny Chest","Darkstone Periapt","Bronze Scales","Tiny House","Potion Belt","Blood Vial","Vajra","Ornamental Fan","MutagenicStrength","FossilizedHelix","Velvet Choker","Anchor","PreservedInsect","Lantern","Bottled Lightning","Shuriken","Mummified Hand"],"potions_floor_usage":[40,50,50,50,50,50],"damage_taken":[{"damage":4.0,"enemies":"Jaw Worm","floor":1.0,"turns":4.0},{"damage":0.0,"enemies":"Small Slimes","floor":3.0,"turns":2.0},{"damage":0.0,"enemies":"Cultist","floor":5.0,"turns":3.0},{"damage":23.0,"enemies":"Lagavulin","floor":6.0,"turns":9.0},{"damage":22.0,"enemies":"Gremlin Nob","floor":11.0,"turns":4.0},{"damage":0.0,"enemies":"Lagavulin","floor":13.0,"turns":4.0},{"damage":4.0,"enemies":"Gremlin Gang","floor":14.0,"turns":3.0},{"damage":21.0,"enemies":"Slime Boss","floor":16.0,"turns":8.0},{"damage":4.0,"enemies":"Chosen","floor":18.0,"turns":3.0},{"damage":3.0,"enemies":"3 Byrds","floor":20.0,"turns":4.0},{"damage":18.0,"enemies":"Snake Plant","floor":21.0,"turns":3.0},{"damage":0.0,"enemies":"Centurion and Healer","floor":22.0,"turns":4.0},{"damage":24.0,"enemies":"Slavers","floor":24.0,"turns":4.0},{"damage":8.0,"enemies":"Cultist and Chosen","floor":25.0,"turns":4.0},{"damage":29.0,"enemies":"Book of Stabbing","floor":29.0,"turns":4.0},{"damage":0,"enemies":"Snake Plant","floor":31,"turns":2},{"damage":33,"enemies":"Champ","floor":33,"turns":9},{"damage":0,"enemies":"3 Darklings","floor":35,"turns":6},{"damage":0,"enemies":"3 Shapes","floor":36,"turns":4},{"damage":4,"enemies":"Sphere and 2 Shapes","floor":37,"turns":3},{"damage":0,"enemies":"Reptomancer","floor":42,"turns":2},{"damage":5,"enemies":"Giant Head","floor":46,"turns":4},{"damage":0,"enemies":"3 Darklings","floor":47,"turns":2},{"damage":0,"enemies":"Maw","floor":48,"turns":5},{"damage":36,"enemies":"Awakened One","floor":50,"turns":7}],"seed_played":"-3938696248773810793","potions_obtained":[{"floor":1.0,"key":"BloodPotion"},{"floor":3.0,"key":"EssenceOfSteel"},{"floor":6.0,"key":"Energy Potion"},{"floor":17.0,"key":"Fire Potion"},{"floor":18.0,"key":"Poison Potion"},{"floor":31,"key":"BloodPotion"},{"floor":37,"key":"Regen Potion"},{"floor":42,"key":"Ancient Potion"},{"floor":48,"key":"Regen Potion"}],"is_trial":false,"path_per_floor":["M","?","M","?","M","E","T","R","T","R","E","R","E","M","R","B",null,"M","?","M","M","M","?","E","M","T","R","?","E","R","M","R","B",null,"M","M","M","$","?","$","R","E","T","$","R","E","M","M","R","B",null],"character_chosen":"IRONCLAD","items_purchased":["Anchor","Inflame","FearPotion","Fruit Juice","PreservedInsect","Lantern","Dexterity Potion"],"campfire_rested":1,"item_purchase_floors":[38,38,38,40,40,40,44],"current_hp_per_floor":[80,64,70,75,81,64,64,64,64,64,48,48,54,56,56,41,90,90,90,90,78,84,84,66,66,66,66,66,45,45,53,80,55,90,90,90,90,90,90,95,95,95,95,95,95,95,95,95,95,88],"gold":190,"neow_bonus":"RANDOM_COMMON_RELIC","is_prod":false,"is_daily":false,"chose_seed":false,"campfire_upgraded":9,"win_rate":1,"timestamp":1566167031,"path_taken":["M","?","M","?","M","E","?","R","T","R","E","R","E","M","R","BOSS","M","?","M","M","M","?","E","M","T","R","?","E","R","M","R","BOSS","M","M","M","$","?","$","R","E","T","?","R","E","M","M","R","BOSS"],"build_version":"2019-07-17","purchased_purges":0,"victory":true,"max_hp_per_floor":[80,80,80,85,85,85,85,85,85,85,85,85,85,85,85,85,90,90,90,90,90,90,90,90,90,90,90,90,90,90,90,90,90,90,90,90,90,90,90,95,95,95,95,95,95,95,95,95,95,95],"card_choices":[{"not_picked":["Metallicize","Dropkick"],"picked":"Twin Strike","floor":1.0},{"not_picked":["Disarm","Sword Boomerang"],"picked":"Wild Strike","floor":3.0},{"not_picked":["Clash","Body Slam"],"picked":"Shrug It Off","floor":5.0},{"not_picked":["Body Slam","True Grit"],"picked":"Shrug It Off","floor":6.0},{"not_picked":["Clothesline","True Grit"],"picked":"Corruption","floor":11.0},{"not_picked":["True Grit","Sword Boomerang"],"picked":"Thunderclap","floor":13.0},{"not_picked":["True Grit","Pummel"],"picked":"Metallicize","floor":14.0},{"not_picked":["Demon Form","Barricade"],"picked":"Offering","floor":16.0},{"not_picked":["Twin Strike","Wild Strike"],"picked":"Perfected Strike","floor":17.0},{"not_picked":["Battle Trance","Thunderclap"],"picked":"Perfected Strike+1","floor":18.0},{"not_picked":["Reckless Charge","Iron Wave"],"picked":"Shrug It Off+1","floor":20.0},{"not_picked":["Barricade","Headbutt"],"picked":"Twin Strike+1","floor":21.0},{"not_picked":["Infernal Blade","Clash","Body Slam"],"picked":"SKIP","floor":22.0},{"not_picked":["Battle Trance","Shrug It Off"],"picked":"Seeing Red+1","floor":24.0},{"not_picked":["Sever Soul+1","Clothesline"],"picked":"Pummel","floor":25.0},{"not_picked":["Feel No Pain+1","Thunderclap"],"picked":"Uppercut+1","floor":29.0},{"not_picked":["Intimidate+1","Whirlwind"],"picked":"Anger+1","floor":31},{"not_picked":["Bludgeon","Immolate"],"picked":"Impervious","floor":33},{"not_picked":["Clash","Armaments"],"picked":"Perfected Strike+1","floor":35},{"not_picked":["Clothesline","Corruption+1"],"picked":"Pommel Strike","floor":36},{"not_picked":["Ghostly Armor+1","Body Slam+1"],"picked":"Heavy Blade+1","floor":37},{"not_picked":["Fiend Fire","Disarm+1"],"picked":"Shockwave+1","floor":42},{"not_picked":["Pommel Strike","Armaments"],"picked":"Metallicize+1","floor":46},{"not_picked":["Shockwave","Hemokinesis+1"],"picked":"Heavy Blade","floor":47},{"not_picked":["Flex","Clash","Corruption+1"],"picked":"SKIP","floor":48}],"player_experience":18802,"relics_obtained":[{"floor":6.0,"key":"Pocketwatch"},{"floor":7.0,"key":"Matryoshka"},{"floor":9.0,"key":"Juzu Bracelet"},{"floor":9.0,"key":"Tiny Chest"},{"floor":11.0,"key":"Darkstone Periapt"},{"floor":13.0,"key":"Bronze Scales"},{"floor":24.0,"key":"Blood Vial"},{"floor":26.0,"key":"Vajra"},{"floor":26.0,"key":"Ornamental Fan"},{"floor":29.0,"key":"FossilizedHelix"},{"floor":42,"key":"Bottled Lightning"},{"floor":43,"key":"Shuriken"},{"floor":46,"key":"Mummified Hand"}],"event_choices":[{"damage_healed":0.0,"max_hp_gain":0.0,"max_hp_loss":0.0,"gold_gain":0.0,"event_name":"Shining Light","player_choice":"Entered Light","floor":2.0,"gold_loss":0.0,"damage_taken":16.0,"cards_upgraded":["Strike_R","Defend_R"]},{"damage_healed":0.0,"max_hp_gain":5.0,"max_hp_loss":0.0,"gold_gain":0.0,"event_name":"Big Fish","player_choice":"Donut","floor":4.0,"gold_loss":0.0,"damage_taken":0.0},{"damage_healed":0.0,"max_hp_gain":0.0,"max_hp_loss":0.0,"gold_gain":0.0,"event_name":"The Library","player_choice":"Read","floor":19.0,"gold_loss":0.0,"damage_taken":0.0,"cards_obtained":["Spot Weakness"]},{"damage_healed":0.0,"max_hp_gain":0.0,"max_hp_loss":0.0,"gold_gain":0.0,"event_name":"The Mausoleum","player_choice":"Opened","floor":23.0,"gold_loss":0.0,"damage_taken":0.0,"relics_obtained":["Potion Belt"]},{"damage_healed":0.0,"max_hp_gain":0.0,"max_hp_loss":0.0,"gold_gain":0.0,"event_name":"Drug Dealer","player_choice":"Inject Mutagens","floor":28.0,"gold_loss":0.0,"damage_taken":0.0,"relics_obtained":["MutagenicStrength"]},{"damage_healed":0,"gold_gain":0,"player_choice":"Ignored","damage_taken":0,"max_hp_gain":0,"max_hp_loss":0,"event_name":"SecretPortal","floor":39,"gold_loss":0}],"is_beta":false,"boss_relics":[{"not_picked":["Runic Pyramid","Runic Cube"],"picked":"Tiny House"},{"not_picked":["Runic Dome","Pandora\u0027s Box"],"picked":"Velvet Choker"}],"items_purged_floors":[],"is_endless":false,"potions_floor_spawned":[1,3,6,18,31,37,42,47,48],"ascension_level":3}