{"gold_per_floor":[116,41,41,41,316,316,350,250,550,564,564,582,606,630,630,630],"floor_reached":16,"playtime":5309,"items_purged":["Strike_R","Regret"],"score":150,"play_id":"be2dab96-01af-4e60-a0c0-c0ba7d5fede2","local_time":"20190602131233","is_ascension_mode":true,"campfire_choices":[{"data":"Bash","floor":6,"key":"SMITH"},{"floor":11,"key":"REST"},{"floor":15,"key":"REST"}],"neow_cost":"NONE","seed_source_timestamp":65882600321700,"circlet_count":0,"master_deck":["AscendersBane","Strike_R","Strike_R","Strike_R","Strike_R","Defend_R","Defend_R","Defend_R","Defend_R","Bash+1","Shrug It Off"],"relics":["Burning Blood","Art of War","Golden Idol","Ice Cream","Old Coin"],"potions_floor_usage":[7,16,16],"damage_taken":[{"damage":3,"enemies":"2 Louse","floor":1,"turns":3},{"damage":53,"enemies":"3 Sentries","floor":7,"turns":13},{"damage":13,"enemies":"Small Slimes","floor":10,"turns":4},{"damage":1,"enemies":"Cultist","floor":12,"turns":3},{"damage":8,"enemies":"Blue Slaver","floor":13,"turns":5},{"damage":13,"enemies":"3 Louse","floor":14,"turns":5},{"damage":74,"enemies":"Slime Boss","floor":16,"turns":10}],"seed_played":"-8118768158621165275","potions_obtained":[{"floor":1,"key":"Fire Potion"},{"floor":7,"key":"GamblersBrew"},{"floor":12,"key":"SpeedPotion"}],"is_trial":false,"path_per_floor":["M","$","?","?","?","R","E","$","T","M","R","M","M","M","R","B"],"character_chosen":"IRONCLAD","items_purchased":[],"campfire_rested":2,"item_purchase_floors":[],"current_hp_per_floor":[75,75,75,74,74,74,27,27,27,20,42,47,45,38,60,0],"gold":630,"neow_bonus":"RANDOM_COMMON_RELIC","is_prod":false,"is_daily":false,"chose_seed":false,"campfire_upgraded":1,"win_rate":0,"timestamp":1559495553,"path_taken":["M","$","?","?","?","R","E","$","T","?","R","M","M","M","R","BOSS"],"build_version":"2019-01-23","purchased_purges":2,"victory":false,"max_hp_per_floor":[80,80,80,74,74,74,74,74,74,74,74,74,74,74,74,74],"card_choices":[{"not_picked":["Wild Strike","Armaments","Havoc"],"picked":"SKIP","floor":1},{"not_picked":["Limit Break","Warcry","Anger"],"picked":"SKIP","floor":7},{"not_picked":["Searing Blow","Rage","Dual Wield"],"picked":"SKIP","floor":10},{"not_picked":["Ghostly Armor","Spot Weakness"],"picked":"Shrug It Off","floor":12},{"not_picked":["Power Through","Combust","Heavy Blade"],"picked":"SKIP","floor":13},{"not_picked":["Corruption","Heavy Blade","Pummel"],"picked":"SKIP","floor":14}],"player_experience":3819824,"relics_obtained":[{"floor":7,"key":"Ice Cream"},{"floor":9,"key":"Old Coin"}],"event_choices":[{"damage_healed":0,"gold_gain":0,"player_choice":"Leave","damage_taken":0,"max_hp_gain":0,"max_hp_loss":0,"event_name":"The Cleric","floor":3,"gold_loss":0},{"damage_healed":0,"gold_gain":0,"player_choice":"Lose Max HP","damage_taken":0,"relics_obtained":["Golden Idol"],"max_hp_gain":0,"max_hp_loss":6,"event_name":"Golden Idol","floor":4,"gold_loss":0},{"damage_healed":0,"gold_gain":275,"player_choice":"Desecrate","damage_taken":0,"max_hp_gain":0,"max_hp_loss":0,"event_name":"Golden Shrine","floor":5,"gold_loss":0,"cards_obtained":["Regret"]}],"is_beta":false,"boss_relics":[],"items_purged_floors":[2,8],"is_endless":false,"potions_floor_spawned":[1,7,12],"killed_by":"Slime Boss","ascension_level":10}