{"gold_per_floor":[212,212,226,243,13,41,41,7,30,50,66,66,83,109,109,208,208,220,232,244,244,85,85,85,119,119,138,152,152,171,496,496,599,599,610,610,620,895,408,408,51,51,51,79,79,89,102,122,122,122],"floor_reached":51,"playtime":2390,"items_purged":["Regret","Rage"],"score":899,"play_id":"eb1261e1-147a-4796-8b0d-b5fbe98cdf05","local_time":"20190818194749","is_ascension_mode":true,"campfire_choices":[{"data":"Bash","floor":7,"key":"SMITH"},{"data":"Heavy Blade","floor":12,"key":"SMITH"},{"data":"Sword Boomerang","floor":15,"key":"SMITH"},{"data":"Corruption","floor":23,"key":"SMITH"},{"floor":29,"key":"DIG"},{"floor":32,"key":"DIG"},{"data":"1","floor":40,"key":"LIFT"},{"data":"2","floor":42,"key":"LIFT"},{"data":"3","floor":45,"key":"LIFT"},{"floor":49,"key":"DIG"}],"neow_cost":"NONE","seed_source_timestamp":52193501390306,"circlet_count":0,"master_deck":["Defend_R","Defend_R","Defend_R","Defend_R+1","Bash+1","Anger","Heavy Blade+1","Battle Trance","Shrug It Off","Disarm","Spot Weakness+1","Sword Boomerang+1","Impervious","Twin Strike","Offering","Iron Wave","Impervious","Bite","Bite","Bite","Bite","Bite","Corruption+1","Pummel","Shrug It Off","Whirlwind+1","Headbutt","Sword Boomerang","Cleave+1","Shockwave","Double Tap","Thunderclap","Spot Weakness+1","Ghostly Armor","Master of Strategy","Panacea","Feel No Pain","Twin Strike+1","Clothesline+1","Shockwave+1"],"special_seed":0,"relics":["Burning Blood","Membership Card","Centennial Puzzle","Red Skull","War Paint","Mark of Pain","Strawberry","Question Card","Shovel","Bag of Preparation","Old Coin","Girya","Philosopher\u0027s Stone","Dodecahedron","Blood Vial","MealTicket","Bottled Flame","Ancient Tea Set","ClockworkSouvenir","Letter Opener","Regal Pillow","Self Forming Clay"],"potions_floor_usage":[6,11,16,31,50,50,50,50,50,50,50,50,50],"damage_taken":[{"damage":6,"enemies":"2 Louse","floor":1,"turns":3},{"damage":6,"enemies":"Cultist","floor":3,"turns":3},{"damage":0,"enemies":"Small Slimes","floor":4,"turns":3},{"damage":5,"enemies":"3 Sentries","floor":6,"turns":7},{"damage":11,"enemies":"Looter","floor":10,"turns":2},{"damage":0,"enemies":"Gremlin Gang","floor":11,"turns":2},{"damage":0,"enemies":"Exordium Wildlife","floor":13,"turns":3},{"damage":17,"enemies":"Gremlin Nob","floor":14,"turns":4},{"damage":6,"enemies":"The Guardian","floor":16,"turns":9},{"damage":9,"enemies":"3 Byrds","floor":18,"turns":7},{"damage":15,"enemies":"2 Thieves","floor":19,"turns":4},{"damage":6,"enemies":"Centurion and Healer","floor":20,"turns":6},{"damage":25,"enemies":"Slavers","floor":25,"turns":8},{"damage":1,"enemies":"Cultist and Chosen","floor":27,"turns":3},{"damage":0,"enemies":"Snecko","floor":28,"turns":4},{"damage":19,"enemies":"Snake Plant","floor":30,"turns":2},{"damage":25,"enemies":"Book of Stabbing","floor":31,"turns":5},{"damage":46,"enemies":"Automaton","floor":33,"turns":7},{"damage":1,"enemies":"Orb Walker","floor":35,"turns":2},{"damage":14,"enemies":"3 Shapes","floor":37,"turns":2},{"damage":8,"enemies":"Giant Head","floor":44,"turns":4},{"damage":6,"enemies":"Sphere and 2 Shapes","floor":46,"turns":3},{"damage":0,"enemies":"Jaw Worm Horde","floor":47,"turns":2},{"damage":13,"enemies":"Maw","floor":48,"turns":5},{"damage":57,"enemies":"Time Eater","floor":50,"turns":7}],"seed_played":"-41839671993081683","potions_obtained":[{"floor":3,"key":"AttackPotion"},{"floor":4,"key":"Poison Potion"},{"floor":10,"key":"Explosive Potion"},{"floor":14,"key":"BloodPotion"},{"floor":19,"key":"SneckoOil"},{"floor":20,"key":"EntropicBrew"},{"floor":30,"key":"Regen Potion"},{"floor":35,"key":"Regen Potion"}],"is_trial":false,"path_per_floor":["M","?","M","M","$","E","R","$","T","M","M","R","M","E","R","B",null,"M","M","M","?","$","R","?","E","T","M","M","R","M","E","R","B",null,"M","?","M","?","$","R","$","R","T","E","R","M","M","M","R","B",null],"character_chosen":"IRONCLAD","items_purchased":["Membership Card","Shrug It Off","Spot Weakness","Corruption","Strawberry","Pummel","Weak Potion","Dodecahedron","Blood Vial","MealTicket","Ghostly Armor","Master of Strategy","Panacea","Bottled Flame","Ancient Tea Set","ClockworkSouvenir"],"campfire_rested":0,"item_purchase_floors":[5,5,8,22,22,22,22,39,39,39,39,39,39,41,41,41],"current_hp_per_floor":[80,80,80,80,80,80,80,80,80,75,80,80,80,69,69,69,80,77,68,68,56,63,63,63,60,60,63,63,63,52,58,58,30,63,63,63,59,59,59,59,63,63,63,63,63,63,63,60,60,63],"gold":122,"neow_bonus":"HUNDRED_GOLD","is_prod":false,"is_daily":false,"chose_seed":false,"campfire_upgraded":4,"win_rate":1,"timestamp":1566121669,"path_taken":["M","?","M","?","$","E","R","?","T","M","M","R","M","E","R","BOSS","M","M","M","?","$","R","?","E","T","?","?","R","M","E","R","BOSS","M","?","M","?","$","R","$","R","T","E","R","M","?","M","R","BOSS"],"build_version":"2019-07-17","purchased_purges":2,"victory":true,"max_hp_per_floor":[80,80,80,80,80,80,80,80,80,80,80,80,80,80,80,80,80,80,80,80,56,63,63,63,63,63,63,63,63,63,63,63,63,63,63,63,63,63,63,63,63,63,63,63,63,63,63,63,63,63],"card_choices":[{"not_picked":["Fire Breathing","Reckless Charge"],"picked":"Anger","floor":1},{"not_picked":["Clash","Intimidate"],"picked":"Heavy Blade","floor":3},{"not_picked":["Heavy Blade","Body Slam"],"picked":"Battle Trance","floor":4},{"not_picked":["Headbutt","Pommel Strike"],"picked":"Disarm","floor":6},{"not_picked":["Reckless Charge","Warcry"],"picked":"Sword Boomerang","floor":10},{"not_picked":["Clash","Dual Wield"],"picked":"Impervious","floor":11},{"not_picked":["Body Slam","Anger"],"picked":"Twin Strike","floor":13},{"not_picked":["Metallicize","Body Slam"],"picked":"Rage","floor":14},{"not_picked":["Bludgeon","Barricade"],"picked":"Offering","floor":16},{"not_picked":["Second Wind","Clash"],"picked":"Iron Wave","floor":18},{"not_picked":["Sever Soul","Seeing Red","Body Slam"],"picked":"SKIP","floor":19},{"not_picked":["True Grit","Iron Wave"],"picked":"Impervious","floor":20},{"not_picked":["Perfected Strike+1","Anger+1"],"picked":"Whirlwind+1","floor":25},{"not_picked":["Iron Wave","Metallicize","Anger"],"picked":"Headbutt","floor":27},{"not_picked":["Combust","Perfected Strike+1","Berserk"],"picked":"Sword Boomerang","floor":28},{"not_picked":["Burning Pact+1","Iron Wave+1","Clash+1"],"picked":"Cleave+1","floor":30},{"not_picked":["Thunderclap","Pommel Strike","Flame Barrier"],"picked":"Shockwave","floor":31},{"not_picked":["Offering","Berserk","Reaper"],"picked":"Double Tap","floor":33},{"not_picked":["Flex","Perfected Strike","Intimidate+1"],"picked":"Thunderclap","floor":35},{"not_picked":["Pommel Strike","Battle Trance","Combust"],"picked":"Spot Weakness+1","floor":37},{"not_picked":["Pommel Strike+1","Cleave","Bloodletting"],"picked":"Feel No Pain","floor":44},{"not_picked":["Rupture+1","Clothesline+1","Anger"],"picked":"Twin Strike+1","floor":46},{"not_picked":["Cleave","Hemokinesis+1","Bludgeon"],"picked":"Clothesline+1","floor":47},{"not_picked":["Twin Strike+1","Rupture+1","Clash+1"],"picked":"Shockwave+1","floor":48}],"player_experience":14068,"relics_obtained":[{"floor":6,"key":"Centennial Puzzle"},{"floor":9,"key":"Red Skull"},{"floor":14,"key":"War Paint"},{"floor":25,"key":"Question Card"},{"floor":26,"key":"Shovel"},{"floor":29,"key":"Bag of Preparation"},{"floor":31,"key":"Old Coin"},{"floor":32,"key":"Girya"},{"floor":43,"key":"Letter Opener"},{"floor":44,"key":"Regal Pillow"},{"floor":49,"key":"Self Forming Clay"}],"event_choices":[{"cards_removed":["Strike_R"],"damage_healed":0,"gold_gain":0,"player_choice":"Offered Basic","damage_taken":0,"max_hp_gain":0,"max_hp_loss":0,"event_name":"Bonfire Elementals","floor":2,"gold_loss":0},{"damage_healed":0,"gold_gain":0,"player_choice":"Became a vampire","damage_taken":0,"max_hp_gain":0,"max_hp_loss":24,"event_name":"Vampires","floor":21,"gold_loss":0,"cards_obtained":["Bite","Bite","Bite","Bite","Bite"]},{"damage_healed":0,"gold_gain":0,"player_choice":"1 cards matched","damage_taken":0,"max_hp_gain":0,"max_hp_loss":0,"event_name":"Match and Keep!","floor":24,"gold_loss":0,"cards_obtained":["Shrug It Off"]},{"damage_healed":0,"gold_gain":0,"player_choice":"Ignored","damage_taken":0,"max_hp_gain":0,"max_hp_loss":0,"event_name":"Tomb of Lord Red Mask","floor":36,"gold_loss":0},{"damage_healed":0,"gold_gain":275,"player_choice":"Desecrate","damage_taken":0,"max_hp_gain":0,"max_hp_loss":0,"event_name":"Golden Shrine","floor":38,"gold_loss":0,"cards_obtained":["Regret"]}],"is_beta":false,"boss_relics":[{"not_picked":["Empty Cage","Snecko Eye"],"picked":"Mark of Pain"},{"not_picked":["Orrery","Sozu"],"picked":"Philosopher\u0027s Stone"}],"items_purged_floors":[39,41],"is_endless":false,"potions_floor_spawned":[3,4,10,14,19,20,25,27,30,35,47],"ascension_level":2}