{"gold_per_floor":[116,116,266,286,40,40,40,115,115,144,167,179,191],"floor_reached":13,"playtime":252,"items_purged":["Doubt"],"score":135,"play_id":"20acfafc-bb3a-4a7d-ab0f-eb9739bdaf01","local_time":"20190826122731","is_ascension_mode":true,"campfire_choices":[{"data":"Bash","floor":6,"key":"SMITH"},{"floor":12,"key":"REST"}],"neow_cost":"PERCENT_DAMAGE","seed_source_timestamp":373950898109400,"circlet_count":0,"master_deck":["AscendersBane","Strike_R","Strike_R","Strike_R","Strike_R","Strike_R","Defend_R","Defend_R","Defend_R","Defend_R","Bash+1","Carnage","Battle Trance"],"relics":["Burning Blood","Nunchaku","Torii","Bronze Scales","MawBank"],"potions_floor_usage":[11],"damage_taken":[{"damage":3,"enemies":"Small Slimes","floor":1,"turns":3},{"damage":6,"enemies":"2 Louse","floor":4,"turns":3},{"damage":2,"enemies":"Jaw Worm","floor":10,"turns":4},{"damage":18,"enemies":"Large Slime","floor":11,"turns":7},{"damage":35,"enemies":"Lagavulin","floor":13,"turns":5}],"seed_played":"-2525099070043032153","potions_obtained":[{"floor":10,"key":"Poison Potion"}],"is_trial":false,"path_per_floor":["M","?","?","M","$","R","?","?","T","M","M","R","E"],"character_chosen":"IRONCLAD","items_purchased":["Bronze Scales"],"campfire_rested":1,"item_purchase_floors":[5],"current_hp_per_floor":[53,27,27,27,27,27,27,16,16,20,8,30,0],"gold":191,"neow_bonus":"ONE_RARE_RELIC","is_prod":false,"is_daily":false,"chose_seed":false,"campfire_upgraded":1,"win_rate":0,"timestamp":1566790051,"path_taken":["M","?","?","M","$","R","?","?","T","M","M","R","E"],"build_version":"2019-07-17","purchased_purges":1,"victory":false,"max_hp_per_floor":[75,75,75,75,75,75,75,75,75,75,75,75,75],"card_choices":[{"not_picked":["Thunderclap","Bloodletting","Blood for Blood"],"picked":"SKIP","floor":1},{"not_picked":["Perfected Strike","Wild Strike","Bloodletting"],"picked":"SKIP","floor":4},{"not_picked":["Thunderclap","Flex"],"picked":"Carnage","floor":10},{"not_picked":["Sword Boomerang","Anger"],"picked":"Battle Trance","floor":11}],"player_experience":210260,"relics_obtained":[{"floor":9,"key":"MawBank"}],"event_choices":[{"damage_healed":0,"gold_gain":0,"player_choice":"Success","damage_taken":26,"relics_obtained":["Torii"],"max_hp_gain":0,"max_hp_loss":0,"event_name":"Scrap Ooze","floor":2,"gold_loss":0},{"damage_healed":0,"gold_gain":150,"player_choice":"AGREE","damage_taken":0,"max_hp_gain":0,"max_hp_loss":0,"event_name":"Liars Game","floor":3,"gold_loss":0,"cards_obtained":["Doubt"]},{"damage_healed":0,"gold_gain":0,"player_choice":"Leave","damage_taken":0,"max_hp_gain":0,"max_hp_loss":0,"event_name":"The Cleric","floor":7,"gold_loss":0},{"damage_healed":0,"gold_gain":75,"player_choice":"Gather Gold","damage_taken":11,"max_hp_gain":0,"max_hp_loss":0,"event_name":"World of Goop","floor":8,"gold_loss":0}],"is_beta":false,"boss_relics":[],"items_purged_floors":[5],"is_endless":false,"potions_floor_spawned":[10],"killed_by":"Lagavulin","ascension_level":17}