{"gold_per_floor":[115,127,89,89,89,89,116,116,141,141,167,65,65,91,91,165,165,183,183,194,213,224,224,258,258,258,293,293,306,338,168,168,239,239,257,270,370,383,403,433,433,433,433,433,23,37,37,72,72,72],"floor_reached":51,"playtime":2790,"items_purged":["Strike_G","Strike_G","Strike_G"],"score":1415,"play_id":"bcffd567-8f6e-4df9-8ef4-b5d3ec39032b","local_time":"20190826230603","is_ascension_mode":true,"campfire_choices":[{"data":"Neutralize","floor":6.0,"key":"SMITH"},{"data":"Footwork","floor":8.0,"key":"SMITH"},{"data":"Deadly Poison","floor":13.0,"key":"SMITH"},{"data":"Crippling Poison","floor":15.0,"key":"SMITH"},{"data":"Bouncing Flask","floor":23,"key":"SMITH"},{"data":"Deadly Poison","floor":25,"key":"SMITH"},{"data":"Dodge and Roll","floor":28,"key":"SMITH"},{"floor":32,"key":"REST"},{"data":"Footwork","floor":42,"key":"SMITH"},{"data":"Corpse Explosion","floor":44,"key":"SMITH"},{"floor":47,"key":"REST"},{"floor":49,"key":"REST"}],"neow_cost":"NONE","seed_source_timestamp":32517757250800,"circlet_count":0,"master_deck":["AscendersBane","Strike_G","Strike_G+1","Defend_G","Defend_G","Defend_G","Defend_G+1","Defend_G","Survivor","Neutralize+1","PiercingWail","Footwork+1","Deadly Poison+1","Deadly Poison+1","Dodge and Roll+1","Crippling Poison+1","Corpse Explosion+1","PiercingWail","Flechettes+1","Dodge and Roll","Bouncing Flask+1","Blur+1","Acrobatics+1","Footwork+1","Backflip","Doppelganger","Acrobatics+1","Master of Strategy","Bouncing Flask+1"],"special_seed":0,"relics":["Ring of the Snake","NeowsBlessing","Lantern","Potion Belt","Snake Skull","Tough Bandages","Odd Mushroom","Velvet Choker","Meat on the Bone","The Specimen","Gremlin Horn","Smiling Mask","Mercury Hourglass","Busted Crown","Pocketwatch","Ornamental Fan","Bag of Preparation","DollysMirror","Vajra","Mummified Hand"],"potions_floor_usage":[24,50,50,50],"damage_taken":[{"damage":0.0,"enemies":"Jaw Worm","floor":1.0,"turns":1.0},{"damage":0.0,"enemies":"2 Louse","floor":2.0,"turns":1.0},{"damage":0.0,"enemies":"Lagavulin","floor":7.0,"turns":1.0},{"damage":12.0,"enemies":"3 Sentries","floor":11.0,"turns":11.0},{"damage":4.0,"enemies":"The Mushroom Lair","floor":14.0,"turns":7.0},{"damage":5.0,"enemies":"The Guardian","floor":16.0,"turns":8.0},{"damage":0.0,"enemies":"3 Byrds","floor":18.0,"turns":2.0},{"damage":0.0,"enemies":"Shell Parasite","floor":20.0,"turns":5.0},{"damage":0,"enemies":"3 Cultists","floor":21,"turns":2},{"damage":3,"enemies":"Snake Plant","floor":22,"turns":4},{"damage":2,"enemies":"Slavers","floor":24,"turns":5},{"damage":2,"enemies":"Gremlin Leader","floor":27,"turns":4},{"damage":0,"enemies":"Shelled Parasite and Fungi","floor":29,"turns":4},{"damage":0,"enemies":"Slavers","floor":30,"turns":3},{"damage":17,"enemies":"Collector","floor":33,"turns":8},{"damage":0,"enemies":"3 Shapes","floor":35,"turns":3},{"damage":0,"enemies":"3 Darklings","floor":36,"turns":3},{"damage":0,"enemies":"Mind Bloom Boss Battle","floor":37,"turns":6},{"damage":5,"enemies":"Spire Growth","floor":38,"turns":6},{"damage":11,"enemies":"Writhing Mass","floor":39,"turns":4},{"damage":11,"enemies":"Giant Head","floor":40,"turns":9},{"damage":0,"enemies":"3 Darklings","floor":46,"turns":3},{"damage":17,"enemies":"Reptomancer","floor":48,"turns":4},{"damage":39,"enemies":"Awakened One","floor":50,"turns":11}],"seed_played":"295817745452946678","potions_obtained":[{"floor":1.0,"key":"Dexterity Potion"},{"floor":2.0,"key":"Block Potion"},{"floor":16.0,"key":"PowerPotion"},{"floor":21,"key":"Ancient Potion"},{"floor":29,"key":"AttackPotion"},{"floor":36,"key":"SpeedPotion"},{"floor":39,"key":"SmokeBomb"},{"floor":40,"key":"Energy Potion"}],"is_trial":false,"path_per_floor":["M","M","$","?","?","R","E","R","T","?","E","$","R","?","R","B",null,"M","?","M","M","M","R","E","R","T","E","R","M","E","$","R","B",null,"M","M","?","M","M","E","?","R","T","R","$","M","R","E","R","B",null],"character_chosen":"THE_SILENT","items_purchased":["Footwork","Dodge and Roll","Footwork","Backflip","DollysMirror","Vajra"],"campfire_rested":3,"item_purchase_floors":[3,12,31,31,45,45],"current_hp_per_floor":[59,59,59,64,53,53,53,53,53,32,20,20,20,16,16,11,56,56,56,56,56,53,53,51,51,51,49,49,49,49,49,70,53,67,67,67,67,62,51,40,40,40,40,40,40,40,61,44,65,38],"gold":72,"neow_bonus":"THREE_ENEMY_KILL","is_prod":false,"is_daily":false,"chose_seed":false,"campfire_upgraded":9,"win_rate":1,"timestamp":1566824763,"path_taken":["M","M","$","?","?","R","E","R","T","?","E","?","R","?","R","BOSS","M","?","M","?","M","R","E","R","T","E","R","M","E","$","R","BOSS","M","M","?","M","M","E","?","R","T","R","$","M","R","E","R","BOSS"],"build_version":"2019-07-17","purchased_purges":3,"victory":true,"max_hp_per_floor":[66,66,66,71,71,71,71,71,71,71,71,71,71,71,71,71,71,71,71,71,71,71,71,71,71,71,71,71,71,71,71,71,71,71,71,71,71,71,71,71,71,71,71,71,71,71,71,71,71,71],"card_choices":[{"not_picked":["Escape Plan","Outmaneuver"],"picked":"Quick Slash","floor":1.0},{"not_picked":["Sucker Punch","Flying Knee"],"picked":"PiercingWail","floor":2.0},{"not_picked":["Cloak And Dagger","Backflip"],"picked":"Deadly Poison","floor":7.0},{"not_picked":["Underhanded Strike","Dodge and Roll"],"picked":"Deadly Poison","floor":11.0},{"not_picked":["Underhanded Strike","Backstab"],"picked":"Crippling Poison","floor":14.0},{"not_picked":["Phantasmal Killer","Adrenaline"],"picked":"Corpse Explosion","floor":16.0},{"not_picked":["Underhanded Strike","Footwork"],"picked":"PiercingWail","floor":18.0},{"not_picked":["Quick Slash","Sucker Punch"],"picked":"Flechettes+1","floor":20.0},{"not_picked":["Dagger Throw","Calculated Gamble"],"picked":"Dodge and Roll","floor":21},{"not_picked":["Leg Sweep","Dagger Throw"],"picked":"Bouncing Flask","floor":22},{"not_picked":["Deflect","Poisoned Stab","Grand Finale"],"picked":"SKIP","floor":24},{"not_picked":["Setup","Infinite Blades","Finisher"],"picked":"SKIP","floor":27},{"not_picked":["Crippling Poison","Backflip"],"picked":"Blur+1","floor":29},{"not_picked":["Outmaneuver","Flying Knee"],"picked":"Acrobatics+1","floor":30},{"not_picked":["Glass Knife","Bullet Time"],"picked":"Doppelganger","floor":33},{"not_picked":["Prepared"],"picked":"SKIP","floor":35},{"not_picked":[],"picked":"Acrobatics+1","floor":36},{"not_picked":["Infinite Blades"],"picked":"SKIP","floor":38},{"not_picked":["Predator"],"picked":"SKIP","floor":39},{"not_picked":["Concentrate+1"],"picked":"SKIP","floor":40},{"not_picked":[],"picked":"Master of Strategy","floor":41},{"not_picked":["Outmaneuver+1"],"picked":"SKIP","floor":46},{"not_picked":["Storm of Steel"],"picked":"SKIP","floor":48}],"player_experience":82389,"relics_obtained":[{"floor":7.0,"key":"Potion Belt"},{"floor":9.0,"key":"Snake Skull"},{"floor":11.0,"key":"Tough Bandages"},{"floor":14.0,"key":"Odd Mushroom"},{"floor":24,"key":"The Specimen"},{"floor":26,"key":"Gremlin Horn"},{"floor":27,"key":"Smiling Mask"},{"floor":30,"key":"Mercury Hourglass"},{"floor":37,"key":"Pocketwatch"},{"floor":40,"key":"Ornamental Fan"},{"floor":43,"key":"Bag of Preparation"},{"floor":48,"key":"Mummified Hand"}],"event_choices":[{"damage_healed":0.0,"max_hp_gain":5.0,"max_hp_loss":0.0,"gold_gain":0.0,"event_name":"Big Fish","player_choice":"Donut","floor":4.0,"gold_loss":0.0,"damage_taken":0.0},{"damage_healed":0.0,"max_hp_gain":0.0,"max_hp_loss":0.0,"gold_gain":0.0,"event_name":"Scrap Ooze","player_choice":"Success","floor":5.0,"gold_loss":0.0,"damage_taken":11.0,"relics_obtained":["Lantern"]},{"damage_healed":0.0,"max_hp_gain":0.0,"max_hp_loss":0.0,"gold_gain":0.0,"event_name":"Shining Light","player_choice":"Entered Light","floor":10.0,"gold_loss":0.0,"damage_taken":21.0,"cards_upgraded":["Strike_G","Defend_G"]},{"damage_healed":0.0,"max_hp_gain":0.0,"max_hp_loss":0.0,"gold_gain":0.0,"event_name":"Mushrooms","player_choice":"Fought Mushrooms","floor":14.0,"gold_loss":0.0,"damage_taken":0.0},{"cards_removed":["Quick Slash"],"damage_healed":0.0,"max_hp_gain":0.0,"max_hp_loss":0.0,"gold_gain":0.0,"event_name":"WeMeetAgain","player_choice":"Gave Card","floor":19.0,"gold_loss":0.0,"damage_taken":0.0,"relics_obtained":["Meat on the Bone"]},{"damage_healed":0,"gold_gain":0,"player_choice":"Fight","damage_taken":0,"max_hp_gain":0,"max_hp_loss":0,"event_name":"MindBloom","floor":37,"gold_loss":0},{"damage_healed":0,"gold_gain":0,"player_choice":"Memory 1","damage_taken":0,"max_hp_gain":0,"max_hp_loss":0,"event_name":"SensoryStone","floor":41,"gold_loss":0}],"is_beta":false,"boss_relics":[{"not_picked":["Philosopher\u0027s Stone","Astrolabe"],"picked":"Velvet Choker"},{"not_picked":["Fusion Hammer","Eternal Feather"],"picked":"Busted Crown"}],"items_purged_floors":[12,31,45],"is_endless":false,"potions_floor_spawned":[1,2,16,21,29,36,37,39,40],"ascension_level":15}