{"gold_per_floor":[13,13,0,55,5,39,39,68,150,160,160,195,213,88,88,187,187,197,197,197,209,226,259,259,284,310,310,310,357,392,409,409,507,507,522,622,645,645,713,743,743,776,800,800,818,835,861,105,105,105],"floor_reached":51,"playtime":2552,"items_purged":["Strike_G"],"score":1295,"play_id":"08c6f87e-cfee-40b5-a550-65aafcd92fb3","local_time":"20190820053601","is_ascension_mode":true,"campfire_choices":[{"data":"Dash","floor":7.0,"key":"SMITH"},{"data":"Phantasmal Killer","floor":11.0,"key":"SMITH"},{"floor":15.0,"key":"REST"},{"floor":24.0,"key":"REST"},{"data":"Dagger Spray","floor":27.0,"key":"SMITH"},{"data":"Dagger Spray","floor":32.0,"key":"SMITH"},{"data":"Glass Knife","floor":41.0,"key":"SMITH"},{"data":"Blade Dance","floor":44.0,"key":"SMITH"},{"data":"Finisher","floor":49,"key":"SMITH"}],"neow_cost":"NO_GOLD","seed_source_timestamp":92088599272006,"circlet_count":0,"master_deck":["Strike_G","Strike_G","Strike_G","Defend_G","Defend_G","Defend_G","Defend_G+1","Defend_G+1","Survivor","Neutralize","Phantasmal Killer+1","Skewer+1","Dash+1","Backstab","Infinite Blades+1","Envenom+1","Blade Dance+1","Well Laid Plans+1","Dagger Spray+1","Malaise","Blur+1","Catalyst","Tools of the Trade+1","Escape Plan","Dagger Spray+1","Glass Knife+1","Dagger Spray+1","Cloak And Dagger+1","Dodge and Roll+1","Deflect+1","Catalyst","Escape Plan+1","Finisher+1","Accuracy+1","Cloak And Dagger","Quick Slash","Impatience"],"special_seed":0,"relics":["Ring of the Snake","Bag of Preparation","Frozen Egg 2","Shuriken","Tiny Chest","Ancient Tea Set","Runic Dome","MutagenicStrength","Bag of Marbles","PreservedInsect","Lantern","War Paint","Gambling Chip","WristBlade","Tingsha","Snake Skull","Bottled Tornado","Pen Nib","Oddly Smooth Stone","Potion Belt","Vajra","Happy Flower","Boot"],"potions_floor_usage":[50,50,50,50],"damage_taken":[{"damage":6.0,"enemies":"2 Louse","floor":1.0,"turns":6.0},{"damage":19.0,"enemies":"Lagavulin","floor":6.0,"turns":9.0},{"damage":10.0,"enemies":"3 Sentries","floor":8.0,"turns":7.0},{"damage":0.0,"enemies":"Small Slimes","floor":10.0,"turns":2.0},{"damage":10.0,"enemies":"Lagavulin","floor":12.0,"turns":7.0},{"damage":0.0,"enemies":"Jaw Worm","floor":13.0,"turns":3.0},{"damage":0.0,"enemies":"Slime Boss","floor":16.0,"turns":4.0},{"damage":0.0,"enemies":"Spheric Guardian","floor":18.0,"turns":3.0},{"damage":3.0,"enemies":"2 Thieves","floor":21.0,"turns":3.0},{"damage":0.0,"enemies":"Sentry and Sphere","floor":22.0,"turns":2.0},{"damage":17.0,"enemies":"Slavers","floor":23.0,"turns":7.0},{"damage":0.0,"enemies":"Gremlin Leader","floor":30.0,"turns":4.0},{"damage":0.0,"enemies":"Cultist and Chosen","floor":31.0,"turns":3.0},{"damage":13.0,"enemies":"Collector","floor":33.0,"turns":5.0},{"damage":0.0,"enemies":"3 Darklings","floor":35.0,"turns":3.0},{"damage":0.0,"enemies":"Mind Bloom Boss Battle","floor":36.0,"turns":5.0},{"damage":0.0,"enemies":"Nemesis","floor":40.0,"turns":1.0},{"damage":0.0,"enemies":"Giant Head","floor":42.0,"turns":3.0},{"damage":4,"enemies":"3 Shapes","floor":45,"turns":3},{"damage":0,"enemies":"Spire Growth","floor":46,"turns":3},{"damage":0,"enemies":"Nemesis","floor":47,"turns":1},{"damage":43,"enemies":"Awakened One","floor":50,"turns":5}],"seed_played":"2537475713079756297","potions_obtained":[{"floor":1.0,"key":"Weak Potion"},{"floor":10.0,"key":"Strength Potion"},{"floor":12.0,"key":"Strength Potion"},{"floor":18.0,"key":"Poison Potion"},{"floor":23.0,"key":"Block Potion"},{"floor":45,"key":"GhostInAJar"}],"is_trial":false,"path_per_floor":["M","?","?","T","?","E","R","E","T","M","R","E","M","$","R","B",null,"M","?","?","M","M","E","R","T","T","R","?","T","E","M","R","B",null,"M","?","T","?","T","E","R","E","T","R","M","M","E","$","R","B",null],"character_chosen":"THE_SILENT","items_purchased":["Well Laid Plans+1","Dagger Spray","Finisher","Accuracy+1","Cloak And Dagger","Quick Slash","Happy Flower","LiquidBronze","Impatience","Boot"],"campfire_rested":2,"item_purchase_floors":[14,14,48,48,48,48,48,48,48,48],"current_hp_per_floor":[57,57,57,57,57,38,38,28,28,28,28,18,18,18,39,39,62,62,62,55,52,52,35,56,56,56,56,70,70,70,70,70,57,67,67,67,67,67,67,67,67,67,67,67,63,63,63,63,63,20],"gold":105,"neow_bonus":"THREE_RARE_CARDS","is_prod":false,"is_daily":false,"chose_seed":false,"campfire_upgraded":7,"win_rate":1,"timestamp":1566243361,"path_taken":["M","?","?","?","?","E","R","E","T","M","R","E","M","$","R","BOSS","M","?","?","?","M","E","R","?","T","R","?","?","E","M","R","BOSS","M","?","?","?","?","E","R","E","T","R","M","M","E","$","R","BOSS"],"build_version":"2019-07-17","purchased_purges":1,"victory":true,"max_hp_per_floor":[70,70,70,70,70,70,70,70,70,70,70,70,70,70,70,70,70,70,70,70,70,70,70,70,70,70,70,70,70,70,70,70,70,70,70,70,70,70,70,70,70,70,70,70,70,70,70,70,70,70],"card_choices":[{"not_picked":["Grand Finale","Doppelganger"],"picked":"Phantasmal Killer","floor":0.0},{"not_picked":["Quick Slash","Well Laid Plans"],"picked":"Skewer","floor":1.0},{"not_picked":["PiercingWail","Cloak And Dagger"],"picked":"Dash","floor":6.0},{"not_picked":["Dash","Backflip"],"picked":"Backstab","floor":8.0},{"not_picked":["Acrobatics","Quick Slash"],"picked":"Infinite Blades+1","floor":10.0},{"not_picked":["Bane","Deadly Poison"],"picked":"Envenom+1","floor":12.0},{"not_picked":["Masterful Stab","Poisoned Stab"],"picked":"Blade Dance","floor":13.0},{"not_picked":["Venomology","Tools of the Trade+1"],"picked":"Malaise","floor":16.0},{"not_picked":["Quick Slash","Finisher"],"picked":"Blur+1","floor":18.0},{"not_picked":["Outmaneuver+1","Dash"],"picked":"Catalyst","floor":21.0},{"not_picked":["Dodge and Roll","Sucker Punch","Acrobatics+1"],"picked":"SKIP","floor":22.0},{"not_picked":["All Out Attack","Concentrate+1"],"picked":"Tools of the Trade+1","floor":23.0},{"not_picked":["Acrobatics","Flying Knee"],"picked":"Escape Plan","floor":30.0},{"not_picked":["Skewer","Sucker Punch"],"picked":"Dagger Spray","floor":31.0},{"not_picked":["Night Terror","Unload"],"picked":"Glass Knife","floor":33.0},{"not_picked":["Quick Slash+1","Deflect"],"picked":"Masterful Stab","floor":35.0},{"not_picked":["Backflip+1","Distraction"],"picked":"Dagger Spray+1","floor":36.0},{"not_picked":["Night Terror","Quick Slash"],"picked":"Cloak And Dagger+1","floor":40.0},{"not_picked":["Expertise+1","Dagger Spray+1"],"picked":"Dodge and Roll+1","floor":42.0},{"not_picked":["Quick Slash+1","Outmaneuver"],"picked":"Deflect+1","floor":45},{"not_picked":["Sucker Punch+1","Expertise"],"picked":"Catalyst","floor":46},{"not_picked":["Acrobatics+1","Concentrate+1"],"picked":"Escape Plan+1","floor":47}],"player_experience":36996,"relics_obtained":[{"floor":4.0,"key":"Bag of Preparation"},{"floor":6.0,"key":"Frozen Egg 2"},{"floor":8.0,"key":"Shuriken"},{"floor":9.0,"key":"Tiny Chest"},{"floor":12.0,"key":"Ancient Tea Set"},{"floor":23.0,"key":"Bag of Marbles"},{"floor":25.0,"key":"PreservedInsect"},{"floor":26.0,"key":"Lantern"},{"floor":29.0,"key":"War Paint"},{"floor":30.0,"key":"Gambling Chip"},{"floor":36.0,"key":"Tingsha"},{"floor":37.0,"key":"Snake Skull"},{"floor":39.0,"key":"Bottled Tornado"},{"floor":40.0,"key":"Pen Nib"},{"floor":42.0,"key":"Oddly Smooth Stone"},{"floor":43.0,"key":"Potion Belt"},{"floor":47,"key":"Vajra"}],"event_choices":[{"damage_healed":0.0,"max_hp_gain":0.0,"max_hp_loss":0.0,"gold_gain":0.0,"event_name":"Living Wall","player_choice":"Grow","floor":2.0,"gold_loss":0.0,"damage_taken":0.0,"cards_upgraded":["Skewer"]},{"damage_healed":0.0,"max_hp_gain":0.0,"max_hp_loss":0.0,"gold_gain":0.0,"event_name":"World of Goop","player_choice":"Left Gold","floor":3.0,"gold_loss":13.0,"damage_taken":0.0},{"cards_removed":["Strike_G"],"damage_healed":0.0,"max_hp_gain":0.0,"max_hp_loss":0.0,"gold_gain":0.0,"event_name":"The Cleric","player_choice":"Card Removal","floor":5.0,"gold_loss":50.0,"damage_taken":0.0},{"damage_healed":0.0,"max_hp_gain":0.0,"max_hp_loss":0.0,"gold_gain":0.0,"event_name":"Drug Dealer","player_choice":"Inject Mutagens","floor":19.0,"gold_loss":0.0,"damage_taken":0.0,"relics_obtained":["MutagenicStrength"]},{"damage_healed":0.0,"max_hp_gain":0.0,"max_hp_loss":0.0,"gold_gain":0.0,"event_name":"Knowing Skull","player_choice":"","floor":20.0,"potions_obtained":[],"gold_loss":0.0,"damage_taken":7.0,"cards_obtained":[]},{"damage_healed":23.0,"max_hp_gain":0.0,"max_hp_loss":0.0,"gold_gain":0.0,"event_name":"The Library","player_choice":"Heal","floor":28.0,"gold_loss":0.0,"damage_taken":0.0},{"damage_healed":0.0,"max_hp_gain":0.0,"max_hp_loss":0.0,"gold_gain":0.0,"event_name":"MindBloom","player_choice":"Fight","floor":36.0,"gold_loss":0.0,"damage_taken":0.0},{"cards_removed":["Masterful Stab"],"damage_healed":0.0,"max_hp_gain":0.0,"max_hp_loss":0.0,"gold_gain":0.0,"event_name":"Falling","player_choice":"Removed Attack","floor":38.0,"gold_loss":0.0,"damage_taken":0.0}],"is_beta":false,"boss_relics":[{"not_picked":["Orrery","Runic Pyramid"],"picked":"Runic Dome"},{"not_picked":["Snecko Eye","Empty Cage"],"picked":"WristBlade"}],"items_purged_floors":[48],"is_endless":false,"potions_floor_spawned":[1,10,12,18,23,30,33,36,40,45],"ascension_level":7}