{"gold_per_floor":[111,131,151,6,6,33,47,47,47,47,62,72,101,121,121,226,226,246,246,47,62,162,162,162,39,113,128,3,3,17,17,17,17],"floor_reached":33,"playtime":5817,"items_purged":["Strike_B","Defend_B","Strike_B"],"score":316,"play_id":"b357e196-9625-4135-94c0-35e49d523bd7","local_time":"20190826044753","is_ascension_mode":true,"campfire_choices":[{"floor":8,"key":"REST"},{"data":"Reinforced Body","floor":10,"key":"SMITH"},{"floor":15,"key":"REST"},{"floor":23,"key":"REST"},{"floor":29,"key":"REST"},{"floor":32,"key":"REST"}],"neow_cost":"NONE","seed_source_timestamp":1036238265771400,"circlet_count":0,"master_deck":["Strike_B","Strike_B","Defend_B","Defend_B","Defend_B","Zap","Dualcast","Gash","Reinforced Body+1","Hologram","Beam Cell","Steam","Static Discharge","Beam Cell","Turbo","Rainbow","Conserve Battery","Hologram","Capacitor","Stack","Static Discharge","Machine Learning"],"relics":["Cracked Core","Regal Pillow","Mercury Hourglass","Bag of Marbles","Matryoshka","Strawberry","Inserter","Blood Vial","Pantograph","Pen Nib","Meat on the Bone"],"potions_floor_usage":[13,13,16,16,24,24,30,33],"damage_taken":[{"damage":10,"enemies":"Cultist","floor":1,"turns":4},{"damage":0,"enemies":"Small Slimes","floor":2,"turns":3},{"damage":1,"enemies":"Jaw Worm","floor":3,"turns":4},{"damage":23,"enemies":"3 Sentries","floor":6,"turns":5},{"damage":17,"enemies":"Exordium Thugs","floor":7,"turns":4},{"damage":0,"enemies":"Red Slaver","floor":11,"turns":3},{"damage":2,"enemies":"Blue Slaver","floor":12,"turns":2},{"damage":14,"enemies":"Gremlin Nob","floor":13,"turns":4},{"damage":0,"enemies":"Exordium Wildlife","floor":14,"turns":3},{"damage":23,"enemies":"Slime Boss","floor":16,"turns":8},{"damage":22,"enemies":"Chosen","floor":18,"turns":5},{"damage":17,"enemies":"3 Byrds","floor":21,"turns":5},{"damage":23,"enemies":"Slavers","floor":24,"turns":2},{"damage":34,"enemies":"Shelled Parasite and Fungi","floor":27,"turns":9},{"damage":23,"enemies":"Snecko","floor":30,"turns":7},{"damage":92,"enemies":"Collector","floor":33,"turns":7}],"seed_played":"1599739512410151208","potions_obtained":[{"floor":0,"key":"GamblersBrew"},{"floor":0,"key":"SpeedPotion"},{"floor":0,"key":"PowerPotion"},{"floor":6,"key":"FairyPotion"},{"floor":12,"key":"SpeedPotion"},{"floor":13,"key":"Dexterity Potion"},{"floor":14,"key":"SmokeBomb"},{"floor":16,"key":"SteroidPotion"},{"floor":27,"key":"Fruit Juice"},{"floor":30,"key":"SpeedPotion"}],"is_trial":false,"path_per_floor":["M","M","M","$","?","E","M","R","T","R","M","M","E","M","R","B",null,"M","T","$","M","?","R","E","$","T","M","$","R","M","?","R","B"],"character_chosen":"DEFECT","items_purchased":["Regal Pillow","Hologram","Capacitor","Stack"],"campfire_rested":5,"item_purchase_floors":[4,20,20,25],"current_hp_per_floor":[65,65,64,64,64,41,24,61,61,61,61,59,52,52,82,59,82,60,60,60,45,45,82,59,59,59,39,39,78,62,45,87,0],"gold":17,"neow_bonus":"THREE_SMALL_POTIONS","is_prod":false,"is_daily":false,"chose_seed":false,"campfire_upgraded":1,"win_rate":0,"timestamp":1566805673,"path_taken":["M","M","M","$","?","E","M","R","T","R","?","M","E","M","R","BOSS","M","?","$","?","?","R","E","?","T","M","$","R","M","?","R","BOSS"],"build_version":"2019-07-17","purchased_purges":3,"victory":false,"max_hp_per_floor":[75,75,75,75,75,75,75,75,75,75,75,75,82,82,82,82,82,82,82,82,82,82,82,82,82,82,82,82,82,87,92,92,92],"card_choices":[{"not_picked":["Leap","Barrage"],"picked":"Gash","floor":1},{"not_picked":["Barrage","Lockon"],"picked":"Reinforced Body","floor":2},{"not_picked":["Thunder Strike","Sunder"],"picked":"Hologram","floor":3},{"not_picked":["Loop","White Noise","Leap"],"picked":"SKIP","floor":6},{"not_picked":["Stack","Heatsinks"],"picked":"Beam Cell","floor":7},{"not_picked":["Conserve Battery","Capacitor"],"picked":"Steam","floor":11},{"not_picked":["Darkness","Chill"],"picked":"Static Discharge","floor":12},{"not_picked":["Rip and Tear","Blizzard"],"picked":"Beam Cell","floor":13},{"not_picked":["Ball Lightning","Rip and Tear"],"picked":"Turbo","floor":14},{"not_picked":["Creative AI","Buffer"],"picked":"Rainbow","floor":16},{"not_picked":["Leap","Aggregate"],"picked":"Conserve Battery","floor":18},{"not_picked":["Leap","Gash","Sunder"],"picked":"SKIP","floor":21},{"not_picked":["Double Energy","Storm"],"picked":"Static Discharge","floor":27},{"not_picked":["Leap","Sunder"],"picked":"Machine Learning","floor":30}],"player_experience":189240,"relics_obtained":[{"floor":6,"key":"Bag of Marbles"},{"floor":9,"key":"Matryoshka"},{"floor":13,"key":"Strawberry"},{"floor":19,"key":"Blood Vial"},{"floor":19,"key":"Pantograph"},{"floor":26,"key":"Pen Nib"},{"floor":26,"key":"Meat on the Bone"}],"event_choices":[{"damage_healed":0,"gold_gain":0,"player_choice":"Gave Potion","damage_taken":0,"relics_obtained":["Mercury Hourglass"],"max_hp_gain":0,"max_hp_loss":0,"event_name":"WeMeetAgain","floor":5,"gold_loss":0},{"damage_healed":0,"gold_gain":100,"player_choice":"Pray","damage_taken":0,"max_hp_gain":0,"max_hp_loss":0,"event_name":"Golden Shrine","floor":22,"gold_loss":0},{"damage_healed":0,"gold_gain":0,"player_choice":"Shed Blood","damage_taken":22,"max_hp_gain":5,"max_hp_loss":0,"event_name":"Forgotten Altar","floor":31,"gold_loss":0}],"is_beta":false,"boss_relics":[{"not_picked":["FrozenCore","Astrolabe"],"picked":"Inserter"}],"items_purged_floors":[20,25,28],"is_endless":false,"potions_floor_spawned":[6,12,13,14,16,27,30],"killed_by":"Collector","ascension_level":1}