{"gold_per_floor":[111,127,142,153,67,96,111,76,76,96,112,132,158,172,172,270,270,284,298,18,32,32,32,43,43,43,43],"floor_reached":27,"playtime":2624,"items_purged":["Beam Cell"],"score":243,"play_id":"6e8ea67b-d15b-489e-b281-e8bac8e0407e","local_time":"20190820184604","is_ascension_mode":true,"campfire_choices":[{"floor":15,"key":"REST"},{"floor":25,"key":"REST"}],"neow_cost":"NONE","seed_source_timestamp":571350860411500,"circlet_count":0,"master_deck":["Strike_B","Strike_B","Strike_B","Strike_B","Defend_B","Defend_B","Defend_B","Defend_B","Zap","Dualcast","Seek","Self Repair","Beam Cell","Finesse","Go for the Eyes","Lockon","Consume","Defragment","Creative AI","Leap","Conserve Battery+1"],"relics":["Cracked Core","Du-Vu Doll","Singing Bowl","Bird Faced Urn","Eternal Feather","Omamori","WarpedTongs","Matryoshka"],"potions_floor_usage":[4,13,14,16,16,18,19,24],"damage_taken":[{"damage":0,"enemies":"Cultist","floor":1,"turns":3},{"damage":0,"enemies":"Small Slimes","floor":2,"turns":3},{"damage":1,"enemies":"Jaw Worm","floor":3,"turns":4},{"damage":0,"enemies":"Large Slime","floor":4,"turns":4},{"damage":45,"enemies":"3 Sentries","floor":6,"turns":9},{"damage":5,"enemies":"Exordium Thugs","floor":7,"turns":5},{"damage":1,"enemies":"Exordium Wildlife","floor":10,"turns":4},{"damage":5,"enemies":"Looter","floor":11,"turns":3},{"damage":25,"enemies":"Gremlin Gang","floor":12,"turns":4},{"damage":12,"enemies":"Gremlin Nob","floor":13,"turns":3},{"damage":12,"enemies":"3 Louse","floor":14,"turns":3},{"damage":31,"enemies":"The Guardian","floor":16,"turns":10},{"damage":31,"enemies":"Spheric Guardian","floor":18,"turns":4},{"damage":23,"enemies":"3 Byrds","floor":19,"turns":6},{"damage":15,"enemies":"Snecko","floor":21,"turns":5},{"damage":19,"enemies":"3 Cultists","floor":24,"turns":5},{"damage":88,"enemies":"Slavers","floor":27,"turns":4}],"seed_played":"-2089092866638638518","potions_obtained":[{"floor":1,"key":"SkillPotion"},{"floor":6,"key":"Fire Potion"},{"floor":11,"key":"PowerPotion"},{"floor":12,"key":"LiquidBronze"},{"floor":14,"key":"LiquidBronze"},{"floor":16,"key":"FocusPotion"},{"floor":18,"key":"SkillPotion"}],"is_trial":false,"path_per_floor":["M","M","M","M","$","E","M","?","T","M","M","M","E","M","R","B",null,"M","M","$","M","?","?","M","R","T","E"],"character_chosen":"DEFECT","items_purchased":["Finesse","Omamori","AttackPotion"],"campfire_rested":2,"item_purchase_floors":[5,20,20],"current_hp_per_floor":[75,75,74,75,75,37,39,57,57,65,60,37,27,26,50,30,81,64,54,54,51,51,51,45,82,82,0],"gold":43,"neow_bonus":"ONE_RANDOM_RARE_CARD","is_prod":false,"is_daily":false,"chose_seed":false,"campfire_upgraded":0,"win_rate":0,"timestamp":1566337564,"path_taken":["M","M","M","?","$","E","M","?","T","M","M","M","E","M","R","BOSS","M","M","$","M","?","?","?","R","T","E"],"build_version":"2019-07-17","purchased_purges":1,"victory":false,"max_hp_per_floor":[75,75,75,75,75,75,75,75,75,77,77,79,81,81,81,81,81,81,81,81,83,83,83,85,85,85,85],"card_choices":[{"not_picked":["Aggregate","Conserve Battery"],"picked":"Self Repair","floor":1},{"not_picked":["Barrage","Steam","Reinforced Body"],"picked":"SKIP","floor":2},{"not_picked":["Self Repair","Steam"],"picked":"Beam Cell","floor":3},{"not_picked":["Blizzard","Barrage"],"picked":"Beam Cell","floor":4},{"not_picked":["Chaos","Loop"],"picked":"Go for the Eyes","floor":6},{"not_picked":["Coolheaded","Compile Driver"],"picked":"Lockon","floor":7},{"not_picked":["Double Energy","Undo","Steam"],"picked":"Singing Bowl","floor":10},{"not_picked":["Go for the Eyes","Turbo"],"picked":"Consume","floor":11},{"not_picked":["Compile Driver","Coolheaded","Hologram"],"picked":"Singing Bowl","floor":12},{"not_picked":["Streamline","BootSequence","Fusion"],"picked":"Singing Bowl","floor":13},{"not_picked":["Double Energy","Coolheaded"],"picked":"Defragment","floor":14},{"not_picked":["Meteor Strike","Thunder Strike"],"picked":"Creative AI","floor":16},{"not_picked":["Steam","Blizzard"],"picked":"Leap","floor":18},{"not_picked":["Tempest","Steam"],"picked":"Conserve Battery+1","floor":19},{"not_picked":["Gash","Conserve Battery","Tempest+1"],"picked":"Singing Bowl","floor":21},{"not_picked":["Barrage","Stack","Recycle"],"picked":"Singing Bowl","floor":24}],"player_experience":168618,"relics_obtained":[{"floor":6,"key":"Du-Vu Doll"},{"floor":9,"key":"Singing Bowl"},{"floor":13,"key":"Bird Faced Urn"},{"floor":26,"key":"Matryoshka"}],"event_choices":[{"damage_healed":18,"gold_gain":0,"player_choice":"Healed","damage_taken":0,"max_hp_gain":0,"max_hp_loss":0,"event_name":"The Cleric","floor":8,"gold_loss":35},{"damage_healed":0,"gold_gain":0,"player_choice":"Smashed Altar","damage_taken":0,"max_hp_gain":0,"max_hp_loss":0,"event_name":"Forgotten Altar","floor":22,"gold_loss":0,"cards_obtained":["Decay"]},{"damage_healed":0,"gold_gain":0,"player_choice":"Rummage","damage_taken":0,"relics_obtained":["WarpedTongs"],"max_hp_gain":0,"max_hp_loss":0,"event_name":"Accursed Blacksmith","floor":23,"gold_loss":0,"cards_obtained":["Pain"]}],"is_beta":false,"boss_relics":[{"not_picked":["White Beast Statue","Philosopher\u0027s Stone"],"picked":"Eternal Feather"}],"items_purged_floors":[20],"is_endless":false,"potions_floor_spawned":[1,6,11,12,14,16,18],"killed_by":"Slavers","ascension_level":1}