{"gold_per_floor":[118,118,129,140,315,341,341,6,29,41,53,90,116,163,175,291,303,332,356,368,29,39,67,67,83,109,109,137,137,9,42,42,142,142,155,255,255,267,79,79,95,95,120,139,139,139,139,174,174,174],"floor_reached":51,"playtime":2952,"items_purged":["Doubt","Strike_G"],"score":1270,"play_id":"77dcf8ed-a6e4-4086-a18f-37ddbc8ad5d5","local_time":"20190820141456","is_ascension_mode":true,"campfire_choices":[{"data":"Bouncing Flask","floor":7,"key":"SMITH"},{"data":"Neutralize","floor":10,"key":"SMITH"},{"data":"Crippling Poison","floor":15,"key":"SMITH"},{"data":"Envenom","floor":24,"key":"SMITH"},{"data":"Glass Knife","floor":27,"key":"SMITH"},{"data":"Glass Knife","floor":29,"key":"SMITH"},{"data":"After Image","floor":32,"key":"SMITH"},{"data":"Footwork","floor":40,"key":"SMITH"},{"data":"Blade Dance","floor":42,"key":"SMITH"},{"data":"Adrenaline","floor":46,"key":"SMITH"},{"data":"Burst","floor":49,"key":"SMITH"}],"neow_cost":"NONE","seed_source_timestamp":123305648276523,"circlet_count":0,"master_deck":["Strike_G+1","Defend_G","Defend_G+1","Defend_G+1","Defend_G","Defend_G","Survivor","Neutralize+1","Leg Sweep+1","Crippling Poison+1","Bouncing Flask+1","Bane+1","Dagger Spray","Glass Knife+1","After Image+1","Blade Dance+1","Poisoned Stab","Blade Dance+1","Cloak And Dagger","Envenom+1","Backflip+1","Glass Knife+1","Crippling Poison","Adrenaline+1","Dodge and Roll+1","Terror+1","Cloak And Dagger+1","Sucker Punch+1","PiercingWail+1","Footwork+1","Blur","Backstab","Backflip+1","Secret Technique","Burst+1"],"relics":["Ring of the Snake","War Paint","Snake Skull","Paper Crane","MawBank","Dodecahedron","The Specimen","Eternal Feather","Happy Flower","Whetstone","Art of War","FossilizedHelix","Regal Pillow","Astrolabe","Tough Bandages","Lantern","Dream Catcher"],"potions_floor_usage":[6,16,18,28,50,50,50,50],"damage_taken":[{"damage":0,"enemies":"Jaw Worm","floor":1,"turns":6},{"damage":0,"enemies":"Cultist","floor":3,"turns":5},{"damage":0,"enemies":"Small Slimes","floor":4,"turns":3},{"damage":14,"enemies":"Lagavulin","floor":6,"turns":7},{"damage":10,"enemies":"Gremlin Nob","floor":12,"turns":4},{"damage":0,"enemies":"2 Fungi Beasts","floor":13,"turns":2},{"damage":7,"enemies":"Lagavulin","floor":14,"turns":6},{"damage":18,"enemies":"Slime Boss","floor":16,"turns":7},{"damage":0,"enemies":"Shell Parasite","floor":18,"turns":5},{"damage":0,"enemies":"Chosen","floor":19,"turns":4},{"damage":0,"enemies":"Centurion and Healer","floor":22,"turns":6},{"damage":10,"enemies":"Book of Stabbing","floor":23,"turns":6},{"damage":0,"enemies":"Snecko","floor":25,"turns":4},{"damage":11,"enemies":"Gremlin Leader","floor":28,"turns":5},{"damage":14,"enemies":"Book of Stabbing","floor":31,"turns":5},{"damage":0,"enemies":"Automaton","floor":33,"turns":7},{"damage":0,"enemies":"3 Darklings","floor":35,"turns":4},{"damage":15,"enemies":"Mind Bloom Boss Battle","floor":36,"turns":4},{"damage":0,"enemies":"Orb Walker","floor":38,"turns":3},{"damage":0,"enemies":"Sphere and 2 Shapes","floor":41,"turns":4},{"damage":0,"enemies":"Transient","floor":44,"turns":5},{"damage":0,"enemies":"Giant Head","floor":48,"turns":6},{"damage":0,"enemies":"Donu and Deca","floor":50,"turns":7}],"seed_played":"-6489295247364007582","potions_obtained":[{"floor":1,"key":"SteroidPotion"},{"floor":3,"key":"Fire Potion"},{"floor":13,"key":"GamblersBrew"},{"floor":14,"key":"Fire Potion"},{"floor":25,"key":"GhostInAJar"},{"floor":28,"key":"Swift Potion"},{"floor":33,"key":"EntropicBrew"}],"is_trial":false,"path_per_floor":["M","?","M","M","?","E","R","$","T","R","$","E","M","E","R","B",null,"M","M","?","$","M","E","R","M","T","R","E","R","$","E","R","B",null,"M","?","?","M","$","R","M","R","T","M","?","R","?","E","R","B",null],"character_chosen":"THE_SILENT","items_purchased":["Paper Crane","Happy Flower","Strength Potion","Blade Dance","Crippling Poison","Strength Potion","Footwork","Blur","Backstab"],"campfire_rested":0,"item_purchase_floors":[8,21,21,21,30,30,39,39,39],"current_hp_per_floor":[63,63,63,63,63,49,49,49,49,49,49,39,39,32,32,14,56,56,56,70,70,70,60,70,70,70,70,59,70,70,56,70,70,70,70,55,55,55,55,70,70,70,70,70,70,70,70,70,70,70],"gold":174,"neow_bonus":"RANDOM_COMMON_RELIC","is_prod":false,"is_daily":false,"chose_seed":false,"campfire_upgraded":11,"win_rate":1,"timestamp":1566274496,"path_taken":["M","?","M","?","?","E","R","$","T","R","$","E","M","E","R","BOSS","M","M","?","$","M","E","R","M","T","R","E","R","$","E","R","BOSS","M","?","?","?","$","R","M","R","T","M","?","R","?","E","R","BOSS"],"build_version":"2019-07-17","purchased_purges":2,"victory":true,"max_hp_per_floor":[70,70,70,70,70,70,70,70,70,70,70,70,70,70,70,70,70,70,70,70,70,70,70,70,70,70,70,70,70,70,70,70,70,70,70,70,70,70,70,70,70,70,70,70,70,70,70,70,70,70],"card_choices":[{"not_picked":["Slice","Distraction"],"picked":"Leg Sweep","floor":1},{"not_picked":["Quick Slash","Poisoned Stab"],"picked":"Crippling Poison","floor":3},{"not_picked":["Underhanded Strike","Bane"],"picked":"Bouncing Flask","floor":4},{"not_picked":["Underhanded Strike","Noxious Fumes"],"picked":"Bane","floor":6},{"not_picked":["Sucker Punch","Cloak And Dagger"],"picked":"Dagger Spray","floor":12},{"not_picked":["Caltrops","Quick Slash","Bane"],"picked":"SKIP","floor":13},{"not_picked":["Expertise","Calculated Gamble"],"picked":"Glass Knife","floor":14},{"not_picked":["Doppelganger","Venomology"],"picked":"After Image","floor":16},{"not_picked":["Terror","Underhanded Strike"],"picked":"Blade Dance+1","floor":18},{"not_picked":["Outmaneuver","Flying Knee"],"picked":"Poisoned Stab","floor":19},{"not_picked":["Deadly Poison+1","Blade Dance+1"],"picked":"Cloak And Dagger","floor":22},{"not_picked":["Poisoned Stab","Choke+1"],"picked":"Envenom","floor":23},{"not_picked":["Dodge and Roll","Dagger Spray"],"picked":"Backflip+1","floor":25},{"not_picked":["Dodge and Roll","After Image"],"picked":"Glass Knife","floor":28},{"not_picked":["All Out Attack","Choke","Crippling Poison"],"picked":"SKIP","floor":31},{"not_picked":["Grand Finale","Wraith Form v2"],"picked":"Adrenaline","floor":33},{"not_picked":["Outmaneuver","Deflect"],"picked":"Cloak And Dagger+1","floor":35},{"not_picked":["Deflect","Eviscerate"],"picked":"Sucker Punch+1","floor":36},{"not_picked":["Backflip+1","Doppelganger"],"picked":"PiercingWail+1","floor":38},{"not_picked":["Outmaneuver+1","Underhanded Strike","Sucker Punch"],"picked":"SKIP","floor":41},{"not_picked":["Sucker Punch+1","PiercingWail"],"picked":"Backflip+1","floor":44},{"not_picked":["PanicButton","Enlightenment"],"picked":"Secret Technique","floor":45},{"not_picked":["Masterful Stab","Endless Agony"],"picked":"Burst","floor":48}],"player_experience":47890,"relics_obtained":[{"floor":6,"key":"Snake Skull"},{"floor":9,"key":"MawBank"},{"floor":12,"key":"Dodecahedron"},{"floor":14,"key":"The Specimen"},{"floor":23,"key":"Whetstone"},{"floor":26,"key":"Art of War"},{"floor":28,"key":"FossilizedHelix"},{"floor":31,"key":"Regal Pillow"},{"floor":36,"key":"Tough Bandages"},{"floor":43,"key":"Lantern"},{"floor":48,"key":"Dream Catcher"}],"event_choices":[{"damage_healed":0,"gold_gain":0,"player_choice":"Forge","damage_taken":0,"max_hp_gain":0,"max_hp_loss":0,"event_name":"Accursed Blacksmith","floor":2,"gold_loss":0,"cards_upgraded":["Leg Sweep"]},{"damage_healed":0,"gold_gain":175,"player_choice":"AGREE","damage_taken":0,"max_hp_gain":0,"max_hp_loss":0,"event_name":"Liars Game","floor":5,"gold_loss":0,"cards_obtained":["Doubt"]},{"damage_healed":23,"gold_gain":0,"player_choice":"Heal","damage_taken":0,"max_hp_gain":0,"max_hp_loss":0,"event_name":"The Library","floor":20,"gold_loss":0},{"damage_healed":0,"gold_gain":0,"player_choice":"Fight","damage_taken":0,"max_hp_gain":0,"max_hp_loss":0,"event_name":"MindBloom","floor":36,"gold_loss":0},{"cards_removed":["Grand Finale"],"damage_healed":0,"gold_gain":0,"player_choice":"Card Removal","damage_taken":0,"max_hp_gain":0,"max_hp_loss":0,"event_name":"Wheel of Change","floor":37,"gold_loss":0},{"damage_healed":0,"gold_gain":0,"player_choice":"Memory 1","damage_taken":0,"max_hp_gain":0,"max_hp_loss":0,"event_name":"SensoryStone","floor":45,"gold_loss":0},{"damage_healed":0,"gold_gain":0,"player_choice":"Leave","damage_taken":0,"max_hp_gain":0,"max_hp_loss":0,"event_name":"FaceTrader","floor":47,"gold_loss":0}],"is_beta":false,"boss_relics":[{"not_picked":["Coffee Dripper","Orrery"],"picked":"Eternal Feather"},{"not_picked":["Tiny House","Fusion Hammer"],"picked":"Astrolabe"}],"items_purged_floors":[8,21],"is_endless":false,"potions_floor_spawned":[1,3,13,14,25,28,33,35,36],"ascension_level":9}