{"gold_per_floor":[363,363,408,408,421,421,439,439,439,66,66,66,110,185,185,185],"floor_reached":16,"playtime":2309,"items_purged":["Strike_R"],"score":154,"play_id":"5f3fcd60-2f53-4aad-928d-d192fafde3df","local_time":"20190826203340","is_ascension_mode":true,"campfire_choices":[{"data":"Bash","floor":6,"key":"SMITH"},{"data":"Shrug It Off","floor":8,"key":"SMITH"},{"data":"Ghostly Armor","floor":12,"key":"SMITH"},{"floor":15,"key":"REST"}],"neow_cost":"PERCENT_DAMAGE","seed_source_timestamp":97032730750800,"circlet_count":0,"master_deck":["AscendersBane","Strike_R","Strike_R","Strike_R","Strike_R","Defend_R","Defend_R+1","Defend_R","Defend_R+1","Bash+1","Shrug It Off+1","Ghostly Armor+1","Spot Weakness","Headbutt"],"relics":["Burning Blood","Golden Idol","Omamori","Orichalcum","Paper Frog","The Courier","Letter Opener","War Paint"],"potions_floor_usage":[14,16],"damage_taken":[{"damage":5,"enemies":"2 Louse","floor":1,"turns":4},{"damage":6,"enemies":"Jaw Worm","floor":5,"turns":6},{"damage":0,"enemies":"Cultist","floor":7,"turns":4},{"damage":37,"enemies":"Lagavulin","floor":13,"turns":9},{"damage":8,"enemies":"3 Sentries","floor":14,"turns":9},{"damage":51,"enemies":"Slime Boss","floor":16,"turns":8}],"seed_played":"-425550357310127941","potions_obtained":[{"floor":7,"key":"Fire Potion"},{"floor":14,"key":"Strength Potion"}],"is_trial":false,"path_per_floor":["M","?","T","?","M","R","M","R","T","$","T","R","E","?","R","B"],"character_chosen":"IRONCLAD","items_purchased":["Paper Frog","Spot Weakness"],"campfire_rested":1,"item_purchase_floors":[10,10],"current_hp_per_floor":[52,52,52,52,52,52,58,58,58,58,58,58,27,25,47,0],"gold":185,"neow_bonus":"TWO_FIFTY_GOLD","is_prod":false,"is_daily":false,"chose_seed":false,"campfire_upgraded":3,"win_rate":0,"timestamp":1566866020,"path_taken":["M","?","?","?","?","R","M","R","T","$","?","R","E","?","R","BOSS"],"build_version":"2019-07-17","purchased_purges":1,"victory":false,"max_hp_per_floor":[80,74,74,74,74,74,74,74,74,74,74,74,74,74,74,74],"card_choices":[{"not_picked":["Inflame","Sword Boomerang"],"picked":"Shrug It Off","floor":1},{"not_picked":["Perfected Strike","Armaments"],"picked":"Ghostly Armor","floor":5},{"not_picked":["Evolve","Iron Wave","Wild Strike"],"picked":"SKIP","floor":7},{"not_picked":["Blood for Blood","Iron Wave"],"picked":"Headbutt","floor":13}],"player_experience":4104548,"relics_obtained":[{"floor":3,"key":"Omamori"},{"floor":9,"key":"Orichalcum"},{"floor":11,"key":"The Courier"},{"floor":13,"key":"Letter Opener"},{"floor":14,"key":"War Paint"}],"event_choices":[{"damage_healed":0,"gold_gain":0,"player_choice":"Lose Max HP","damage_taken":0,"relics_obtained":["Golden Idol"],"max_hp_gain":0,"max_hp_loss":6,"event_name":"Golden Idol","floor":2,"gold_loss":0},{"damage_healed":0,"gold_gain":0,"player_choice":"Bought 0 Potions","damage_taken":0,"max_hp_gain":0,"max_hp_loss":0,"event_name":"The Woman in Blue","floor":4,"gold_loss":0},{"damage_healed":0,"gold_gain":0,"player_choice":"Searched \u00271\u0027 times","damage_taken":0,"max_hp_gain":0,"max_hp_loss":0,"event_name":"Dead Adventurer","floor":14,"gold_loss":0}],"is_beta":false,"boss_relics":[],"items_purged_floors":[10],"is_endless":false,"potions_floor_spawned":[7,14],"killed_by":"Slime Boss","ascension_level":12}