{"gold_per_floor":[111,111,126,45,45,45,71,71,71,71,89,14,14,34,34,34],"floor_reached":16,"playtime":1233,"items_purged":["Regret"],"score":98,"play_id":"101098ba-c472-4828-bcc3-6a937ab0307a","local_time":"20190816235450","is_ascension_mode":false,"campfire_choices":[{"data":"Evolve","floor":6,"key":"SMITH"},{"floor":8,"key":"REST"},{"data":"Bash","floor":15,"key":"SMITH"}],"neow_cost":"NONE","seed_source_timestamp":245671146567300,"circlet_count":0,"master_deck":["Strike_R","Strike_R","Strike_R","Defend_R","Defend_R","Defend_R","Defend_R","Bash+1","Evolve+1"],"relics":["Burning Blood","Blood Vial","WingedGreaves","Torii","Bottled Tornado"],"potions_floor_usage":[7,14,16],"damage_taken":[{"damage":0,"enemies":"Small Slimes","floor":1,"turns":4},{"damage":8,"enemies":"Jaw Worm","floor":3,"turns":3},{"damage":54,"enemies":"3 Sentries","floor":7,"turns":10},{"damage":3,"enemies":"2 Louse","floor":11,"turns":3},{"damage":9,"enemies":"Blue Slaver","floor":14,"turns":11},{"damage":60,"enemies":"Slime Boss","floor":16,"turns":11}],"seed_played":"-4212896785330774927","potions_obtained":[{"floor":3,"key":"Strength Potion"},{"floor":7,"key":"BloodPotion"},{"floor":11,"key":"SteroidPotion"}],"is_trial":false,"path_per_floor":["M","?","M","$","?","R","E","R","T","T","M","$","?","M","R","B"],"character_chosen":"IRONCLAD","items_purchased":["Evolve"],"campfire_rested":1,"item_purchase_floors":[4],"current_hp_per_floor":[80,80,78,78,78,78,32,56,56,56,61,61,54,73,73,15],"gold":34,"neow_bonus":"REMOVE_CARD","is_prod":false,"is_daily":false,"chose_seed":false,"campfire_upgraded":2,"win_rate":0,"timestamp":1566010490,"path_taken":["M","?","M","$","?","R","E","R","T","?","?","$","?","M","R","BOSS"],"build_version":"2019-07-17","purchased_purges":1,"victory":false,"max_hp_per_floor":[80,80,80,80,80,80,80,80,80,80,80,80,80,80,80,80],"card_choices":[{"not_picked":["Heavy Blade","Carnage","Wild Strike"],"picked":"SKIP","floor":1},{"not_picked":["Iron Wave","Heavy Blade","Wild Strike"],"picked":"SKIP","floor":3},{"not_picked":["Burning Pact","Wild Strike","Rampage"],"picked":"SKIP","floor":7},{"not_picked":["Ghostly Armor","Hemokinesis","Bludgeon"],"picked":"SKIP","floor":11},{"not_picked":["Shrug It Off","Corruption","Warcry"],"picked":"SKIP","floor":14}],"player_experience":38036,"relics_obtained":[{"floor":7,"key":"WingedGreaves"},{"floor":9,"key":"Torii"},{"floor":10,"key":"Bottled Tornado"}],"event_choices":[{"damage_healed":0,"gold_gain":0,"player_choice":"Box","damage_taken":0,"relics_obtained":["Blood Vial"],"max_hp_gain":0,"max_hp_loss":0,"event_name":"Big Fish","floor":2,"gold_loss":0,"cards_obtained":["Regret"]},{"damage_healed":0,"gold_gain":0,"player_choice":"Ignored","damage_taken":0,"max_hp_gain":0,"max_hp_loss":0,"event_name":"Liars Game","floor":5,"gold_loss":0},{"cards_removed":["Strike_R"],"damage_healed":0,"gold_gain":0,"player_choice":"Card Removal","damage_taken":7,"max_hp_gain":0,"max_hp_loss":0,"event_name":"Golden Wing","floor":13,"gold_loss":0}],"is_beta":false,"boss_relics":[],"items_purged_floors":[12],"is_endless":false,"potions_floor_spawned":[3,7,11],"killed_by":"Slime Boss","ascension_level":0}