{"gold_per_floor":[114,114,264,283,208,208,235,235,235,68,68,78,95,95],"floor_reached":14,"playtime":357,"items_purged":["Doubt"],"score":163,"play_id":"4bd094fc-88ad-4068-9805-11ea43c99d8c","local_time":"20190826114133","is_ascension_mode":true,"campfire_choices":[{"data":"Clothesline","floor":6,"key":"SMITH"},{"data":"Bash","floor":8,"key":"SMITH"}],"neow_cost":"NONE","seed_source_timestamp":371088034466900,"circlet_count":0,"master_deck":["AscendersBane","Strike_R","Strike_R","Strike_R","Defend_R","Defend_R","Defend_R","Defend_R","Bash+1","Flame Barrier","Clothesline+1","Pummel","Demon Form","Pommel Strike","Havoc"],"relics":["Burning Blood","Potion Belt","Magic Flower","Bottled Flame"],"potions_floor_usage":[],"damage_taken":[{"damage":10,"enemies":"Small Slimes","floor":1,"turns":4},{"damage":1,"enemies":"Cultist","floor":4,"turns":4},{"damage":37,"enemies":"Lagavulin","floor":7,"turns":9},{"damage":9,"enemies":"Jaw Worm","floor":12,"turns":4},{"damage":29,"enemies":"Exordium Wildlife","floor":13,"turns":7},{"damage":18,"enemies":"3 Sentries","floor":14,"turns":2}],"seed_played":"-6314275610705817517","potions_obtained":[{"floor":1,"key":"SpeedPotion"},{"floor":7,"key":"LiquidBronze"}],"is_trial":false,"path_per_floor":["M","?","?","M","$","R","E","R","T","$","?","M","M","E"],"character_chosen":"IRONCLAD","items_purchased":["Demon Form"],"campfire_rested":0,"item_purchase_floors":[10],"current_hp_per_floor":[64,64,64,69,69,69,38,38,38,38,38,38,18,0],"gold":95,"neow_bonus":"RANDOM_COMMON_RELIC","is_prod":false,"is_daily":false,"chose_seed":false,"campfire_upgraded":2,"win_rate":0,"timestamp":1566787293,"path_taken":["M","?","?","M","$","R","E","R","T","$","?","M","?","E"],"build_version":"2019-07-17","purchased_purges":1,"victory":false,"max_hp_per_floor":[75,75,75,75,75,75,75,75,75,75,75,75,75,75],"card_choices":[{"not_picked":["Rampage","Sword Boomerang"],"picked":"Flame Barrier","floor":1},{"not_picked":["Iron Wave","Searing Blow"],"picked":"Clothesline","floor":4},{"not_picked":["Flex","Cleave"],"picked":"Pummel","floor":7},{"not_picked":["Dual Wield","Heavy Blade"],"picked":"Pommel Strike","floor":12},{"not_picked":["Burning Pact","Body Slam"],"picked":"Havoc","floor":13}],"player_experience":207449,"relics_obtained":[{"floor":7,"key":"Magic Flower"},{"floor":9,"key":"Bottled Flame"}],"event_choices":[{"cards_removed":["Strike_R"],"damage_healed":0,"gold_gain":0,"player_choice":"Forget","damage_taken":0,"max_hp_gain":0,"max_hp_loss":0,"event_name":"Living Wall","floor":2,"gold_loss":0},{"damage_healed":0,"gold_gain":150,"player_choice":"AGREE","damage_taken":0,"max_hp_gain":0,"max_hp_loss":0,"event_name":"Liars Game","floor":3,"gold_loss":0,"cards_obtained":["Doubt"]},{"cards_removed":["Strike_R"],"damage_healed":0,"gold_gain":0,"player_choice":"Offered Basic","damage_taken":0,"max_hp_gain":0,"max_hp_loss":0,"event_name":"Bonfire Elementals","floor":11,"gold_loss":0}],"is_beta":false,"boss_relics":[],"items_purged_floors":[5],"is_endless":false,"potions_floor_spawned":[1,7],"killed_by":"3 Sentries","ascension_level":17}