{"gold_per_floor":[215,234,309,324,303,303,328,328,328,328,328,57,122,133,133,205,205,182,97,97,97,68,97,97,129,178,190,202,244,275,298,310,397,409,437,460,472,494,525,564,576,600,612,655,680,703,715,124,124,124,124,124,124,72,98,98],"floor_reached":56,"playtime":2820,"items_purged":[],"score":2050,"play_id":"40b56467-d5a7-440f-9ad1-0470516465a4","local_time":"20190427213352","is_ascension_mode":true,"campfire_choices":[{"floor":6.0,"key":"REST"},{"data":"Noxious Fumes","floor":8.0,"key":"SMITH"},{"data":"Neutralize","floor":15.0,"key":"SMITH"},{"data":"Crippling Poison","floor":24,"key":"SMITH"},{"floor":28,"key":"REST"},{"data":"Cloak And Dagger","floor":32,"key":"SMITH"},{"data":"Malaise","floor":41,"key":"SMITH"},{"data":"Cloak And Dagger","floor":47,"key":"SMITH"},{"floor":49,"key":"RECALL"},{"data":"Footwork","floor":53,"key":"SMITH"}],"neow_cost":"NONE","seed_source_timestamp":1116150278159918,"circlet_count":0,"master_deck":["AscendersBane","Defend_G","Defend_G","Defend_G","Defend_G","Defend_G","Survivor","Neutralize+1","Deadly Poison","Noxious Fumes+1","Footwork+1","Footwork+1","Footwork","PiercingWail","Malaise+1","Crippling Poison+1","Bite","Bite","Bite","Bite","Bite","Cloak And Dagger+1","Bouncing Flask","Backflip","Bullet Time","Backflip","Flechettes+1","Skewer","Cloak And Dagger+1","PiercingWail","Blur","Backflip","PiercingWail"],"special_seed":0,"relics":["Ring of the Snake","Sundial","Kunai","Tiny Chest","Snecko Eye","Vajra","Singing Bowl","Mercury Hourglass","MawBank","Nunchaku","StoneCalendar","Coffee Dripper","Smiling Mask","Darkstone Periapt","Blue Candle","Turnip","Bronze Scales","Anchor"],"potions_floor_usage":[23,29,33,56,56],"damage_taken":[{"damage":11.0,"enemies":"Jaw Worm","floor":1.0,"turns":7.0},{"damage":1.0,"enemies":"2 Louse","floor":2.0,"turns":3.0},{"damage":7.0,"enemies":"Small Slimes","floor":4.0,"turns":3.0},{"damage":7.0,"enemies":"Exordium Thugs","floor":5.0,"turns":4.0},{"damage":18.0,"enemies":"Lagavulin","floor":7.0,"turns":7.0},{"damage":20.0,"enemies":"3 Sentries","floor":13.0,"turns":8.0},{"damage":13.0,"enemies":"3 Louse","floor":14.0,"turns":6.0},{"damage":0.0,"enemies":"Hexaghost","floor":16.0,"turns":9.0},{"damage":34,"enemies":"2 Thieves","floor":18,"turns":4},{"damage":13,"enemies":"Book of Stabbing","floor":23,"turns":9},{"damage":42,"enemies":"Slavers","floor":25,"turns":6},{"damage":18,"enemies":"Gremlin Leader","floor":29,"turns":6},{"damage":0,"enemies":"3 Byrds","floor":30,"turns":3},{"damage":9,"enemies":"Snake Plant","floor":31,"turns":4},{"damage":18,"enemies":"Automaton","floor":33,"turns":12},{"damage":2,"enemies":"3 Darklings","floor":35,"turns":4},{"damage":0,"enemies":"3 Shapes","floor":36,"turns":4},{"damage":25,"enemies":"Maw","floor":38,"turns":8},{"damage":6,"enemies":"4 Shapes","floor":39,"turns":5},{"damage":40,"enemies":"Nemesis","floor":40,"turns":11},{"damage":2,"enemies":"Transient","floor":42,"turns":6},{"damage":25,"enemies":"Giant Head","floor":44,"turns":8},{"damage":14,"enemies":"Spire Growth","floor":45,"turns":6},{"damage":7,"enemies":"Writhing Mass","floor":46,"turns":7},{"damage":39,"enemies":"Time Eater","floor":50,"turns":15},{"damage":11,"enemies":"Donu and Deca","floor":51,"turns":10},{"damage":53,"enemies":"Shield and Spear","floor":55,"turns":7},{"damage":40,"enemies":"The Heart","floor":56,"turns":2}],"seed_played":"296999398287355503","potions_obtained":[{"floor":5.0,"key":"PowerPotion"},{"floor":7.0,"key":"Weak Potion"},{"floor":14.0,"key":"SteroidPotion"},{"floor":23,"key":"Ancient Potion"},{"floor":30,"key":"PowerPotion"},{"floor":33,"key":"Explosive Potion"}],"is_trial":false,"path_per_floor":["M","M","?","M","M","R","E","R","T","?","?","$","E","M","R","B",null,"M","?","?","?","$","E","R","E","T","T","R","E","M","M","R","B",null,"M","M","?","M","M","E","R","M","T","E","M","M","R","$","R","B","B",null,"R","$","E","B"],"character_chosen":"THE_SILENT","items_purchased":["Kunai","Cloak And Dagger","Turnip","Bronze Scales","Backflip","SpeedPotion","PiercingWail"],"campfire_rested":2,"item_purchase_floors":[12,22,48,48,48,48,54],"current_hp_per_floor":[48,47,36,29,22,41,23,23,23,45,45,45,25,12,12,12,53,19,19,32,32,32,39,39,13,13,13,28,26,34,33,33,41,49,52,52,52,37,43,25,25,37,37,36,32,31,31,31,31,12,19,48,48,48,9,0],"gold":98,"neow_bonus":"HUNDRED_GOLD","is_prod":false,"is_daily":false,"chose_seed":false,"campfire_upgraded":7,"win_rate":0,"timestamp":1556411632,"path_taken":["M","M","?","M","M","R","E","R","T","?","?","$","E","M","R","BOSS","M","?","?","?","$","E","R","E","T","?","R","E","M","M","R","BOSS","M","?","?","M","M","E","R","M","T","E","M","M","R","$","R","BOSS","BOSS","R","$","E","BOSS"],"build_version":"2019-01-23","purchased_purges":0,"victory":false,"max_hp_per_floor":[66,66,66,66,66,66,66,66,66,66,66,66,66,66,66,66,66,66,66,66,46,46,48,48,50,50,50,50,52,52,52,52,52,52,52,52,52,52,54,56,56,56,56,56,58,58,58,58,58,58,58,58,58,58,60,60],"card_choices":[{"not_picked":["Blade Dance","PiercingWail"],"picked":"Deadly Poison","floor":1.0},{"not_picked":["Slice","Phantasmal Killer"],"picked":"Noxious Fumes","floor":2.0},{"not_picked":["Cloak And Dagger","Heel Hook"],"picked":"Poisoned Stab","floor":4.0},{"not_picked":["Flying Knee","Calculated Gamble"],"picked":"Footwork","floor":5.0},{"not_picked":["Terror","Prepared"],"picked":"Footwork","floor":7.0},{"not_picked":["Slice","Dagger Throw"],"picked":"Footwork","floor":13.0},{"not_picked":["Finisher","Prepared"],"picked":"PiercingWail","floor":14.0},{"not_picked":["Bullet Time","Tools of the Trade"],"picked":"Malaise","floor":16.0},{"not_picked":["Outmaneuver","Acrobatics"],"picked":"Crippling Poison","floor":18},{"not_picked":["Bane+1","Riddle With Holes","Outmaneuver"],"picked":"Singing Bowl","floor":23},{"not_picked":["Sucker Punch","Deadly Poison","Caltrops"],"picked":"Singing Bowl","floor":25},{"not_picked":["Heel Hook","Deadly Poison","Unload"],"picked":"Singing Bowl","floor":29},{"not_picked":["Backflip","Underhanded Strike"],"picked":"Bouncing Flask","floor":30},{"not_picked":["Cloak And Dagger","Acrobatics"],"picked":"Backflip","floor":31},{"not_picked":["Die Die Die","Envenom"],"picked":"Bullet Time","floor":33},{"not_picked":["Quick Slash","Slice"],"picked":"Backflip","floor":35},{"not_picked":["Bane","Choke+1"],"picked":"Flechettes+1","floor":36},{"not_picked":["Flying Knee","Dagger Throw"],"picked":"Skewer","floor":38},{"not_picked":["Bane+1","Infinite Blades","Escape Plan"],"picked":"Singing Bowl","floor":39},{"not_picked":["Escape Plan","Masterful Stab","Prepared"],"picked":"Singing Bowl","floor":40},{"not_picked":["Flechettes","Bane+1"],"picked":"Cloak And Dagger","floor":42},{"not_picked":["Prepared","Sucker Punch+1"],"picked":"PiercingWail","floor":44},{"not_picked":["Sucker Punch","Prepared","Tactician"],"picked":"Singing Bowl","floor":45},{"not_picked":["Venomology","PiercingWail+1"],"picked":"Blur","floor":46},{"not_picked":["Caltrops","Heel Hook","Dagger Throw"],"picked":"Singing Bowl","floor":55}],"player_experience":2209339,"relics_obtained":[{"floor":7.0,"key":"Sundial"},{"floor":13.0,"key":"Tiny Chest"},{"floor":23,"key":"Singing Bowl"},{"floor":25,"key":"Mercury Hourglass"},{"floor":26,"key":"MawBank"},{"floor":27,"key":"Nunchaku"},{"floor":29,"key":"StoneCalendar"},{"floor":40,"key":"Smiling Mask"},{"floor":43,"key":"Darkstone Periapt"},{"floor":44,"key":"Blue Candle"},{"floor":55,"key":"Anchor"}],"event_choices":[{"damage_healed":0.0,"max_hp_gain":0.0,"max_hp_loss":0.0,"gold_gain":75.0,"event_name":"World of Goop","player_choice":"Gather Gold","floor":3.0,"gold_loss":0.0,"damage_taken":11.0},{"damage_healed":22.0,"max_hp_gain":0.0,"max_hp_loss":0.0,"gold_gain":0.0,"event_name":"Big Fish","player_choice":"Banana","floor":10.0,"gold_loss":0.0,"damage_taken":0.0},{"damage_healed":0.0,"max_hp_gain":0.0,"max_hp_loss":0.0,"gold_gain":0.0,"event_name":"Living Wall","player_choice":"Grow","floor":11.0,"gold_loss":0.0,"damage_taken":0.0,"cards_upgraded":["Footwork"]},{"damage_healed":0,"gold_gain":0,"player_choice":"Obtained Relic","damage_taken":0,"relics_obtained":["Vajra"],"max_hp_gain":0,"max_hp_loss":0,"event_name":"Addict","floor":19,"gold_loss":85},{"damage_healed":13,"gold_gain":0,"player_choice":"Heal","damage_taken":0,"max_hp_gain":0,"max_hp_loss":0,"event_name":"The Library","floor":20,"gold_loss":0},{"damage_healed":0,"gold_gain":0,"player_choice":"Became a vampire","damage_taken":0,"max_hp_gain":0,"max_hp_loss":20,"event_name":"Vampires","floor":21,"gold_loss":0,"cards_obtained":["Bite","Bite","Bite","Bite","Bite"]},{"cards_removed":["Poisoned Stab"],"damage_healed":0,"gold_gain":0,"player_choice":"Removed Attack","damage_taken":0,"max_hp_gain":0,"max_hp_loss":0,"event_name":"Falling","floor":37,"gold_loss":0}],"is_beta":false,"boss_relics":[{"not_picked":["Astrolabe","Ring of the Serpent"],"picked":"Snecko Eye"},{"not_picked":["Runic Dome","Velvet Choker"],"picked":"Coffee Dripper"}],"items_purged_floors":[],"is_endless":false,"potions_floor_spawned":[5,7,14,23,30,33,35,38,39,45],"killed_by":"The Heart","ascension_level":20}