{"gold_per_floor":[121,46,64,82,97,97,113,143,143,143,75,75,102,120,120,196,196,210,223,68,68,68,96,96,128,154,186,203,223,18,18,18,95,95,114,127,15,15,15,47,47,78,103,118,130,158,158,177,177,177,177],"floor_reached":51,"playtime":8246,"items_purged":["Strike_G","Writhe"],"score":1660,"play_id":"3f56ca08-7b3c-46de-9295-0e3c35c53573","local_time":"20190515200514","is_ascension_mode":true,"campfire_choices":[{"data":"Glass Knife","floor":6.0,"key":"SMITH"},{"data":"Noxious Fumes","floor":10.0,"key":"SMITH"},{"floor":12.0,"key":"REST"},{"floor":15.0,"key":"REST"},{"data":"Dagger Spray","floor":24.0,"key":"SMITH"},{"data":"Leg Sweep","floor":32.0,"key":"SMITH"},{"data":"Bouncing Flask","floor":41.0,"key":"SMITH"},{"data":"Footwork","floor":47.0,"key":"SMITH"},{"floor":49.0,"key":"REST"}],"neow_cost":"NONE","seed_source_timestamp":0,"circlet_count":0,"master_deck":["AscendersBane","Defend_G","Defend_G","Defend_G","Defend_G","Defend_G","Strike_G","Strike_G","Strike_G","Survivor","Neutralize","Dagger Spray+1","Glass Knife+1","Crippling Poison","Noxious Fumes+1","Leg Sweep+1","Burst","Bouncing Flask+1","Backflip","Die Die Die","Predator+1","Dodge and Roll","Footwork+1","Malaise","Catalyst","Acrobatics+1","Deflect","Decay","Adrenaline","Backflip","PiercingWail","Regret","Well Laid Plans+1","Corpse Explosion","Pain","PiercingWail"],"special_seed":0,"relics":["Ring of the Snake","MawBank","Oddly Smooth Stone","Paper Crane","Darkstone Periapt","Busted Crown","Shuriken","Vajra","Sundial","Snake Skull","Meat on the Bone","Cursed Key","Boot","Blood Vial","The Specimen","Strawberry","Kunai"],"potions_floor_usage":[51],"damage_taken":[{"damage":2.0,"enemies":"Cultist","floor":1.0,"turns":5.0},{"damage":3.0,"enemies":"Small Slimes","floor":3.0,"turns":4.0},{"damage":0.0,"enemies":"2 Louse","floor":4.0,"turns":2.0},{"damage":0.0,"enemies":"Exordium Thugs","floor":5.0,"turns":4.0},{"damage":0.0,"enemies":"Exordium Wildlife","floor":7.0,"turns":5.0},{"damage":37.0,"enemies":"Gremlin Nob","floor":8.0,"turns":5.0},{"damage":11.0,"enemies":"Lagavulin","floor":13.0,"turns":6.0},{"damage":24.0,"enemies":"Gremlin Gang","floor":14.0,"turns":4.0},{"damage":9.0,"enemies":"The Guardian","floor":16.0,"turns":10.0},{"damage":4.0,"enemies":"Shell Parasite","floor":18.0,"turns":5.0},{"damage":3.0,"enemies":"Spheric Guardian","floor":19.0,"turns":4.0},{"damage":6.0,"enemies":"Book of Stabbing","floor":23.0,"turns":7.0},{"damage":0.0,"enemies":"Gremlin Leader","floor":25.0,"turns":8.0},{"damage":35.0,"enemies":"Slavers","floor":27.0,"turns":5.0},{"damage":3.0,"enemies":"Shelled Parasite and Fungi","floor":28.0,"turns":8.0},{"damage":1.0,"enemies":"Centurion and Healer","floor":29.0,"turns":5.0},{"damage":24.0,"enemies":"Automaton","floor":33.0,"turns":9.0},{"damage":0.0,"enemies":"Orb Walker","floor":35.0,"turns":3.0},{"damage":22.0,"enemies":"3 Darklings","floor":36.0,"turns":3.0},{"damage":3.0,"enemies":"Reptomancer","floor":40.0,"turns":6.0},{"damage":21.0,"enemies":"Giant Head","floor":42.0,"turns":9.0},{"damage":13.0,"enemies":"Jaw Worm Horde","floor":44.0,"turns":3.0},{"damage":28.0,"enemies":"Spire Growth","floor":45.0,"turns":5.0},{"damage":19.0,"enemies":"Reptomancer","floor":46.0,"turns":5.0},{"damage":12.0,"enemies":"Maw","floor":48.0,"turns":6.0},{"damage":51.0,"enemies":"Time Eater","floor":50.0,"turns":18.0},{"damage":30,"enemies":"Donu and Deca","floor":51,"turns":8}],"seed_played":"5601700132940322497","potions_obtained":[{"floor":1.0,"key":"Swift Potion"},{"floor":3.0,"key":"SkillPotion"},{"floor":5.0,"key":"Swift Potion"},{"floor":8.0,"key":"Explosive Potion"},{"floor":16.0,"key":"Strength Potion"},{"floor":18.0,"key":"Swift Potion"},{"floor":29.0,"key":"LiquidBronze"},{"floor":40.0,"key":"Energy Potion"},{"floor":44.0,"key":"Weak Potion"},{"floor":46.0,"key":"Strength Potion"},{"floor":48.0,"key":"GhostInAJar"}],"is_trial":false,"path_per_floor":["M","$","M","M","M","R","M","E","T","R","?","R","E","M","R","B",null,"M","M","$","?","?","E","R","E","T","E","M","M","$","?","R","B",null,"M","M","$","?","T","E","R","E","T","M","M","E","R","M","R","B","B"],"character_chosen":"THE_SILENT","items_purchased":["Glass Knife","Footwork","Deflect","Strength Potion","PiercingWail","PowerPotion"],"campfire_rested":3,"item_purchase_floors":[2,20,30,30,37,37],"current_hp_per_floor":[57,57,54,54,54,54,54,17,17,17,17,36,25,1,20,11,52,48,45,45,51,51,45,45,45,45,10,19,30,30,36,36,24,65,65,43,43,43,49,46,46,39,52,53,39,34,34,36,65,28,0],"gold":177,"neow_bonus":"RANDOM_COMMON_RELIC","is_prod":false,"is_daily":false,"chose_seed":false,"campfire_upgraded":6,"win_rate":0,"timestamp":1557975914,"path_taken":["M","$","?","M","M","R","M","E","T","R","?","R","E","M","R","BOSS","M","M","$","?","?","E","R","E","T","E","M","?","$","?","R","BOSS","M","M","$","?","?","E","R","E","T","M","M","E","R","?","R","BOSS","BOSS"],"build_version":"2019-01-23","purchased_purges":2,"victory":false,"max_hp_per_floor":[66,66,66,66,66,66,66,66,66,66,66,66,66,66,66,66,66,66,66,66,72,72,72,72,72,72,72,72,72,72,78,78,78,78,78,78,78,78,84,84,84,84,97,97,97,97,97,97,97,97,97],"card_choices":[{"not_picked":["Infinite Blades","Masterful Stab"],"picked":"Dagger Spray","floor":1.0},{"not_picked":["Acrobatics","Sucker Punch"],"picked":"Crippling Poison","floor":3.0},{"not_picked":["Deflect","Flechettes"],"picked":"Noxious Fumes","floor":4.0},{"not_picked":["Prepared","Flying Knee","Blade Dance"],"picked":"SKIP","floor":5.0},{"not_picked":["Setup","Sucker Punch"],"picked":"Leg Sweep","floor":7.0},{"not_picked":["Blade Dance","Outmaneuver"],"picked":"Burst","floor":8.0},{"not_picked":["Poisoned Stab","Skewer"],"picked":"Bouncing Flask","floor":13.0},{"not_picked":["Dagger Spray","Blade Dance"],"picked":"Backflip","floor":14.0},{"not_picked":["A Thousand Cuts","Tools of the Trade"],"picked":"Die Die Die","floor":16.0},{"not_picked":[],"picked":"Predator+1","floor":18.0},{"not_picked":[],"picked":"Dodge and Roll","floor":19.0},{"not_picked":["Sucker Punch"],"picked":"SKIP","floor":23.0},{"not_picked":["Predator"],"picked":"SKIP","floor":25.0},{"not_picked":["Sucker Punch"],"picked":"SKIP","floor":27.0},{"not_picked":[],"picked":"Catalyst","floor":28.0},{"not_picked":[],"picked":"Acrobatics+1","floor":29.0},{"not_picked":[],"picked":"Adrenaline","floor":33.0},{"not_picked":[],"picked":"Backflip","floor":35.0},{"not_picked":["Flying Knee"],"picked":"SKIP","floor":36.0},{"not_picked":[],"picked":"Well Laid Plans+1","floor":40.0},{"not_picked":[],"picked":"Corpse Explosion","floor":42.0},{"not_picked":["Eviscerate"],"picked":"SKIP","floor":44.0},{"not_picked":["Prepared+1"],"picked":"SKIP","floor":45.0},{"not_picked":[],"picked":"PiercingWail","floor":46.0},{"not_picked":["Deflect"],"picked":"SKIP","floor":48.0}],"player_experience":1312190,"relics_obtained":[{"floor":8.0,"key":"Oddly Smooth Stone"},{"floor":9.0,"key":"Paper Crane"},{"floor":13.0,"key":"Darkstone Periapt"},{"floor":23.0,"key":"Vajra"},{"floor":25.0,"key":"Sundial"},{"floor":26.0,"key":"Snake Skull"},{"floor":27.0,"key":"Meat on the Bone"},{"floor":39.0,"key":"Boot"},{"floor":40.0,"key":"Blood Vial"},{"floor":42.0,"key":"The Specimen"},{"floor":43.0,"key":"Strawberry"},{"floor":46.0,"key":"Kunai"}],"event_choices":[{"damage_healed":0.0,"max_hp_gain":0.0,"max_hp_loss":0.0,"gold_gain":0.0,"event_name":"World of Goop","player_choice":"Left Gold","floor":11.0,"gold_loss":68.0,"damage_taken":0.0},{"damage_healed":0.0,"max_hp_gain":0.0,"max_hp_loss":0.0,"gold_gain":0.0,"event_name":"The Mausoleum","player_choice":"Opened","floor":21.0,"gold_loss":0.0,"damage_taken":0.0,"relics_obtained":["Shuriken"],"cards_obtained":["Writhe"]},{"damage_healed":0.0,"max_hp_gain":0.0,"max_hp_loss":0.0,"gold_gain":0.0,"cards_transformed":["Strike_G"],"event_name":"Transmorgrifier","player_choice":"Transformed","floor":22.0,"gold_loss":0.0,"damage_taken":0.0,"cards_obtained":["Malaise"]},{"damage_healed":0.0,"max_hp_gain":0.0,"max_hp_loss":0.0,"gold_gain":0.0,"event_name":"Forgotten Altar","player_choice":"Smashed Altar","floor":31.0,"gold_loss":0.0,"damage_taken":0.0,"cards_obtained":["Decay"]},{"damage_healed":0.0,"max_hp_gain":0.0,"max_hp_loss":0.0,"gold_gain":0.0,"event_name":"Mysterious Sphere","player_choice":"Ignored","floor":38.0,"gold_loss":0.0,"damage_taken":0.0}],"is_beta":false,"boss_relics":[{"not_picked":["Sozu","Tiny House"],"picked":"Busted Crown"},{"not_picked":["Orrery","Pandora\u0027s Box"],"picked":"Cursed Key"}],"items_purged_floors":[20,30],"is_endless":false,"potions_floor_spawned":[1,3,5,8,16,18,29,40,44,46,48],"killed_by":"Donu and Deca","ascension_level":20}