{"gold_per_floor":[114,124,41,60,79,105,105,131,131,131,160,160,18,38,38,136,136,146,71,91,107,7,7,7],"floor_reached":24,"playtime":2773,"items_purged":["Strike_R","Strike_R"],"score":227,"play_id":"fdafe21b-e90c-4666-8a54-1a66c8d0f6bf","local_time":"20190418223827","is_ascension_mode":true,"campfire_choices":[{"data":"Body Slam","floor":7,"key":"SMITH"},{"floor":10,"key":"REST"},{"floor":12,"key":"REST"},{"data":"Armaments","floor":15,"key":"SMITH"},{"data":"True Grit","floor":23,"key":"SMITH"}],"neow_cost":"NONE","seed_source_timestamp":530150928156790,"circlet_count":0,"master_deck":["Strike_R","Strike_R","Defend_R","Defend_R","Defend_R","Defend_R","Bash","Armaments+1","Body Slam+1","Shrug It Off","PanicButton","True Grit+1","True Grit","Inflame","PanicButton","Shrug It Off","Berserk","Flame Barrier+1","Shrug It Off"],"relics":["Burning Blood","Anchor","Unceasing Top","Champion Belt","Gremlin Horn","Mark of Pain"],"potions_floor_usage":[5,6,6,6,16],"damage_taken":[{"damage":5,"enemies":"Small Slimes","floor":1,"turns":3},{"damage":3,"enemies":"2 Louse","floor":2,"turns":3},{"damage":4,"enemies":"Cultist","floor":4,"turns":4},{"damage":9,"enemies":"Looter","floor":5,"turns":4},{"damage":14,"enemies":"3 Sentries","floor":6,"turns":11},{"damage":42,"enemies":"Lagavulin","floor":8,"turns":8},{"damage":22,"enemies":"3 Sentries","floor":11,"turns":9},{"damage":0,"enemies":"Blue Slaver","floor":14,"turns":4},{"damage":18,"enemies":"Slime Boss","floor":16,"turns":5},{"damage":0,"enemies":"Spheric Guardian","floor":18,"turns":1},{"damage":0,"enemies":"Chosen","floor":20,"turns":2},{"damage":5,"enemies":"Centurion and Healer","floor":21,"turns":5},{"damage":88,"enemies":"Slavers","floor":24,"turns":8}],"seed_played":"6997677383414862007","potions_obtained":[{"floor":4,"key":"EntropicBrew"},{"floor":5,"key":"SteroidPotion"},{"floor":8,"key":"SteroidPotion"}],"is_trial":false,"path_per_floor":["M","M","$","M","M","E","R","E","T","R","E","R","$","M","R","B",null,"M","$","M","M","$","R","E"],"character_chosen":"IRONCLAD","items_purchased":["PanicButton","PanicButton","Shrug It Off"],"campfire_rested":2,"item_purchase_floors":[3,13,13],"current_hp_per_floor":[80,80,80,80,77,69,69,33,33,57,41,65,65,71,71,59,80,80,80,80,80,80,80,0],"gold":7,"neow_bonus":"TRANSFORM_CARD","is_prod":false,"is_daily":false,"chose_seed":false,"campfire_upgraded":3,"win_rate":0,"timestamp":1555645107,"path_taken":["M","M","$","M","M","E","R","E","T","R","E","R","$","M","R","BOSS","M","$","M","M","$","R","E"],"build_version":"2019-01-23","purchased_purges":2,"victory":false,"max_hp_per_floor":[80,80,80,80,80,80,80,80,80,80,80,80,80,80,80,80,80,80,80,80,80,80,80,80],"card_choices":[{"not_picked":["Flex","Evolve"],"picked":"Body Slam","floor":1},{"not_picked":["Warcry","Whirlwind"],"picked":"Shrug It Off","floor":2},{"not_picked":["Cleave","Clash"],"picked":"True Grit","floor":4},{"not_picked":["Clash","Shockwave"],"picked":"True Grit","floor":5},{"not_picked":["Wild Strike","Hemokinesis"],"picked":"Inflame","floor":6},{"not_picked":["Iron Wave","Anger","Havoc"],"picked":"SKIP","floor":8},{"not_picked":["Pommel Strike","Infernal Blade","Cleave"],"picked":"SKIP","floor":11},{"not_picked":["Havoc","Hemokinesis","Blood for Blood"],"picked":"SKIP","floor":14},{"not_picked":["Bludgeon","Reaper"],"picked":"Berserk","floor":16},{"not_picked":["Warcry+1","Havoc"],"picked":"Flame Barrier+1","floor":18},{"not_picked":["Hemokinesis","Twin Strike+1"],"picked":"Shrug It Off","floor":20},{"not_picked":["Iron Wave","Power Through","Clothesline"],"picked":"SKIP","floor":21}],"player_experience":234000,"relics_obtained":[{"floor":6,"key":"Anchor"},{"floor":8,"key":"Unceasing Top"},{"floor":9,"key":"Champion Belt"},{"floor":11,"key":"Gremlin Horn"}],"event_choices":[],"is_beta":false,"boss_relics":[{"not_picked":["Fusion Hammer","Coffee Dripper"],"picked":"Mark of Pain"}],"items_purged_floors":[19,22],"is_endless":false,"potions_floor_spawned":[4,5,8],"killed_by":"Slavers","ascension_level":1}