{"gold_per_floor":[113,133,133,148,148,148,181,181,181,221,240,240,240,258,258,381,381,394,319,444,370,81,114,137,177,177,220,220,238,277,291,291,410,410,423,442,5,26,45,86,110,153,176,227,257,0,12,38,50,62],"floor_reached":51,"playtime":2877,"items_purged":["Writhe"],"score":1048,"play_id":"b0a0ed3d-4076-4132-becf-cc5e0c277080","local_time":"20190518015425","is_ascension_mode":true,"campfire_choices":[{"data":"Armaments","floor":6,"key":"SMITH"},{"data":"Shockwave","floor":8,"key":"SMITH"},{"data":"Juggernaut","floor":13,"key":"SMITH"},{"data":"Bash","floor":15,"key":"SMITH"},{"data":"Inflame","floor":28,"key":"SMITH"},{"data":"Clothesline","floor":32,"key":"SMITH"},{"data":"Pommel Strike","floor":49,"key":"SMITH"}],"neow_cost":"NONE","seed_source_timestamp":75813766416700,"circlet_count":0,"master_deck":["Strike_R","Strike_R","Strike_R","Strike_R","Strike_R","Defend_R","Defend_R","Defend_R","Bash+1","Perfected Strike+1","Anger","Armaments+1","Shockwave+1","Juggernaut+1","Offering","Clothesline+1","Headbutt","Pommel Strike+1","Inflame+1","Battle Trance","Panacea","Rage+1","True Grit+1","Headbutt+1","Ghostly Armor+1","Dual Wield+1","Spot Weakness+1","Shrug It Off+1","Limit Break+1","Shrug It Off+1","Disarm+1","Blind+1","Metallicize","Pommel Strike+1","Flex+1","Feel No Pain+1","Iron Wave+1","Dual Wield+1","Shame","Shrug It Off+1","Dual Wield+1","Normality","Flame Barrier+1"],"relics":["Burning Blood","Golden Idol","Pantograph","Mercury Hourglass","Question Card","PreservedInsect","Cursed Key","Pocketwatch","Self Forming Clay","Bottled Flame","Boot","Toxic Egg 2","Darkstone Periapt","Kunai","Coffee Dripper","ClockworkSouvenir","Regal Pillow","Mummified Hand","MawBank","Singing Bowl","Red Mask","Bottled Lightning"],"potions_floor_usage":[7,16,18,18,18,23,27,33,36,39,45,50,50],"damage_taken":[{"damage":5,"enemies":"Small Slimes","floor":1,"turns":3},{"damage":1,"enemies":"2 Louse","floor":2,"turns":3},{"damage":1,"enemies":"Jaw Worm","floor":4,"turns":3},{"damage":0,"enemies":"Gremlin Nob","floor":7,"turns":2},{"damage":13,"enemies":"Lagavulin","floor":10,"turns":6},{"damage":1,"enemies":"3 Louse","floor":11,"turns":2},{"damage":11,"enemies":"Exordium Wildlife","floor":14,"turns":3},{"damage":17,"enemies":"The Guardian","floor":16,"turns":11},{"damage":10,"enemies":"2 Thieves","floor":18,"turns":3},{"damage":21,"enemies":"Colosseum Slavers","floor":20,"turns":4},{"damage":14,"enemies":"Colosseum Nobs","floor":20,"turns":4},{"damage":10,"enemies":"Book of Stabbing","floor":23,"turns":3},{"damage":1,"enemies":"Chosen","floor":24,"turns":3},{"damage":0,"enemies":"Gremlin Leader","floor":25,"turns":5},{"damage":16,"enemies":"Slavers","floor":27,"turns":3},{"damage":9,"enemies":"3 Cultists","floor":29,"turns":3},{"damage":11,"enemies":"Book of Stabbing","floor":30,"turns":4},{"damage":0,"enemies":"Centurion and Healer","floor":31,"turns":5},{"damage":6,"enemies":"Champ","floor":33,"turns":8},{"damage":6,"enemies":"3 Shapes","floor":35,"turns":2},{"damage":12,"enemies":"3 Darklings","floor":36,"turns":4},{"damage":0,"enemies":"Transient","floor":38,"turns":5},{"damage":12,"enemies":"Spire Growth","floor":39,"turns":4},{"damage":6,"enemies":"Reptomancer","floor":40,"turns":3},{"damage":5,"enemies":"4 Shapes","floor":41,"turns":5},{"damage":25,"enemies":"Giant Head","floor":42,"turns":6},{"damage":0,"enemies":"Reptomancer","floor":44,"turns":6},{"damage":0,"enemies":"Writhing Mass","floor":45,"turns":6},{"damage":0,"enemies":"Jaw Worm Horde","floor":48,"turns":4},{"damage":33,"enemies":"Time Eater","floor":50,"turns":11}],"seed_played":"5301574569815247183","potions_obtained":[{"floor":0,"key":"Energy Potion"},{"floor":0,"key":"FearPotion"},{"floor":0,"key":"Explosive Potion"},{"floor":11,"key":"FearPotion"},{"floor":16,"key":"Energy Potion"},{"floor":24,"key":"FearPotion"},{"floor":25,"key":"GamblersBrew"},{"floor":29,"key":"Block Potion"},{"floor":36,"key":"Block Potion"},{"floor":40,"key":"Weak Potion"},{"floor":41,"key":"Dexterity Potion"},{"floor":45,"key":"Fire Potion"}],"is_trial":false,"path_per_floor":["M","M","?","M","?","R","E","R","T","E","M","?","R","M","R","B",null,"M","?","?","$","$","E","M","E","T","E","R","M","E","M","R","B",null,"M","M","$","M","M","E","M","E","T","E","M","?","T","M","R","B",null],"character_chosen":"IRONCLAD","items_purchased":["Pommel Strike","FearPotion","Inflame","Battle Trance","SpeedPotion","Panacea","ClockworkSouvenir","Blind+1","Metallicize"],"campfire_rested":0,"item_purchase_floors":[21,21,22,22,22,22,37,37,37],"current_hp_per_floor":[80,80,60,65,65,65,71,71,71,64,69,51,51,46,46,60,80,76,76,53,53,53,49,54,60,60,50,50,47,42,48,48,73,80,80,74,74,80,74,74,75,56,62,68,74,74,80,86,86,65],"gold":74,"neow_bonus":"THREE_SMALL_POTIONS","is_prod":false,"is_daily":false,"chose_seed":false,"campfire_upgraded":7,"win_rate":1,"timestamp":1558169665,"path_taken":["M","M","?","M","?","R","E","R","T","E","M","?","R","M","R","BOSS","M","?","?","?","$","E","M","E","T","E","R","M","E","M","R","BOSS","M","M","$","M","M","E","M","E","T","E","M","?","?","M","R","BOSS"],"build_version":"2019-01-23","purchased_purges":1,"victory":true,"max_hp_per_floor":[80,80,80,80,80,80,80,80,80,80,80,80,80,80,80,80,80,80,80,80,80,80,80,80,80,80,80,80,80,80,80,80,80,80,80,80,80,80,80,80,80,80,86,86,86,86,92,92,92,92],"card_choices":[{"not_picked":["Shockwave","Wild Strike"],"picked":"Perfected Strike","floor":1},{"not_picked":["Dropkick","Flame Barrier"],"picked":"Anger","floor":2},{"not_picked":["Thunderclap","Iron Wave"],"picked":"Armaments","floor":4},{"not_picked":["Carnage","Sword Boomerang"],"picked":"Shockwave","floor":7},{"not_picked":["Entrench","Sword Boomerang","Armaments"],"picked":"SKIP","floor":10},{"not_picked":["Body Slam","Armaments","Shrug It Off"],"picked":"Juggernaut","floor":11},{"not_picked":["Dropkick","Combust","Sever Soul","Heavy Blade"],"picked":"SKIP","floor":14},{"not_picked":["Dark Embrace","Bludgeon","Barricade"],"picked":"Offering","floor":16},{"not_picked":["Sentinel","Evolve","Armaments+1"],"picked":"Clothesline","floor":18},{"not_picked":["Body Slam","Uppercut","Havoc+1"],"picked":"Headbutt","floor":20},{"not_picked":["Clothesline+1","Thunderclap","Body Slam"],"picked":"Rage+1","floor":23},{"not_picked":["Pommel Strike","Clothesline+1","Searing Blow"],"picked":"True Grit+1","floor":24},{"not_picked":["Blood for Blood","Havoc","Pommel Strike+1"],"picked":"Headbutt+1","floor":25},{"not_picked":["Uppercut","Brutality","Dropkick+1"],"picked":"Ghostly Armor+1","floor":27},{"not_picked":["Wild Strike","Clash","Shrug It Off+1"],"picked":"Dual Wield+1","floor":29},{"not_picked":["Rage+1","Flex+1","True Grit+1"],"picked":"Spot Weakness+1","floor":30},{"not_picked":["Rage+1","Anger","Heavy Blade"],"picked":"Shrug It Off+1","floor":31},{"not_picked":["Bludgeon","Fiend Fire","Demon Form"],"picked":"Limit Break+1","floor":33},{"not_picked":["Hemokinesis","Bloodletting+1","Sword Boomerang"],"picked":"Shrug It Off+1","floor":35},{"not_picked":["Perfected Strike","Flame Barrier+1","True Grit+1"],"picked":"Disarm+1","floor":36},{"not_picked":["Flex+1","Twin Strike","Burning Pact+1"],"picked":"Pommel Strike+1","floor":38},{"not_picked":["Perfected Strike","Pommel Strike","Heavy Blade+1"],"picked":"Flex+1","floor":39},{"not_picked":["Wild Strike+1","Heavy Blade+1","Metallicize"],"picked":"Feel No Pain+1","floor":40},{"not_picked":["Twin Strike","Flex+1","Juggernaut"],"picked":"Iron Wave+1","floor":41},{"not_picked":["Entrench+1","Cleave","Searing Blow+1"],"picked":"Dual Wield+1","floor":42},{"not_picked":["Headbutt","Rage+1","Body Slam+1"],"picked":"Shrug It Off+1","floor":44},{"not_picked":["Body Slam+1","Entrench+1","Twin Strike+1"],"picked":"Dual Wield+1","floor":45},{"not_picked":["Blood for Blood+1","Seeing Red+1","Bloodletting+1"],"picked":"Flame Barrier+1","floor":48}],"player_experience":809104,"relics_obtained":[{"floor":7,"key":"Pantograph"},{"floor":9,"key":"Mercury Hourglass"},{"floor":10,"key":"Question Card"},{"floor":20,"key":"Pocketwatch"},{"floor":20,"key":"Self Forming Clay"},{"floor":23,"key":"Bottled Flame"},{"floor":25,"key":"Boot"},{"floor":26,"key":"Toxic Egg 2"},{"floor":27,"key":"Darkstone Periapt"},{"floor":30,"key":"Kunai"},{"floor":40,"key":"Regal Pillow"},{"floor":42,"key":"Mummified Hand"},{"floor":43,"key":"MawBank"},{"floor":44,"key":"Singing Bowl"},{"floor":47,"key":"Bottled Lightning"}],"event_choices":[{"damage_healed":0,"gold_gain":0,"player_choice":"Take Damage","damage_taken":20,"relics_obtained":["Golden Idol"],"max_hp_gain":0,"max_hp_loss":0,"event_name":"Golden Idol","floor":3,"gold_loss":0},{"damage_healed":0,"gold_gain":0,"player_choice":"Grow","damage_taken":0,"max_hp_gain":0,"max_hp_loss":0,"event_name":"Living Wall","floor":5,"gold_loss":0,"cards_upgraded":["Perfected Strike"]},{"damage_healed":0,"gold_gain":0,"player_choice":"Success","damage_taken":18,"relics_obtained":["PreservedInsect"],"max_hp_gain":0,"max_hp_loss":0,"event_name":"Scrap Ooze","floor":12,"gold_loss":0},{"cards_removed":["Defend_R"],"damage_healed":0,"gold_gain":0,"player_choice":"Gave Gold","damage_taken":0,"max_hp_gain":0,"max_hp_loss":0,"event_name":"Beggar","floor":19,"gold_loss":75},{"damage_healed":0,"gold_gain":0,"player_choice":"Fight","damage_taken":0,"max_hp_gain":0,"max_hp_loss":0,"event_name":"Colosseum","floor":20,"gold_loss":0},{"damage_healed":0,"gold_gain":0,"player_choice":"Fought Nobs","damage_taken":0,"max_hp_gain":0,"max_hp_loss":0,"event_name":"Colosseum","floor":20,"gold_loss":0},{"damage_healed":0,"gold_gain":0,"player_choice":"Paid","damage_taken":0,"relics_obtained":["Red Mask"],"max_hp_gain":0,"max_hp_loss":0,"event_name":"Tomb of Lord Red Mask","floor":46,"gold_loss":269}],"is_beta":false,"boss_relics":[{"not_picked":["Runic Pyramid","Calling Bell"],"picked":"Cursed Key"},{"not_picked":["Fusion Hammer","Sozu"],"picked":"Coffee Dripper"}],"items_purged_floors":[37],"is_endless":false,"potions_floor_spawned":[1,4,11,16,20,24,25,29,36,40,41,45],"ascension_level":1}