{"gold_per_floor":[112,112,37,37,49,76,26,26,101,127,207,207,226,246,246,246],"floor_reached":16,"playtime":1497,"items_purged":["Strike_G"],"score":153,"play_id":"b503f1a2-3410-448a-a805-5b15b034c012","local_time":"20190128232351","is_ascension_mode":true,"campfire_choices":[{"data":"Quick Slash","floor":8,"key":"SMITH"},{"floor":15,"key":"REST"}],"neow_cost":"NONE","seed_source_timestamp":1688238065999951,"circlet_count":0,"master_deck":["Defend_G","Defend_G","Defend_G","Strike_G","Strike_G","Strike_G","Strike_G","Survivor","Neutralize","PiercingWail","After Image","Quick Slash+1","Slice","Well Laid Plans","Slice","Blade Dance"],"relics":["Ring of the Snake","NeowsBlessing","Pear","Question Card","Ornamental Fan"],"potions_floor_usage":[16,16],"damage_taken":[{"damage":0,"enemies":"Small Slimes","floor":1,"turns":1},{"damage":0,"enemies":"Cultist","floor":5,"turns":1},{"damage":0,"enemies":"Lagavulin","floor":6,"turns":1},{"damage":47,"enemies":"3 Sentries","floor":10,"turns":10},{"damage":0,"enemies":"Jaw Worm","floor":13,"turns":4},{"damage":0,"enemies":"Blue Slaver","floor":14,"turns":4},{"damage":57,"enemies":"Hexaghost","floor":16,"turns":16}],"seed_played":"-1723761696468228823","potions_obtained":[{"floor":5,"key":"SpeedPotion"},{"floor":14,"key":"SkillPotion"}],"is_trial":false,"path_per_floor":["M","?","$","?","M","E","?","R","T","E","?","T","M","M","R","B"],"character_chosen":"THE_SILENT","items_purchased":[],"campfire_rested":1,"item_purchase_floors":[],"current_hp_per_floor":[70,70,70,70,70,80,80,80,80,33,33,33,33,33,57,0],"gold":246,"neow_bonus":"THREE_ENEMY_KILL","is_prod":false,"is_daily":false,"chose_seed":false,"campfire_upgraded":1,"win_rate":0,"timestamp":1548735831,"path_taken":["M","?","$","?","?","E","?","R","T","E","?","?","M","M","R","BOSS"],"build_version":"2019-01-23","purchased_purges":1,"victory":false,"max_hp_per_floor":[70,70,70,70,70,80,80,80,80,80,80,80,80,80,80,80],"card_choices":[{"not_picked":["Blade Dance","Dagger Spray"],"picked":"PiercingWail","floor":1},{"not_picked":["Sucker Punch","Dodge and Roll"],"picked":"Quick Slash","floor":5},{"not_picked":["Eviscerate","Catalyst"],"picked":"Slice","floor":6},{"not_picked":["Concentrate","Quick Slash"],"picked":"Well Laid Plans","floor":10},{"not_picked":["Poisoned Stab","Dagger Spray","Deflect"],"picked":"Slice","floor":13},{"not_picked":["Slice","Heel Hook","Poisoned Stab"],"picked":"Blade Dance","floor":14}],"player_experience":170055,"relics_obtained":[{"floor":6,"key":"Pear"},{"floor":10,"key":"Question Card"},{"floor":12,"key":"Ornamental Fan"}],"event_choices":[{"damage_healed":0,"gold_gain":0,"cards_transformed":["Defend_G"],"player_choice":"Change","damage_taken":0,"max_hp_gain":0,"max_hp_loss":0,"event_name":"Living Wall","floor":2,"gold_loss":0,"cards_obtained":["After Image"]},{"damage_healed":0,"gold_gain":0,"player_choice":"Ignored","damage_taken":0,"max_hp_gain":0,"max_hp_loss":0,"event_name":"WeMeetAgain","floor":4,"gold_loss":0},{"cards_removed":["Defend_G"],"damage_healed":0,"gold_gain":0,"player_choice":"Card Removal","damage_taken":0,"max_hp_gain":0,"max_hp_loss":0,"event_name":"The Cleric","floor":7,"gold_loss":50},{"damage_healed":0,"gold_gain":80,"player_choice":"Gained Gold","damage_taken":0,"max_hp_gain":0,"max_hp_loss":0,"event_name":"Golden Wing","floor":11,"gold_loss":0}],"is_beta":false,"boss_relics":[],"items_purged_floors":[3],"is_endless":false,"potions_floor_spawned":[5,14],"killed_by":"Hexaghost","ascension_level":3}