{"gold_per_floor":[210,228,32,51,66,100,100,120,168,100,128,144,144,157,157,233,233,251,251,301,301,314,314,328,363,363,363],"floor_reached":27,"playtime":950,"items_purged":[],"score":515,"play_id":"e3de4feb-7b33-4992-830a-d8fb3d3f86b3","local_time":"20190421150433","is_ascension_mode":true,"campfire_choices":[{"floor":7,"key":"REST"},{"data":"Noxious Fumes","floor":13,"key":"SMITH"},{"floor":15,"key":"REST"},{"data":"After Image","floor":23,"key":"SMITH"}],"neow_cost":"NONE","seed_source_timestamp":576354101566360,"circlet_count":0,"master_deck":["AscendersBane","Defend_G","Defend_G","Defend_G","Defend_G","Defend_G","Survivor","Neutralize","Flying Knee","Poisoned Stab","Deadly Poison","Well Laid Plans","Leg Sweep","Dagger Spray","Poisoned Stab","Noxious Fumes+1","Backstab","After Image+1","Calculated Gamble+1","Bite","Bite","Bite","Bite","Bite","PiercingWail+1","Blur","Injury"],"relics":["Ring of the Snake","Unceasing Top","Potion Belt","Mummified Hand","Cursed Key","Dream Catcher","Strawberry"],"potions_floor_usage":[6,11,14,16,22,25,27],"damage_taken":[{"damage":1,"enemies":"Cultist","floor":1,"turns":4},{"damage":4,"enemies":"Jaw Worm","floor":2,"turns":5},{"damage":0,"enemies":"Small Slimes","floor":4,"turns":4},{"damage":9,"enemies":"Blue Slaver","floor":5,"turns":4},{"damage":28,"enemies":"3 Sentries","floor":6,"turns":12},{"damage":0,"enemies":"3 Louse","floor":8,"turns":4},{"damage":18,"enemies":"Gremlin Nob","floor":11,"turns":4},{"damage":4,"enemies":"Exordium Thugs","floor":12,"turns":5},{"damage":10,"enemies":"Large Slime","floor":14,"turns":6},{"damage":14,"enemies":"Hexaghost","floor":16,"turns":11},{"damage":12,"enemies":"Shell Parasite","floor":18,"turns":6},{"damage":17,"enemies":"2 Thieves","floor":22,"turns":3},{"damage":10,"enemies":"Snecko","floor":24,"turns":6},{"damage":25,"enemies":"Slavers","floor":25,"turns":8},{"damage":40,"enemies":"Book of Stabbing","floor":27,"turns":5}],"seed_played":"7515413581510415021","potions_obtained":[{"floor":1,"key":"Block Potion"},{"floor":6,"key":"Ancient Potion"},{"floor":14,"key":"SkillPotion"},{"floor":16,"key":"SneckoOil"},{"floor":18,"key":"Explosive Potion"},{"floor":22,"key":"SteroidPotion"},{"floor":25,"key":"SteroidPotion"}],"is_trial":false,"path_per_floor":["M","M","$","M","M","E","R","M","T","?","E","M","R","M","R","B",null,"M","?","?","?","M","R","M","E","T","E"],"character_chosen":"THE_SILENT","items_purchased":["Deadly Poison","Well Laid Plans","Fire Potion"],"campfire_rested":2,"item_purchase_floors":[3,3,3],"current_hp_per_floor":[58,54,54,54,45,17,36,36,36,36,18,14,14,4,23,9,52,40,40,40,40,31,31,33,22,29,0],"gold":363,"neow_bonus":"HUNDRED_GOLD","is_prod":false,"is_daily":false,"chose_seed":false,"campfire_upgraded":2,"win_rate":0,"timestamp":1555869873,"path_taken":["M","?","$","M","M","E","R","M","T","?","E","M","R","M","R","BOSS","M","?","?","?","M","R","M","E","T","E"],"build_version":"2019-01-23","purchased_purges":0,"victory":false,"max_hp_per_floor":[66,66,66,66,66,66,66,66,66,66,66,66,66,66,66,66,66,66,46,46,46,46,46,46,46,53,53],"card_choices":[{"not_picked":["Infinite Blades","Eviscerate"],"picked":"Flying Knee","floor":1},{"not_picked":["Accuracy","Prepared"],"picked":"Poisoned Stab","floor":2},{"not_picked":["Distraction","Calculated Gamble","Flying Knee"],"picked":"SKIP","floor":4},{"not_picked":["Crippling Poison","Bane"],"picked":"Leg Sweep","floor":5},{"not_picked":["Quick Slash","Flechettes"],"picked":"Dagger Spray","floor":6},{"not_picked":["Blur","Escape Plan"],"picked":"Poisoned Stab","floor":8},{"not_picked":["Setup","All Out Attack"],"picked":"Noxious Fumes","floor":11},{"not_picked":["Infinite Blades","Blur"],"picked":"Backstab","floor":12},{"not_picked":["Finisher","Outmaneuver","Slice"],"picked":"SKIP","floor":14},{"not_picked":["Adrenaline","Grand Finale"],"picked":"After Image","floor":16},{"not_picked":["Prepared","Endless Agony"],"picked":"Calculated Gamble+1","floor":18},{"not_picked":["Underhanded Strike","Deflect"],"picked":"PiercingWail+1","floor":22},{"not_picked":["Slice","Terror","Flying Knee"],"picked":"SKIP","floor":24},{"not_picked":["Flechettes","Quick Slash"],"picked":"Blur","floor":25}],"player_experience":2161763,"relics_obtained":[{"floor":6,"key":"Unceasing Top"},{"floor":9,"key":"Potion Belt"},{"floor":11,"key":"Mummified Hand"},{"floor":25,"key":"Dream Catcher"},{"floor":26,"key":"Strawberry"}],"event_choices":[{"damage_healed":0,"gold_gain":0,"player_choice":"Left Gold","damage_taken":0,"max_hp_gain":0,"max_hp_loss":0,"event_name":"World of Goop","floor":10,"gold_loss":68},{"damage_healed":0,"gold_gain":0,"player_choice":"Became a vampire","damage_taken":0,"max_hp_gain":0,"max_hp_loss":20,"event_name":"Vampires","floor":19,"gold_loss":0,"cards_obtained":["Bite","Bite","Bite","Bite","Bite"]},{"damage_healed":0,"gold_gain":50,"player_choice":"Stole From Cult","damage_taken":0,"max_hp_gain":0,"max_hp_loss":0,"event_name":"Nest","floor":20,"gold_loss":0},{"damage_healed":0,"gold_gain":0,"player_choice":"Ignored","damage_taken":0,"max_hp_gain":0,"max_hp_loss":0,"event_name":"Beggar","floor":21,"gold_loss":0}],"is_beta":false,"boss_relics":[{"not_picked":["Coffee Dripper","Busted Crown"],"picked":"Cursed Key"}],"items_purged_floors":[],"is_endless":false,"potions_floor_spawned":[1,6,14,16,18,22,25],"killed_by":"Book of Stabbing","ascension_level":20}