{"gold_per_floor":[112,33,44,119,119,144,144,477,477,477,493,512,2,27,27,105,105,120,170,204,11,28,28,28,28,80,91,91,116,116,143,143,143],"floor_reached":33,"playtime":798,"items_purged":["Strike_R","Strike_R"],"score":648,"play_id":"cd1f5a0f-440b-41f8-b84e-599f4163502e","local_time":"20190403173522","is_ascension_mode":true,"campfire_choices":[{"data":"Combust","floor":7,"key":"SMITH"},{"data":"Bash","floor":10,"key":"SMITH"},{"data":"Armaments","floor":15,"key":"SMITH"},{"floor":23,"key":"REST"},{"floor":25,"key":"REST"},{"floor":28,"key":"REST"},{"floor":30,"key":"REST"},{"floor":32,"key":"REST"}],"neow_cost":"NONE","seed_source_timestamp":857419446867368,"circlet_count":0,"master_deck":["AscendersBane","Strike_R","Strike_R","Strike_R","Defend_R","Defend_R","Defend_R","Defend_R","Bash+1","Anger","Combust+1","Iron Wave","Battle Trance","Armaments+1","Headbutt","Feel No Pain","Fiend Fire","Spot Weakness","True Grit","Whirlwind","Sword Boomerang+1","Thunderclap","Pummel"],"relics":["Burning Blood","NeowsBlessing","Calipers","Old Coin","Gremlin Horn","Bronze Scales","Fusion Hammer","Red Mask","Strawberry","WingedGreaves","Ornamental Fan"],"potions_floor_usage":[8,8,16,20,29],"damage_taken":[{"damage":0,"enemies":"Jaw Worm","floor":1,"turns":1},{"damage":0,"enemies":"2 Louse","floor":3,"turns":1},{"damage":0,"enemies":"Gremlin Nob","floor":6,"turns":1},{"damage":29,"enemies":"3 Sentries","floor":8,"turns":5},{"damage":1,"enemies":"Cultist","floor":11,"turns":3},{"damage":3,"enemies":"3 Louse","floor":12,"turns":4},{"damage":23,"enemies":"Lagavulin","floor":14,"turns":6},{"damage":20,"enemies":"Slime Boss","floor":16,"turns":7},{"damage":11,"enemies":"Chosen","floor":18,"turns":3},{"damage":42,"enemies":"Masked Bandits","floor":20,"turns":4},{"damage":16,"enemies":"Spheric Guardian","floor":22,"turns":4},{"damage":25,"enemies":"Cultist and Chosen","floor":27,"turns":7},{"damage":49,"enemies":"Book of Stabbing","floor":29,"turns":5},{"damage":28,"enemies":"Slavers","floor":31,"turns":4},{"damage":52,"enemies":"Collector","floor":33,"turns":6}],"seed_played":"8518774167935977088","potions_obtained":[{"floor":1,"key":"GamblersBrew"},{"floor":3,"key":"Swift Potion"},{"floor":16,"key":"Weak Potion"},{"floor":20,"key":"SteroidPotion"}],"is_trial":false,"path_per_floor":["M","$","M","?","?","E","R","E","T","R","M","M","$","E","R","B",null,"M","?","?","$","M","R","$","R","T","M","R","E","R","E","R","B"],"character_chosen":"IRONCLAD","items_purchased":["Combust","Fire Potion","Gremlin Horn","Armaments","Headbutt","True Grit","Whirlwind"],"campfire_rested":5,"item_purchase_floors":[2,13,13,13,13,21,21],"current_hp_per_floor":[74,74,75,64,64,70,70,47,47,47,52,55,55,38,38,24,62,57,57,21,21,11,33,33,55,62,43,67,24,48,26,50,0],"gold":143,"neow_bonus":"THREE_ENEMY_KILL","is_prod":false,"is_daily":false,"chose_seed":false,"campfire_upgraded":3,"win_rate":0,"timestamp":1554323722,"path_taken":["M","$","M","?","?","E","R","E","T","R","M","M","$","E","R","BOSS","M","?","?","?","M","R","$","R","T","M","R","E","R","E","R","BOSS"],"build_version":"2019-01-23","purchased_purges":2,"victory":false,"max_hp_per_floor":[75,75,75,75,75,75,75,75,75,75,75,75,75,75,75,75,75,75,75,75,75,75,75,75,75,82,82,82,82,82,82,82,82],"card_choices":[{"not_picked":["Sentinel","Wild Strike"],"picked":"Anger","floor":1},{"not_picked":["Havoc","Body Slam","Flex"],"picked":"SKIP","floor":3},{"not_picked":["Perfected Strike","Rage","True Grit"],"picked":"SKIP","floor":6},{"not_picked":["Dark Embrace","Pommel Strike"],"picked":"Iron Wave","floor":8},{"not_picked":["Seeing Red","Thunderclap","Reckless Charge"],"picked":"SKIP","floor":11},{"not_picked":["Entrench","Headbutt"],"picked":"Battle Trance","floor":12},{"not_picked":["Seeing Red","Thunderclap"],"picked":"Feel No Pain","floor":14},{"not_picked":["Reaper","Bludgeon"],"picked":"Fiend Fire","floor":16},{"not_picked":["Headbutt","Evolve"],"picked":"Spot Weakness","floor":18},{"not_picked":["Searing Blow","Thunderclap"],"picked":"Sword Boomerang+1","floor":22},{"not_picked":["Clash","Cleave","Clothesline"],"picked":"SKIP","floor":27},{"not_picked":["Berserk","Clothesline"],"picked":"Thunderclap","floor":29},{"not_picked":["Perfected Strike","Pummel","Cleave"],"picked":"SKIP","floor":31},{"not_picked":["Perfected Strike","Cleave"],"picked":"Pummel","floor":31}],"player_experience":1975780,"relics_obtained":[{"floor":6,"key":"Calipers"},{"floor":8,"key":"Old Coin"},{"floor":14,"key":"Bronze Scales"},{"floor":20,"key":"Red Mask"},{"floor":26,"key":"Strawberry"},{"floor":29,"key":"WingedGreaves"},{"floor":31,"key":"Ornamental Fan"}],"event_choices":[{"damage_healed":0,"gold_gain":75,"player_choice":"Gather Gold","damage_taken":11,"max_hp_gain":0,"max_hp_loss":0,"event_name":"World of Goop","floor":4,"gold_loss":0},{"damage_healed":0,"gold_gain":0,"player_choice":"Ignored","damage_taken":0,"max_hp_gain":0,"max_hp_loss":0,"event_name":"Liars Game","floor":5,"gold_loss":0},{"damage_healed":0,"gold_gain":50,"player_choice":"Stole From Cult","damage_taken":0,"max_hp_gain":0,"max_hp_loss":0,"event_name":"Nest","floor":19,"gold_loss":0},{"damage_healed":0,"gold_gain":0,"player_choice":"Fought Bandits","damage_taken":0,"max_hp_gain":0,"max_hp_loss":0,"event_name":"Masked Bandits","floor":20,"gold_loss":0}],"is_beta":false,"boss_relics":[{"not_picked":["Pandora\u0027s Box","Coffee Dripper"],"picked":"Fusion Hammer"}],"items_purged_floors":[13,21],"is_endless":false,"potions_floor_spawned":[1,3,16,20],"killed_by":"Collector","ascension_level":20}