{"gold_per_floor":[361,375,143,143,43,43,58,58,58,58,97,116,150,165,165,286,286,309,327,352,451,376,376,410,410,455,455,478,13,113,133,133,254,254,279,279,292,305,430,430,450,450,450,500,512,524,561,17,17,17],"floor_reached":51,"playtime":6239,"items_purged":["Decay","Strike_R","Writhe","Strike_R"],"score":713,"play_id":"3eee389a-f845-4a2c-8d60-d6994b58d605","local_time":"20181127211421","is_ascension_mode":true,"campfire_choices":[{"data":"Immolate","floor":6.0,"key":"SMITH"},{"data":"Evolve","floor":8.0,"key":"SMITH"},{"data":"Anger","floor":15.0,"key":"SMITH"},{"floor":23.0,"key":"REST"},{"floor":25.0,"key":"REST"},{"floor":32.0,"key":"REST"},{"floor":40,"key":"REST"},{"floor":42,"key":"REST"},{"floor":45,"key":"REST"},{"floor":49,"key":"REST"}],"neow_cost":"CURSE","seed_source_timestamp":0,"circlet_count":0,"master_deck":["Strike_R","Strike_R","Strike_R","Defend_R","Defend_R","Defend_R","Defend_R","Bash","Reckless Charge","Clothesline","Immolate+1","Evolve+1","Ghostly Armor","Armaments+1","Pommel Strike","Anger+1","Fiend Fire","Fiend Fire","Headbutt","Disarm+1","Armaments+1","Dark Embrace","Dual Wield+1","Fiend Fire","Infernal Blade+1","Iron Wave+1","Warcry","Anger+1","Discovery","Fire Breathing+1"],"special_seed":0,"relics":["Burning Blood","Golden Idol","Bag of Marbles","Paper Frog","Blood Vial","Bottled Tornado","Calling Bell","Red Skull","Ornamental Fan","Shovel","Matryoshka","Happy Flower","Omamori","Lee\u0027s Waffle","PreservedInsect","Fusion Hammer","Du-Vu Doll","MawBank","Frozen Egg 2","War Paint","Shuriken"],"potions_floor_usage":[50,50,50],"damage_taken":[{"damage":0.0,"enemies":"Small Slimes","floor":1.0,"turns":3.0},{"damage":4.0,"enemies":"Jaw Worm","floor":2.0,"turns":5.0},{"damage":0.0,"enemies":"2 Louse","floor":7.0,"turns":1.0},{"damage":20.0,"enemies":"Lagavulin","floor":11.0,"turns":8.0},{"damage":2.0,"enemies":"Looter","floor":12.0,"turns":3.0},{"damage":4.0,"enemies":"3 Sentries","floor":13.0,"turns":4.0},{"damage":0.0,"enemies":"Gremlin Gang","floor":14.0,"turns":2.0},{"damage":37.0,"enemies":"Hexaghost","floor":16.0,"turns":6.0},{"damage":27.0,"enemies":"3 Byrds","floor":18.0,"turns":7.0},{"damage":11.0,"enemies":"Chosen","floor":19.0,"turns":5.0},{"damage":37.0,"enemies":"Snake Plant","floor":20.0,"turns":6.0},{"damage":54.0,"enemies":"Slavers","floor":24.0,"turns":5.0},{"damage":8.0,"enemies":"Snecko","floor":28.0,"turns":4.0},{"damage":46.0,"enemies":"Sentry and Sphere","floor":31.0,"turns":8.0},{"damage":67.0,"enemies":"Automaton","floor":33.0,"turns":11.0},{"damage":11,"enemies":"Orb Walker","floor":35,"turns":4},{"damage":13,"enemies":"3 Shapes","floor":37,"turns":6},{"damage":19,"enemies":"Transient","floor":38,"turns":5},{"damage":18,"enemies":"Mind Bloom Boss Battle","floor":39,"turns":6},{"damage":52,"enemies":"Spire Growth","floor":41,"turns":5},{"damage":39,"enemies":"Giant Head","floor":44,"turns":8},{"damage":0,"enemies":"3 Darklings","floor":47,"turns":1},{"damage":84,"enemies":"Awakened One","floor":50,"turns":16}],"seed_played":"550641244735734946","potions_obtained":[{"floor":1.0,"key":"EssenceOfSteel"},{"floor":11.0,"key":"PowerPotion"},{"floor":13.0,"key":"BloodPotion"},{"floor":18.0,"key":"PowerPotion"},{"floor":19.0,"key":"BloodPotion"},{"floor":24.0,"key":"SmokeBomb"},{"floor":31.0,"key":"AttackPotion"},{"floor":37,"key":"Explosive Potion"},{"floor":39,"key":"Dexterity Potion"},{"floor":41,"key":"Poison Potion"}],"is_trial":false,"path_per_floor":["M","M","$","?","$","R","M","R","T","T","E","M","E","M","R","B",null,"M","M","M","?","?","R","E","R","T","?","M","$","?","M","R","B",null,"M","?","M","M","?","R","M","R","T","E","R","?","M","$","R","B",null],"character_chosen":"IRONCLAD","items_purchased":["Immolate","Evolve","Lee\u0027s Waffle","PreservedInsect","Shuriken","Regen Potion","Fire Breathing+1"],"campfire_rested":7,"item_purchase_floors":[3,3,29,29,48,48,48],"current_hp_per_floor":[80,80,80,60,60,60,66,66,66,66,52,58,62,70,70,41,80,59,56,35,35,35,59,21,45,45,37,37,87,87,47,73,14,87,82,82,77,66,56,82,38,64,64,33,59,59,67,67,87,19],"gold":17,"neow_bonus":"TWO_FIFTY_GOLD","is_prod":false,"is_daily":false,"chose_seed":false,"campfire_upgraded":3,"win_rate":0,"timestamp":1543371261,"path_taken":["M","M","$","?","$","R","M","R","T","?","E","M","E","M","R","BOSS","M","M","M","?","?","R","E","R","T","?","?","$","?","M","R","BOSS","M","?","M","?","?","R","M","R","T","E","R","?","M","$","R","BOSS"],"build_version":"2018-11-15","purchased_purges":4,"victory":true,"max_hp_per_floor":[80,80,80,80,80,80,80,80,80,80,80,80,80,80,80,80,80,80,80,80,80,80,80,80,80,80,80,80,87,87,87,87,87,87,87,87,87,87,87,87,87,87,87,87,87,87,87,87,87,87],"card_choices":[{"not_picked":["True Grit","Rupture"],"picked":"Reckless Charge","floor":1.0},{"not_picked":["Body Slam","Metallicize"],"picked":"Clothesline","floor":2.0},{"not_picked":["Warcry","Clothesline"],"picked":"Ghostly Armor","floor":7.0},{"not_picked":["Flex","Sword Boomerang"],"picked":"Armaments","floor":11.0},{"not_picked":["True Grit","Heavy Blade"],"picked":"Pommel Strike","floor":12.0},{"not_picked":["Clothesline","True Grit"],"picked":"Anger","floor":13.0},{"not_picked":["Armaments","Disarm"],"picked":"Fiend Fire","floor":14.0},{"not_picked":["Limit Break","Offering"],"picked":"Fiend Fire","floor":16.0},{"not_picked":["Thunderclap","Infernal Blade"],"picked":"Headbutt","floor":18.0},{"not_picked":["Clash","Body Slam"],"picked":"Disarm","floor":19.0},{"not_picked":["Iron Wave+1","Searing Blow"],"picked":"Armaments+1","floor":20.0},{"not_picked":["Armaments","Iron Wave"],"picked":"Dark Embrace","floor":24.0},{"not_picked":["Sword Boomerang","Evolve","Body Slam"],"picked":"SKIP","floor":28.0},{"not_picked":["Uppercut","Wild Strike"],"picked":"Dual Wield+1","floor":31.0},{"not_picked":["Bludgeon","Brutality"],"picked":"Fiend Fire","floor":33.0},{"not_picked":["Inflame","Twin Strike+1"],"picked":"Infernal Blade+1","floor":35},{"not_picked":["Spot Weakness+1","Clash+1"],"picked":"Iron Wave+1","floor":37},{"not_picked":["Thunderclap+1","Blood for Blood","Sword Boomerang+1"],"picked":"SKIP","floor":38},{"not_picked":["Sever Soul","Flex+1"],"picked":"Warcry","floor":39},{"not_picked":["Entrench","Iron Wave+1"],"picked":"Anger+1","floor":41},{"not_picked":["Combust+1","Body Slam","Corruption+1"],"picked":"SKIP","floor":44},{"not_picked":["Violence","Swift Strike"],"picked":"Discovery","floor":46},{"not_picked":["Twin Strike","Pummel","Clash+1"],"picked":"SKIP","floor":47}],"player_experience":86371,"relics_obtained":[{"floor":9.0,"key":"Bag of Marbles"},{"floor":10.0,"key":"Paper Frog"},{"floor":11.0,"key":"Blood Vial"},{"floor":13.0,"key":"Bottled Tornado"},{"floor":17.0,"key":"Red Skull"},{"floor":17.0,"key":"Ornamental Fan"},{"floor":17.0,"key":"Shovel"},{"floor":24.0,"key":"Matryoshka"},{"floor":26.0,"key":"Happy Flower"},{"floor":26.0,"key":"Omamori"},{"floor":39,"key":"Du-Vu Doll"},{"floor":43,"key":"MawBank"},{"floor":43,"key":"Frozen Egg 2"},{"floor":44,"key":"War Paint"}],"event_choices":[{"damage_healed":0.0,"max_hp_gain":0.0,"max_hp_loss":0.0,"gold_gain":0.0,"event_name":"Golden Idol","player_choice":"Take Damage","floor":4.0,"gold_loss":0.0,"damage_taken":20.0,"relics_obtained":["Golden Idol"]},{"damage_healed":0.0,"max_hp_gain":0.0,"max_hp_loss":0.0,"gold_gain":99.0,"event_name":"Nest","player_choice":"Stole From Cult","floor":21.0,"gold_loss":0.0,"damage_taken":0.0},{"cards_removed":["Doubt"],"damage_healed":0.0,"max_hp_gain":0.0,"max_hp_loss":0.0,"gold_gain":0.0,"event_name":"Beggar","player_choice":"Gave Gold","floor":22.0,"gold_loss":75.0,"damage_taken":0.0},{"damage_healed":0.0,"max_hp_gain":0.0,"max_hp_loss":0.0,"gold_gain":0.0,"event_name":"Knowing Skull","player_choice":"","floor":27.0,"potions_obtained":[],"gold_loss":0.0,"damage_taken":8.0,"cards_obtained":[]},{"damage_healed":0.0,"max_hp_gain":0.0,"max_hp_loss":0.0,"gold_gain":100.0,"event_name":"Golden Shrine","player_choice":"Pray","floor":30.0,"gold_loss":0.0,"damage_taken":0.0},{"cards_removed":["Clumsy"],"damage_healed":0,"gold_gain":0,"player_choice":"Removed Curses","damage_taken":0,"max_hp_gain":0,"max_hp_loss":0,"event_name":"Fountain of Cleansing","floor":36,"gold_loss":0},{"damage_healed":0,"gold_gain":0,"player_choice":"Fight","damage_taken":0,"max_hp_gain":0,"max_hp_loss":0,"event_name":"MindBloom","floor":39,"gold_loss":0},{"damage_healed":0,"gold_gain":0,"player_choice":"Memory 1","damage_taken":0,"max_hp_gain":0,"max_hp_loss":0,"event_name":"SensoryStone","floor":46,"gold_loss":0}],"is_beta":false,"boss_relics":[{"not_picked":["Sozu","Eternal Feather"],"picked":"Calling Bell"},{"not_picked":["Cursed Key","Snecko Eye"],"picked":"Fusion Hammer"}],"items_purged_floors":[3,5,29,48],"is_endless":false,"potions_floor_spawned":[1,11,13,14,18,19,24,31,37,39,41],"ascension_level":1}