{"gold_per_floor":[16,16,40,56,81,81,122,143,143,143,143],"floor_reached":11,"playtime":291,"items_purged":[],"score":150,"play_id":"8329861a-1d15-4b52-9bc0-7a4c45db9548","local_time":"20190426110438","is_ascension_mode":true,"campfire_choices":[{"data":"Noxious Fumes","floor":6,"key":"SMITH"}],"neow_cost":"NO_GOLD","seed_source_timestamp":994600379269973,"circlet_count":0,"master_deck":["AscendersBane","Defend_G","Defend_G","Defend_G","Defend_G","Defend_G","Strike_G","Strike_G","Strike_G","Strike_G","Strike_G","Survivor","Neutralize","Dagger Spray","Noxious Fumes+1","Backflip"],"relics":["Ring of the Snake","Golden Idol","Boot","Ancient Tea Set"],"potions_floor_usage":[5,11],"damage_taken":[{"damage":0,"enemies":"2 Louse","floor":1,"turns":3},{"damage":0,"enemies":"Jaw Worm","floor":3,"turns":5},{"damage":0,"enemies":"Small Slimes","floor":4,"turns":3},{"damage":30,"enemies":"Exordium Wildlife","floor":5,"turns":9},{"damage":36,"enemies":"Lagavulin","floor":7,"turns":9},{"damage":1,"enemies":"2 Fungi Beasts","floor":8,"turns":3},{"damage":4,"enemies":"Blue Slaver","floor":11,"turns":2}],"seed_played":"5679007963095843112","potions_obtained":[{"floor":3,"key":"Block Potion"},{"floor":7,"key":"EssenceOfSteel"},{"floor":8,"key":"LiquidBronze"}],"is_trial":false,"path_per_floor":["M","?","M","M","M","R","E","M","T","?","M"],"character_chosen":"THE_SILENT","items_purchased":[],"campfire_rested":0,"item_purchase_floors":[],"current_hp_per_floor":[71,71,71,71,41,41,5,4,4,4,0],"gold":143,"neow_bonus":"TWENTY_PERCENT_HP_BONUS","is_prod":false,"is_daily":false,"chose_seed":false,"campfire_upgraded":1,"win_rate":0,"timestamp":1556287478,"path_taken":["M","?","M","M","M","R","E","M","T","?","M"],"build_version":"2019-01-23","purchased_purges":0,"victory":false,"max_hp_per_floor":[78,71,71,71,71,71,71,71,71,71,71],"card_choices":[{"not_picked":["Backflip","Underhanded Strike"],"picked":"Dagger Spray","floor":1},{"not_picked":["Flechettes","Blur","Deflect"],"picked":"SKIP","floor":3},{"not_picked":["Flechettes","Blur","Deflect"],"picked":"SKIP","floor":3},{"not_picked":["Prepared","Eviscerate","Storm of Steel"],"picked":"SKIP","floor":4},{"not_picked":["Calculated Gamble","Deadly Poison"],"picked":"Noxious Fumes","floor":5},{"not_picked":["Venomology","Terror","Bane"],"picked":"SKIP","floor":7},{"not_picked":["Bane","Deadly Poison"],"picked":"Backflip","floor":8}],"player_experience":2192914,"relics_obtained":[{"floor":7,"key":"Boot"},{"floor":9,"key":"Ancient Tea Set"}],"event_choices":[{"damage_healed":0,"gold_gain":0,"player_choice":"Lose Max HP","damage_taken":0,"relics_obtained":["Golden Idol"],"max_hp_gain":0,"max_hp_loss":7,"event_name":"Golden Idol","floor":2,"gold_loss":0},{"damage_healed":0,"gold_gain":0,"player_choice":"Ignored","damage_taken":0,"max_hp_gain":0,"max_hp_loss":0,"event_name":"Shining Light","floor":10,"gold_loss":0}],"is_beta":false,"boss_relics":[],"items_purged_floors":[],"is_endless":false,"potions_floor_spawned":[3,7,8],"killed_by":"Blue Slaver","ascension_level":20}