{"gold_per_floor":[118,131,5,20,40,40,67,67,140,140,155,186,186,186,186,259,259,276,276,276,139,157,157,190,190,213,39,69,17,44,64,64,138,138,155,83,103,103,103,103,134,134,134,160,173,23,23,34,34,34],"floor_reached":51,"playtime":5139,"items_purged":["Strike_G","Strike_G","Strike_G","Strike_G+1"],"score":1302,"play_id":"b27d8f0e-d5fe-493e-8276-51d75f3dbc80","local_time":"20190414210121","is_ascension_mode":true,"campfire_choices":[{"data":"Poisoned Stab","floor":6.0,"key":"SMITH"},{"data":"Neutralize","floor":8.0,"key":"SMITH"},{"floor":10.0,"key":"REST"},{"data":"Skewer","floor":13.0,"key":"SMITH"},{"data":"All Out Attack","floor":15.0,"key":"SMITH"},{"floor":23.0,"key":"REST"},{"floor":25.0,"key":"REST"},{"floor":32.0,"key":"REST"},{"floor":40.0,"key":"REST"},{"floor":42.0,"key":"REST"},{"floor":47.0,"key":"REST"},{"floor":49.0,"key":"REST"}],"neow_cost":"NONE","seed_source_timestamp":37239871351800,"circlet_count":0,"master_deck":["AscendersBane","Defend_G","Defend_G","Defend_G","Defend_G","Defend_G","Strike_G+1","Survivor","Neutralize+1","Poisoned Stab+1","Flying Knee","Terror","Bane","All Out Attack+1","Skewer+1","After Image+1","Noxious Fumes+1","Endless Agony","Footwork+1","PiercingWail","Footwork+1","Deflect","Envenom+1","Cloak And Dagger+1","Night Terror","Well Laid Plans+1","Dark Shackles","Madness","Madness","Deflect+1","Blade Dance+1","Acrobatics+1"],"special_seed":0,"relics":["Ring of the Snake","Snake Skull","WingedGreaves","Frozen Egg 2","Whetstone","Shuriken","Fusion Hammer","Bronze Scales","Centennial Puzzle","Ancient Tea Set","Pen Nib","Sozu","Sundial","Darkstone Periapt","Kunai"],"potions_floor_usage":[],"damage_taken":[{"damage":2.0,"enemies":"Cultist","floor":1.0,"turns":6.0},{"damage":0.0,"enemies":"2 Louse","floor":2.0,"turns":5.0},{"damage":0.0,"enemies":"Small Slimes","floor":4.0,"turns":3.0},{"damage":9.0,"enemies":"Exordium Wildlife","floor":5.0,"turns":6.0},{"damage":27.0,"enemies":"Lagavulin","floor":7.0,"turns":6.0},{"damage":0.0,"enemies":"Blue Slaver","floor":11.0,"turns":4.0},{"damage":0.0,"enemies":"Gremlin Nob","floor":12.0,"turns":2.0},{"damage":23.0,"enemies":"The Guardian","floor":16.0,"turns":10.0},{"damage":4.0,"enemies":"Chosen","floor":18.0,"turns":3.0},{"damage":6.0,"enemies":"3 Byrds","floor":22.0,"turns":3.0},{"damage":24.0,"enemies":"Book of Stabbing","floor":24.0,"turns":5.0},{"damage":10.0,"enemies":"Slavers","floor":28.0,"turns":5.0},{"damage":5.0,"enemies":"Gremlin Leader","floor":30.0,"turns":5.0},{"damage":6.0,"enemies":"Sentry and Sphere","floor":31.0,"turns":5.0},{"damage":22.0,"enemies":"Collector","floor":33.0,"turns":7.0},{"damage":0.0,"enemies":"3 Shapes","floor":35.0,"turns":9.0},{"damage":9.0,"enemies":"3 Darklings","floor":37.0,"turns":4.0},{"damage":17.0,"enemies":"Nemesis","floor":41.0,"turns":7.0},{"damage":15.0,"enemies":"Reptomancer","floor":44.0,"turns":6.0},{"damage":5.0,"enemies":"Spire Growth","floor":45.0,"turns":4.0},{"damage":11.0,"enemies":"Sphere and 2 Shapes","floor":48.0,"turns":7.0},{"damage":21,"enemies":"Time Eater","floor":50,"turns":12}],"seed_played":"-7466461214742683961","potions_obtained":[{"floor":2.0,"key":"EssenceOfSteel"},{"floor":4.0,"key":"LiquidBronze"},{"floor":11.0,"key":"SteroidPotion"},{"floor":12.0,"key":"Block Potion"},{"floor":18.0,"key":"PowerPotion"},{"floor":24.0,"key":"SmokeBomb"}],"is_trial":false,"path_per_floor":["M","M","$","M","M","R","E","R","T","R","M","E","R","T","R","B",null,"M","?","?","$","M","R","E","R","T","$","E","$","E","M","R","B",null,"M","$","M","?","?","R","E","R","T","E","M","$","R","M","R","B",null],"character_chosen":"THE_SILENT","items_purchased":["Flying Knee","Noxious Fumes+1","Energy Potion","Block Potion","Night Terror"],"campfire_rested":8,"item_purchase_floors":[3,21,27,29,36],"current_hp_per_floor":[57,57,57,57,48,48,21,21,21,40,40,40,40,40,40,17,54,50,63,63,63,57,66,42,61,61,61,51,51,46,40,59,37,59,59,59,50,50,38,57,40,59,59,44,39,39,58,47,66,45],"gold":34,"neow_bonus":"RANDOM_COMMON_RELIC","is_prod":false,"is_daily":false,"chose_seed":false,"campfire_upgraded":4,"win_rate":0,"timestamp":1555300881,"path_taken":["M","M","$","M","M","R","E","R","T","R","M","E","R","?","R","BOSS","M","?","?","?","M","R","E","R","T","$","E","?","E","M","R","BOSS","M","$","M","?","?","R","E","R","T","E","M","$","R","M","R","BOSS"],"build_version":"2019-01-23","purchased_purges":4,"victory":true,"max_hp_per_floor":[66,66,66,66,66,66,66,66,66,66,66,66,66,66,66,66,66,66,66,66,66,66,66,66,66,66,66,66,66,66,66,66,66,66,66,66,66,66,66,66,66,66,66,66,66,66,66,66,66,66],"card_choices":[{"not_picked":["Backflip","Prepared","Dodge and Roll"],"picked":"SKIP","floor":1.0},{"not_picked":["Deflect","Bane"],"picked":"Poisoned Stab","floor":2.0},{"not_picked":["Deflect","Outmaneuver","Underhanded Strike"],"picked":"SKIP","floor":4.0},{"not_picked":["Blade Dance","Outmaneuver"],"picked":"Terror","floor":5.0},{"not_picked":["Blade Dance","Poisoned Stab"],"picked":"Bane","floor":7.0},{"not_picked":["Slice","Underhanded Strike"],"picked":"All Out Attack","floor":11.0},{"not_picked":["Poisoned Stab","Slice"],"picked":"Skewer","floor":12.0},{"not_picked":["Doppelganger","Malaise"],"picked":"After Image+1","floor":16.0},{"not_picked":["Quick Slash","Outmaneuver","Predator"],"picked":"SKIP","floor":18.0},{"not_picked":["Prepared","Terror"],"picked":"Endless Agony","floor":22.0},{"not_picked":["Slice","Outmaneuver"],"picked":"Footwork+1","floor":24.0},{"not_picked":["Quick Slash","Deflect"],"picked":"PiercingWail","floor":28.0},{"not_picked":["Terror","Backstab+1"],"picked":"Footwork+1","floor":30.0},{"not_picked":["After Image+1","Slice"],"picked":"Deflect","floor":31.0},{"not_picked":["Corpse Explosion","A Thousand Cuts+1"],"picked":"Envenom+1","floor":33.0},{"not_picked":["Acrobatics","Flechettes+1"],"picked":"Cloak And Dagger+1","floor":35.0},{"not_picked":["Deflect+1","Bane"],"picked":"Well Laid Plans+1","floor":37.0},{"not_picked":["Finesse","Trip"],"picked":"Dark Shackles","floor":38.0},{"not_picked":["Backstab","Outmaneuver+1","Flying Knee"],"picked":"SKIP","floor":41.0},{"not_picked":["Concentrate","Glass Knife"],"picked":"Deflect+1","floor":44.0},{"not_picked":["Outmaneuver+1","Quick Slash"],"picked":"Blade Dance+1","floor":45.0},{"not_picked":["Eviscerate","Quick Slash"],"picked":"Acrobatics+1","floor":48.0}],"player_experience":863540,"relics_obtained":[{"floor":7.0,"key":"WingedGreaves"},{"floor":9.0,"key":"Frozen Egg 2"},{"floor":12.0,"key":"Whetstone"},{"floor":14.0,"key":"Shuriken"},{"floor":24.0,"key":"Bronze Scales"},{"floor":26.0,"key":"Centennial Puzzle"},{"floor":28.0,"key":"Ancient Tea Set"},{"floor":30.0,"key":"Pen Nib"},{"floor":41.0,"key":"Sundial"},{"floor":43.0,"key":"Darkstone Periapt"},{"floor":44.0,"key":"Kunai"}],"event_choices":[{"damage_healed":13.0,"max_hp_gain":0.0,"max_hp_loss":0.0,"gold_gain":0.0,"event_name":"The Library","player_choice":"Heal","floor":19.0,"gold_loss":0.0,"damage_taken":0.0},{"damage_healed":0.0,"max_hp_gain":0.0,"max_hp_loss":0.0,"gold_gain":0.0,"event_name":"Vampires","player_choice":"Ignored","floor":20.0,"gold_loss":0.0,"damage_taken":0.0},{"damage_healed":0.0,"max_hp_gain":0.0,"max_hp_loss":0.0,"gold_gain":0.0,"event_name":"SensoryStone","player_choice":"Memory 1","floor":38.0,"gold_loss":0.0,"damage_taken":0.0},{"damage_healed":0.0,"max_hp_gain":0.0,"max_hp_loss":0.0,"gold_gain":0.0,"event_name":"Winding Halls","player_choice":"Embrace Madness","floor":39.0,"gold_loss":0.0,"damage_taken":12.0,"cards_obtained":["Madness","Madness"]}],"is_beta":false,"boss_relics":[{"not_picked":["Snecko Eye","HoveringKite"],"picked":"Fusion Hammer"},{"not_picked":["Pandora\u0027s Box","WristBlade"],"picked":"Sozu"}],"items_purged_floors":[3,21,27,46],"is_endless":false,"potions_floor_spawned":[2,4,11,12,18,24,37,44],"ascension_level":15}