{"gold_per_floor":[112,26,44,44,64,89,99,99],"floor_reached":8,"playtime":1515,"items_purged":[],"score":116,"play_id":"cbb15d46-8029-461e-b1a6-9eb1b50da760","local_time":"20190511142910","is_ascension_mode":true,"campfire_choices":[],"neow_cost":"NONE","seed_source_timestamp":72002789820600,"circlet_count":0,"master_deck":["AscendersBane","Defend_G","Defend_G","Defend_G+1","Defend_G","Defend_G+1","Strike_G","Strike_G","Strike_G","Strike_G","Strike_G","Survivor","Neutralize+1","Dagger Spray","Predator","Well Laid Plans","Dodge and Roll","Die Die Die","Bouncing Flask+1"],"relics":["Ring of the Snake","War Paint","Toxic Egg 2"],"potions_floor_usage":[6,7,8],"damage_taken":[{"damage":2,"enemies":"Small Slimes","floor":1,"turns":5},{"damage":1,"enemies":"Jaw Worm","floor":3,"turns":4},{"damage":0,"enemies":"Cultist","floor":5,"turns":4},{"damage":37,"enemies":"Gremlin Nob","floor":6,"turns":5},{"damage":0,"enemies":"3 Louse","floor":7,"turns":1},{"damage":22,"enemies":"3 Sentries","floor":8,"turns":4}],"seed_played":"3078311043724521142","potions_obtained":[{"floor":3,"key":"SpeedPotion"},{"floor":6,"key":"Explosive Potion"},{"floor":7,"key":"Weak Potion"}],"is_trial":false,"path_per_floor":["M","$","M","?","M","E","M","E"],"character_chosen":"THE_SILENT","items_purchased":["Predator"],"campfire_rested":0,"item_purchase_floors":[2],"current_hp_per_floor":[57,57,56,56,56,19,19,0],"gold":99,"neow_bonus":"RANDOM_COMMON_RELIC","is_prod":false,"is_daily":false,"chose_seed":false,"campfire_upgraded":0,"win_rate":0,"timestamp":1557610150,"path_taken":["M","$","M","?","M","E","M","E"],"build_version":"2019-01-23","purchased_purges":0,"victory":false,"max_hp_per_floor":[66,66,66,66,66,66,66,66],"card_choices":[{"not_picked":["Backflip","Deflect"],"picked":"Dagger Spray","floor":1},{"not_picked":["Distraction","Slice"],"picked":"Well Laid Plans","floor":3},{"not_picked":["Setup","Blade Dance"],"picked":"Dodge and Roll","floor":5},{"not_picked":["Expertise","Deadly Poison"],"picked":"Die Die Die","floor":6},{"not_picked":["Choke","Flechettes"],"picked":"Bouncing Flask+1","floor":7}],"player_experience":1250330,"relics_obtained":[{"floor":6,"key":"Toxic Egg 2"}],"event_choices":[{"damage_healed":0,"gold_gain":0,"player_choice":"Grow","damage_taken":0,"max_hp_gain":0,"max_hp_loss":0,"event_name":"Living Wall","floor":4,"gold_loss":0,"cards_upgraded":["Neutralize"]}],"is_beta":false,"boss_relics":[],"items_purged_floors":[],"is_endless":false,"potions_floor_spawned":[3,6,7],"killed_by":"3 Sentries","ascension_level":20}