{"gold_per_floor":[110,126,126,137,137,137,169,184,210,222,247,290,320,344,356,368],"floor_reached":16,"playtime":1658,"items_purged":[],"score":200,"play_id":"d495720b-4559-44fd-a4ef-54acdb934ff6","local_time":"20190414100030","is_ascension_mode":true,"campfire_choices":[{"data":"Neutralize","floor":6.0,"key":"SMITH"},{"floor":10.0,"key":"REST"},{"floor":15.0,"key":"REST"}],"neow_cost":"NONE","seed_source_timestamp":1786183873500,"circlet_count":0,"master_deck":["AscendersBane","Defend_G","Defend_G","Defend_G","Defend_G","Defend_G","Strike_G","Strike_G","Strike_G","Strike_G","Survivor","Neutralize+1","Corpse Explosion","Poisoned Stab","Storm of Steel","Finisher","Dodge and Roll","Dagger Spray","Envenom","Bane","Masterful Stab","Backflip"],"special_seed":0,"relics":["Ring of the Snake","Vajra","MawBank","Potion Belt"],"potions_floor_usage":[],"damage_taken":[{"damage":2.0,"enemies":"Cultist","floor":1.0,"turns":6.0},{"damage":7.0,"enemies":"Jaw Worm","floor":2.0,"turns":4.0},{"damage":0.0,"enemies":"2 Louse","floor":4.0,"turns":1.0},{"damage":35.0,"enemies":"Gremlin Nob","floor":7.0,"turns":5.0},{"damage":2.0,"enemies":"Red Slaver","floor":8.0,"turns":4.0},{"damage":3.0,"enemies":"3 Louse","floor":11.0,"turns":3.0},{"damage":16.0,"enemies":"3 Sentries","floor":12.0,"turns":7.0},{"damage":0.0,"enemies":"Large Slime","floor":13.0,"turns":3.0},{"damage":12.0,"enemies":"Exordium Thugs","floor":14.0,"turns":4.0},{"damage":20,"enemies":"Slime Boss","floor":16,"turns":7}],"seed_played":"-4809725111945236245","potions_obtained":[{"floor":2.0,"key":"SteroidPotion"},{"floor":8.0,"key":"GamblersBrew"},{"floor":13.0,"key":"PowerPotion"}],"is_trial":false,"path_per_floor":["M","M","?","M","?","R","E","M","T","R","M","E","M","M","R","B"],"character_chosen":"THE_SILENT","items_purchased":[],"campfire_rested":2,"item_purchase_floors":[],"current_hp_per_floor":[57,50,50,50,50,50,15,13,13,32,29,13,13,1,20,0],"gold":368,"neow_bonus":"ONE_RANDOM_RARE_CARD","is_prod":false,"is_daily":false,"chose_seed":false,"campfire_upgraded":1,"win_rate":0,"timestamp":1555261230,"path_taken":["M","?","?","M","?","R","E","M","T","R","M","E","M","M","R","BOSS"],"build_version":"2019-01-23","purchased_purges":0,"victory":false,"max_hp_per_floor":[66,66,66,66,66,66,66,66,66,66,66,66,66,66,66,66],"card_choices":[{"not_picked":["Deadly Poison","Dodge and Roll"],"picked":"Poisoned Stab","floor":1.0},{"not_picked":["Setup","Acrobatics"],"picked":"Storm of Steel","floor":2.0},{"not_picked":["PiercingWail","Flying Knee"],"picked":"Finisher","floor":4.0},{"not_picked":["Acrobatics","Outmaneuver"],"picked":"Dodge and Roll","floor":7.0},{"not_picked":["Dagger Throw","Heel Hook"],"picked":"Dagger Spray","floor":8.0},{"not_picked":["Blade Dance","Dagger Throw"],"picked":"Envenom","floor":11.0},{"not_picked":["Leg Sweep","Dodge and Roll"],"picked":"Bane","floor":12.0},{"not_picked":["PiercingWail","Concentrate"],"picked":"Masterful Stab","floor":13.0},{"not_picked":["Outmaneuver","Accuracy"],"picked":"Backflip","floor":14.0}],"player_experience":840262,"relics_obtained":[{"floor":7.0,"key":"Vajra"},{"floor":9.0,"key":"MawBank"},{"floor":12.0,"key":"Potion Belt"}],"event_choices":[{"damage_healed":0.0,"max_hp_gain":0.0,"max_hp_loss":0.0,"gold_gain":0.0,"event_name":"Golden Wing","player_choice":"Ignored","floor":3.0,"gold_loss":0.0,"damage_taken":0.0},{"cards_removed":["Strike_G"],"damage_healed":0.0,"max_hp_gain":0.0,"max_hp_loss":0.0,"gold_gain":0.0,"event_name":"Purifier","player_choice":"Purged","floor":5.0,"gold_loss":0.0,"damage_taken":0.0}],"is_beta":false,"boss_relics":[],"items_purged_floors":[],"is_endless":false,"potions_floor_spawned":[2,8,13],"killed_by":"Slime Boss","ascension_level":15}