{"gold_per_floor":[115,134,45,55,74,74,106,120,146,146,146,174,191,216,216,294,294,313,269,269,269],"floor_reached":21,"playtime":788,"items_purged":[],"score":402,"play_id":"9268f6e8-167c-41b0-920b-56bca5b34804","local_time":"20190428000929","is_ascension_mode":true,"campfire_choices":[{"data":"Noxious Fumes","floor":6,"key":"SMITH"},{"floor":10,"key":"REST"},{"floor":15,"key":"REST"}],"neow_cost":"NONE","seed_source_timestamp":1127588895788170,"circlet_count":0,"master_deck":["AscendersBane","Defend_G","Defend_G","Defend_G","Defend_G","Survivor","Neutralize","Dagger Throw","Quick Slash","Noxious Fumes+1","Die Die Die","Dodge and Roll","Infinite Blades","Backflip","Leg Sweep","Cloak And Dagger","Dagger Spray","Malaise","Envenom+1","Heel Hook+1","Endless Agony+1","Noxious Fumes","Prepared","Predator"],"relics":["Ring of the Snake","NeowsBlessing","The Courier","Ancient Tea Set","Omamori","Anchor","Astrolabe"],"potions_floor_usage":[12,14,16,16,19],"damage_taken":[{"damage":0,"enemies":"Cultist","floor":1,"turns":1},{"damage":0,"enemies":"2 Louse","floor":2,"turns":1},{"damage":0,"enemies":"Small Slimes","floor":4,"turns":1},{"damage":6,"enemies":"2 Fungi Beasts","floor":5,"turns":3},{"damage":15,"enemies":"3 Sentries","floor":7,"turns":6},{"damage":12,"enemies":"Exordium Wildlife","floor":8,"turns":6},{"damage":7,"enemies":"Gremlin Nob","floor":12,"turns":3},{"damage":7,"enemies":"3 Louse","floor":13,"turns":3},{"damage":21,"enemies":"Lagavulin","floor":14,"turns":9},{"damage":17,"enemies":"Slime Boss","floor":16,"turns":7},{"damage":9,"enemies":"Shell Parasite","floor":18,"turns":6},{"damage":8,"enemies":"2 Thieves","floor":19,"turns":5},{"damage":46,"enemies":"Masked Bandits","floor":21,"turns":3}],"seed_played":"-7526830890113143975","potions_obtained":[{"floor":5,"key":"Swift Potion"},{"floor":7,"key":"EssenceOfSteel"},{"floor":8,"key":"Fire Potion"},{"floor":12,"key":"EssenceOfSteel"},{"floor":14,"key":"Poison Potion"},{"floor":16,"key":"Block Potion"}],"is_trial":false,"path_per_floor":["M","M","$","M","M","R","E","M","T","R","?","E","M","E","R","B",null,"M","M","?","?"],"character_chosen":"THE_SILENT","items_purchased":["Noxious Fumes"],"campfire_rested":2,"item_purchase_floors":[3],"current_hp_per_floor":[59,59,59,59,53,53,38,26,26,45,45,38,31,10,29,12,53,44,36,36,0],"gold":269,"neow_bonus":"THREE_ENEMY_KILL","is_prod":false,"is_daily":false,"chose_seed":false,"campfire_upgraded":1,"win_rate":0,"timestamp":1556420969,"path_taken":["M","M","$","?","M","R","E","M","T","R","?","E","?","E","R","BOSS","M","M","?","?"],"build_version":"2019-01-23","purchased_purges":0,"victory":false,"max_hp_per_floor":[66,66,66,66,66,66,66,66,66,66,66,66,66,66,66,66,66,66,66,66,66],"card_choices":[{"not_picked":["Dodge and Roll","Flechettes"],"picked":"Dagger Throw","floor":1},{"not_picked":["Bane","Backflip"],"picked":"Quick Slash","floor":2},{"not_picked":["Backflip","Cloak And Dagger"],"picked":"Die Die Die","floor":4},{"not_picked":["Skewer","Slice"],"picked":"Dodge and Roll","floor":5},{"not_picked":["Blade Dance","Night Terror"],"picked":"Infinite Blades","floor":7},{"not_picked":["Slice","Flying Knee"],"picked":"Backflip","floor":8},{"not_picked":["Acrobatics","Calculated Gamble"],"picked":"Leg Sweep","floor":12},{"not_picked":["Underhanded Strike","Caltrops"],"picked":"Cloak And Dagger","floor":13},{"not_picked":["Slice","Backflip"],"picked":"Dagger Spray","floor":14},{"not_picked":["Phantasmal Killer","Wraith Form v2"],"picked":"Malaise","floor":16},{"not_picked":["Flying Knee","Masterful Stab"],"picked":"Noxious Fumes","floor":18},{"not_picked":["Quick Slash","Tactician","Noxious Fumes"],"picked":"SKIP","floor":19}],"player_experience":2212978,"relics_obtained":[{"floor":7,"key":"The Courier"},{"floor":9,"key":"Ancient Tea Set"},{"floor":12,"key":"Omamori"},{"floor":14,"key":"Anchor"}],"event_choices":[{"cards_removed":["Strike_G"],"damage_healed":0,"gold_gain":0,"player_choice":"Offered Basic","damage_taken":0,"max_hp_gain":0,"max_hp_loss":0,"event_name":"Bonfire Elementals","floor":11,"gold_loss":0},{"damage_healed":0,"gold_gain":0,"cards_transformed":["Strike_G","Defend_G"],"player_choice":"Became Test Subject","damage_taken":0,"max_hp_gain":0,"max_hp_loss":0,"event_name":"Drug Dealer","floor":20,"gold_loss":0,"cards_obtained":["Prepared","Predator"]},{"damage_healed":0,"gold_gain":0,"player_choice":"Fought Bandits","damage_taken":0,"max_hp_gain":0,"max_hp_loss":0,"event_name":"Masked Bandits","floor":21,"gold_loss":0}],"is_beta":false,"boss_relics":[{"not_picked":["Empty Cage","WristBlade"],"picked":"Astrolabe"}],"items_purged_floors":[],"is_endless":false,"potions_floor_spawned":[5,7,8,12,13,14,16],"killed_by":"Masked Bandits","ascension_level":20}