{"gold_per_floor":[117,117,135,149,162,162,176,176,176,176,176,187,219,219],"floor_reached":14,"playtime":936,"items_purged":[],"score":184,"play_id":"3a266626-e645-4061-ab37-aa1e3f90bc12","local_time":"20190512215039","is_ascension_mode":true,"campfire_choices":[{"data":"Concentrate","floor":6,"key":"SMITH"},{"data":"Neutralize","floor":8,"key":"SMITH"},{"floor":11,"key":"REST"}],"neow_cost":"NONE","seed_source_timestamp":43069523126900,"circlet_count":0,"master_deck":["AscendersBane","Defend_G","Defend_G","Defend_G","Defend_G","Defend_G","Strike_G","Strike_G","Strike_G","Strike_G","Strike_G","Survivor","Neutralize+1","Poisoned Stab","Dagger Throw","Skewer","Concentrate+1","Prepared","Blade Dance","Blade Dance"],"relics":["Ring of the Snake","WarpedTongs","Du-Vu Doll","StoneCalendar"],"potions_floor_usage":[7,12,13],"damage_taken":[{"damage":0,"enemies":"2 Louse","floor":1,"turns":3},{"damage":3,"enemies":"Cultist","floor":3,"turns":4},{"damage":1,"enemies":"Small Slimes","floor":4,"turns":3},{"damage":7,"enemies":"Looter","floor":5,"turns":4},{"damage":8,"enemies":"2 Fungi Beasts","floor":7,"turns":4},{"damage":9,"enemies":"Blue Slaver","floor":12,"turns":3},{"damage":45,"enemies":"Gremlin Nob","floor":13,"turns":5},{"damage":10,"enemies":"3 Louse","floor":14,"turns":2}],"seed_played":"504416127461787564","potions_obtained":[{"floor":5,"key":"Weak Potion"},{"floor":7,"key":"LiquidBronze"},{"floor":12,"key":"SpeedPotion"}],"is_trial":false,"path_per_floor":["M","?","M","M","M","R","M","R","T","?","R","M","E","M"],"character_chosen":"THE_SILENT","items_purchased":[],"campfire_rested":1,"item_purchase_floors":[],"current_hp_per_floor":[65,65,62,61,54,54,46,46,46,39,60,51,6,0],"gold":219,"neow_bonus":"TEN_PERCENT_HP_BONUS","is_prod":false,"is_daily":false,"chose_seed":false,"campfire_upgraded":2,"win_rate":0,"timestamp":1557723039,"path_taken":["M","?","M","?","M","R","M","R","T","?","R","M","E","M"],"build_version":"2019-01-23","purchased_purges":0,"victory":false,"max_hp_per_floor":[72,72,72,72,72,72,72,72,72,72,72,72,72,72],"card_choices":[{"not_picked":["Cloak And Dagger","Backstab"],"picked":"Poisoned Stab","floor":1},{"not_picked":["Deadly Poison","Terror"],"picked":"Dagger Throw","floor":3},{"not_picked":["Backflip","Deflect"],"picked":"Skewer","floor":4},{"not_picked":["Riddle With Holes","Endless Agony"],"picked":"Concentrate","floor":5},{"not_picked":["Bane","Poisoned Stab"],"picked":"Prepared","floor":7},{"not_picked":["Concentrate","Finisher"],"picked":"Blade Dance","floor":12},{"not_picked":["Flying Knee","Grand Finale"],"picked":"Blade Dance","floor":13}],"player_experience":1303204,"relics_obtained":[{"floor":9,"key":"Du-Vu Doll"},{"floor":13,"key":"StoneCalendar"}],"event_choices":[{"damage_healed":0,"gold_gain":0,"player_choice":"Rummage","damage_taken":0,"relics_obtained":["WarpedTongs"],"max_hp_gain":0,"max_hp_loss":0,"event_name":"Accursed Blacksmith","floor":2,"gold_loss":0,"cards_obtained":["Pain"]},{"cards_removed":["Pain"],"damage_healed":0,"gold_gain":0,"player_choice":"Card Removal","damage_taken":7,"max_hp_gain":0,"max_hp_loss":0,"event_name":"Golden Wing","floor":10,"gold_loss":0}],"is_beta":false,"boss_relics":[],"items_purged_floors":[],"is_endless":false,"potions_floor_spawned":[5,7,12],"killed_by":"3 Louse","ascension_level":20}