{"gold_per_floor":[118,118,135,146,160,160,160,160,184,218,218,228,9,25,25,101,101,112,112],"floor_reached":19,"playtime":1348,"items_purged":[],"score":338,"play_id":"7efd39bd-7b20-4834-94d6-b75ded785a2c","local_time":"20190427193659","is_ascension_mode":true,"campfire_choices":[{"floor":6.0,"key":"REST"},{"floor":8.0,"key":"REST"},{"data":"Dagger Spray","floor":11.0,"key":"SMITH"},{"data":"Neutralize","floor":15,"key":"SMITH"}],"neow_cost":"NONE","seed_source_timestamp":83431409175500,"circlet_count":0,"master_deck":["AscendersBane","Defend_G","Defend_G","Defend_G","Defend_G","Defend_G","Strike_G","Strike_G","Strike_G","Strike_G","Strike_G","Survivor","Neutralize+1","Dagger Spray+1","Pain","Masterful Stab","Dagger Spray","Bouncing Flask","Flechettes","Cloak And Dagger","After Image"],"special_seed":0,"relics":["Ring of the Snake","WarpedTongs","Vajra","Strawberry","Bronze Scales","TwistedFunnel","Runic Pyramid"],"potions_floor_usage":[16],"damage_taken":[{"damage":35.0,"enemies":"Jaw Worm","floor":1.0,"turns":10.0},{"damage":6.0,"enemies":"Cultist","floor":3.0,"turns":4.0},{"damage":0.0,"enemies":"2 Louse","floor":4.0,"turns":2.0},{"damage":10.0,"enemies":"Exordium Thugs","floor":5.0,"turns":3.0},{"damage":9.0,"enemies":"3 Sentries","floor":10.0,"turns":5.0},{"damage":7,"enemies":"Blue Slaver","floor":12,"turns":2},{"damage":0,"enemies":"2 Fungi Beasts","floor":14,"turns":1},{"damage":16,"enemies":"The Guardian","floor":16,"turns":10},{"damage":40,"enemies":"Shell Parasite","floor":18,"turns":6},{"damage":24,"enemies":"Spheric Guardian","floor":19,"turns":3}],"seed_played":"-880465921503536678","potions_obtained":[{"floor":3.0,"key":"SteroidPotion"},{"floor":4.0,"key":"Fire Potion"},{"floor":10.0,"key":"Dexterity Potion"}],"is_trial":false,"path_per_floor":["M","?","M","M","M","R","?","R","T","E","R","M","$","M","R","B",null,"M","M"],"character_chosen":"THE_SILENT","items_purchased":["TwistedFunnel"],"campfire_rested":2,"item_purchase_floors":[13],"current_hp_per_floor":[24,24,18,18,8,27,27,46,53,44,44,37,37,37,37,21,60,20,0],"gold":112,"neow_bonus":"THREE_CARDS","is_prod":false,"is_daily":false,"chose_seed":false,"campfire_upgraded":2,"win_rate":0,"timestamp":1556419019,"path_taken":["M","?","M","M","?","R","?","R","T","E","R","M","?","M","R","BOSS","M","M"],"build_version":"2019-01-23","purchased_purges":0,"victory":false,"max_hp_per_floor":[66,66,66,66,66,66,66,66,73,73,73,73,73,73,73,73,73,73,73],"card_choices":[{"not_picked":["Deflect","Prepared"],"picked":"Crippling Poison","floor":0.0},{"not_picked":["Prepared","Blur"],"picked":"Dagger Spray","floor":1.0},{"not_picked":["Leg Sweep","Sucker Punch"],"picked":"Masterful Stab","floor":3.0},{"not_picked":["Concentrate","Prepared","Heel Hook"],"picked":"SKIP","floor":4.0},{"not_picked":["Dodge and Roll","Concentrate"],"picked":"Dagger Spray","floor":5.0},{"not_picked":["Choke","Heel Hook"],"picked":"Bouncing Flask","floor":10.0},{"not_picked":["A Thousand Cuts","Prepared"],"picked":"Flechettes","floor":12},{"not_picked":["Concentrate","Blade Dance"],"picked":"Cloak And Dagger","floor":14},{"not_picked":["Envenom","Night Terror"],"picked":"After Image","floor":16},{"not_picked":["Sucker Punch","Deflect","Quick Slash"],"picked":"SKIP","floor":18}],"player_experience":1006855,"relics_obtained":[{"floor":9.0,"key":"Strawberry"},{"floor":10.0,"key":"Bronze Scales"}],"event_choices":[{"damage_healed":0.0,"max_hp_gain":0.0,"max_hp_loss":0.0,"gold_gain":0.0,"event_name":"Accursed Blacksmith","player_choice":"Rummage","floor":2.0,"gold_loss":0.0,"damage_taken":0.0,"relics_obtained":["WarpedTongs"],"cards_obtained":["Pain"]},{"cards_removed":["Crippling Poison"],"damage_healed":0.0,"max_hp_gain":0.0,"max_hp_loss":0.0,"gold_gain":0.0,"event_name":"WeMeetAgain","player_choice":"Gave Card","floor":7.0,"gold_loss":0.0,"damage_taken":0.0,"relics_obtained":["Vajra"]}],"is_beta":false,"boss_relics":[{"not_picked":["Ring of the Serpent","Runic Dome"],"picked":"Runic Pyramid"}],"items_purged_floors":[],"is_endless":false,"potions_floor_spawned":[3,4,10],"killed_by":"Spheric Guardian","ascension_level":20}