{"gold_per_floor":[115,40,59,5,5,5,17,51,51,70,70,88,121,135,135,213,213,224,274,30,55,72,107,107,140,140,140,140,171,19,31,31,110,110,123,139,9,24,42,42,68,80,92,130,161,173,185,215,227,239],"floor_reached":50,"playtime":1823,"items_purged":["Strike_G"],"score":1140,"play_id":"18a81f57-52db-487c-a7eb-6e2a1f91087e","local_time":"20190418164307","is_ascension_mode":true,"campfire_choices":[{"data":"Deadly Poison","floor":6.0,"key":"SMITH"},{"floor":15.0,"key":"REST"},{"floor":24.0,"key":"REST"},{"floor":28.0,"key":"REST"},{"data":"Neutralize","floor":32.0,"key":"SMITH"},{"floor":40.0,"key":"REST"},{"floor":42.0,"key":"REST"},{"floor":47,"key":"RECALL"},{"floor":49,"key":"REST"}],"neow_cost":"NONE","seed_source_timestamp":322156152064350,"circlet_count":0,"master_deck":["AscendersBane","Defend_G","Defend_G","Defend_G","Defend_G","Defend_G","Strike_G","Strike_G","Strike_G","Strike_G","Survivor","Neutralize+1","Choke","Deadly Poison+1","Flying Knee","Skewer+1","Dodge and Roll","Wraith Form v2+1","Choke+1","Noxious Fumes+1","Dagger Spray","Night Terror","Choke","Flechettes+1","Apotheosis","A Thousand Cuts+1","Leg Sweep","Predator","Acrobatics+1","Cloak And Dagger","PiercingWail","Leg Sweep","Dodge and Roll+1","PiercingWail+1"],"special_seed":0,"relics":["Ring of the Snake","NeowsBlessing","Frozen Egg 2","StoneCalendar","Strawberry","Regal Pillow","Snecko Eye","Bronze Scales","Red Mask","Dodecahedron","Blood Vial","The Courier","Paper Crane","Runic Dome","Anchor","MawBank","Molten Egg 2"],"potions_floor_usage":[],"damage_taken":[{"damage":0.0,"enemies":"Cultist","floor":1.0,"turns":1.0},{"damage":0.0,"enemies":"2 Louse","floor":3.0,"turns":1.0},{"damage":0.0,"enemies":"Jaw Worm","floor":7.0,"turns":1.0},{"damage":19.0,"enemies":"Gremlin Nob","floor":8.0,"turns":4.0},{"damage":5.0,"enemies":"Looter","floor":10.0,"turns":4.0},{"damage":4.0,"enemies":"Blue Slaver","floor":12.0,"turns":4.0},{"damage":12.0,"enemies":"Lagavulin","floor":13.0,"turns":6.0},{"damage":14.0,"enemies":"Gremlin Gang","floor":14.0,"turns":4.0},{"damage":24.0,"enemies":"Slime Boss","floor":16.0,"turns":9.0},{"damage":0.0,"enemies":"Chosen","floor":18.0,"turns":5.0},{"damage":16.0,"enemies":"Masked Bandits","floor":21.0,"turns":5.0},{"damage":2.0,"enemies":"Spheric Guardian","floor":22.0,"turns":3.0},{"damage":5.0,"enemies":"Gremlin Leader","floor":23.0,"turns":4.0},{"damage":53.0,"enemies":"Book of Stabbing","floor":25.0,"turns":5.0},{"damage":16.0,"enemies":"Gremlin Leader","floor":29.0,"turns":7.0},{"damage":0.0,"enemies":"Centurion and Healer","floor":31.0,"turns":6.0},{"damage":39.0,"enemies":"Collector","floor":33.0,"turns":7.0},{"damage":30.0,"enemies":"3 Darklings","floor":35.0,"turns":4.0},{"damage":3.0,"enemies":"Orb Walker","floor":36.0,"turns":3.0},{"damage":0.0,"enemies":"Jaw Worm Horde","floor":38.0,"turns":4.0},{"damage":2.0,"enemies":"Spire Growth","floor":39.0,"turns":5.0},{"damage":35.0,"enemies":"Nemesis","floor":41.0,"turns":7.0},{"damage":27,"enemies":"Giant Head","floor":44,"turns":8},{"damage":2,"enemies":"Maw","floor":45,"turns":6},{"damage":0,"enemies":"4 Shapes","floor":48,"turns":3},{"damage":78,"enemies":"Donu and Deca","floor":50,"turns":10}],"seed_played":"-2065450038650190852","potions_obtained":[{"floor":3.0,"key":"PowerPotion"},{"floor":7.0,"key":"EssenceOfSteel"},{"floor":10.0,"key":"SkillPotion"},{"floor":13.0,"key":"Explosive Potion"},{"floor":14.0,"key":"Block Potion"},{"floor":22.0,"key":"Explosive Potion"},{"floor":23.0,"key":"Swift Potion"},{"floor":29.0,"key":"Ancient Potion"},{"floor":31.0,"key":"GhostInAJar"},{"floor":35.0,"key":"GamblersBrew"},{"floor":44,"key":"LiquidBronze"}],"is_trial":false,"path_per_floor":["M","$","M","$","T","R","M","E","T","M","?","M","E","M","R","B",null,"M","?","$","?","M","E","R","E","T","?","R","E","$","M","R","B",null,"M","M","$","M","M","R","E","R","T","E","M","?","R","M","R","B"],"character_chosen":"THE_SILENT","items_purchased":["Deadly Poison","Noxious Fumes+1","Bronze Scales","Apotheosis","Anchor"],"campfire_rested":6,"item_purchase_floors":[4,20,20,30,37],"current_hp_per_floor":[59,59,59,59,59,59,59,40,47,42,42,38,26,12,48,24,61,61,61,61,45,43,38,73,20,20,20,56,42,42,44,44,7,57,29,28,28,30,30,66,33,69,69,44,44,44,44,46,73,0],"gold":239,"neow_bonus":"THREE_ENEMY_KILL","is_prod":false,"is_daily":false,"chose_seed":false,"campfire_upgraded":2,"win_rate":0,"timestamp":1555616587,"path_taken":["M","?","M","$","?","R","M","E","T","M","?","?","E","M","R","BOSS","M","?","$","?","M","E","R","E","T","?","R","E","?","M","R","BOSS","M","?","?","M","M","R","E","R","T","E","M","?","R","M","R","BOSS"],"build_version":"2019-01-23","purchased_purges":1,"victory":false,"max_hp_per_floor":[66,66,66,66,66,66,66,66,73,73,73,73,73,73,73,73,73,73,73,73,73,73,73,73,73,73,73,73,73,73,73,73,73,73,73,73,73,73,73,73,73,73,73,73,73,73,73,73,73,73],"card_choices":[{"not_picked":["Blade Dance","Terror","Sucker Punch"],"picked":"SKIP","floor":1.0},{"not_picked":["Slice","Grand Finale"],"picked":"Choke","floor":3.0},{"not_picked":["Escape Plan","Terror"],"picked":"Flying Knee","floor":7.0},{"not_picked":["Dagger Throw","Flechettes"],"picked":"Skewer","floor":8.0},{"not_picked":["Reflex","Distraction","Sucker Punch"],"picked":"SKIP","floor":10.0},{"not_picked":["Backflip","Accuracy+1"],"picked":"Dodge and Roll","floor":12.0},{"not_picked":["Calculated Gamble","All Out Attack","Burst"],"picked":"SKIP","floor":13.0},{"not_picked":["Setup","Bane","Heel Hook"],"picked":"SKIP","floor":14.0},{"not_picked":["Grand Finale","Night Terror"],"picked":"Wraith Form v2+1","floor":16.0},{"not_picked":["Flying Knee","Slice"],"picked":"Choke+1","floor":18.0},{"not_picked":["Bane","Dodge and Roll"],"picked":"Dagger Spray","floor":22.0},{"not_picked":["Sucker Punch","Slice"],"picked":"Night Terror","floor":23.0},{"not_picked":["Prepared","Terror"],"picked":"Choke","floor":25.0},{"not_picked":["Expertise","Terror"],"picked":"Flechettes+1","floor":29.0},{"not_picked":["Poisoned Stab","Reflex","Concentrate"],"picked":"SKIP","floor":31.0},{"not_picked":["Night Terror","Tools of the Trade+1"],"picked":"A Thousand Cuts+1","floor":33.0},{"not_picked":["Riddle With Holes+1","Cloak And Dagger+1"],"picked":"Leg Sweep","floor":35.0},{"not_picked":["Slice+1","Finisher"],"picked":"Predator","floor":36.0},{"not_picked":["Distraction+1","Flying Knee"],"picked":"Acrobatics","floor":38.0},{"not_picked":["Flying Knee","Backstab"],"picked":"Cloak And Dagger","floor":39.0},{"not_picked":["Prepared","Escape Plan+1"],"picked":"PiercingWail","floor":41.0},{"not_picked":["Tactician","Bane"],"picked":"Leg Sweep","floor":44},{"not_picked":["Concentrate","Blade Dance+1"],"picked":"Dodge and Roll+1","floor":45},{"not_picked":["Heel Hook+1","Flying Knee+1"],"picked":"PiercingWail+1","floor":48}],"player_experience":2145012,"relics_obtained":[{"floor":5.0,"key":"Frozen Egg 2"},{"floor":8.0,"key":"StoneCalendar"},{"floor":9.0,"key":"Strawberry"},{"floor":13.0,"key":"Regal Pillow"},{"floor":21.0,"key":"Red Mask"},{"floor":23.0,"key":"Dodecahedron"},{"floor":25.0,"key":"Blood Vial"},{"floor":26.0,"key":"The Courier"},{"floor":29.0,"key":"Paper Crane"},{"floor":41.0,"key":"MawBank"},{"floor":44,"key":"Molten Egg 2"}],"event_choices":[{"damage_healed":0.0,"max_hp_gain":0.0,"max_hp_loss":0.0,"gold_gain":0.0,"event_name":"Accursed Blacksmith","player_choice":"Forge","floor":11.0,"gold_loss":0.0,"damage_taken":0.0,"cards_upgraded":["Skewer"]},{"damage_healed":0.0,"max_hp_gain":0.0,"max_hp_loss":0.0,"gold_gain":50.0,"event_name":"Nest","player_choice":"Stole From Cult","floor":19.0,"gold_loss":0.0,"damage_taken":0.0},{"damage_healed":0.0,"max_hp_gain":0.0,"max_hp_loss":0.0,"gold_gain":0.0,"event_name":"Masked Bandits","player_choice":"Fought Bandits","floor":21.0,"gold_loss":0.0,"damage_taken":0.0},{"damage_healed":0.0,"max_hp_gain":0.0,"max_hp_loss":0.0,"gold_gain":0.0,"event_name":"The Mausoleum","player_choice":"Ignored","floor":27.0,"gold_loss":0.0,"damage_taken":0.0},{"damage_healed":0,"gold_gain":0,"player_choice":"Upgraded","damage_taken":0,"max_hp_gain":0,"max_hp_loss":0,"event_name":"Upgrade Shrine","floor":46,"gold_loss":0,"cards_upgraded":["Acrobatics"]}],"is_beta":false,"boss_relics":[{"not_picked":["Busted Crown","Philosopher\u0027s Stone"],"picked":"Snecko Eye"},{"not_picked":["Runic Pyramid","Velvet Choker"],"picked":"Runic Dome"}],"items_purged_floors":[2],"is_endless":false,"potions_floor_spawned":[3,7,10,13,14,22,23,29,31,35,38,44,48],"killed_by":"Donu and Deca","ascension_level":20}