{"gold_per_floor":[118,30,49,49,12,42,42,67,91,48,77,109,121,150,162,174],"floor_reached":16,"playtime":782,"items_purged":[],"score":263,"play_id":"f94db727-6a8a-45b6-8a02-0af87528ef2d","local_time":"20190421100711","is_ascension_mode":true,"campfire_choices":[{"data":"Neutralize","floor":7.0,"key":"SMITH"},{"floor":15.0,"key":"REST"}],"neow_cost":"NONE","seed_source_timestamp":3372675062200,"circlet_count":0,"master_deck":["AscendersBane","Defend_G","Defend_G","Defend_G","Defend_G","Defend_G","Strike_G","Strike_G","Strike_G","Strike_G","Strike_G","Survivor","Neutralize+1","Sucker Punch","Well Laid Plans","Endless Agony","Sucker Punch","Noxious Fumes","PiercingWail","Dagger Throw","Dagger Spray"],"special_seed":0,"relics":["Ring of the Snake","NeowsBlessing","Omamori","Vajra","MawBank","Question Card"],"potions_floor_usage":[16,16],"damage_taken":[{"damage":0.0,"enemies":"2 Louse","floor":1.0,"turns":1.0},{"damage":0.0,"enemies":"Cultist","floor":3.0,"turns":1.0},{"damage":0.0,"enemies":"Lagavulin","floor":6.0,"turns":1.0},{"damage":42.0,"enemies":"Gremlin Nob","floor":8.0,"turns":6.0},{"damage":1.0,"enemies":"Small Slimes","floor":11.0,"turns":4.0},{"damage":0.0,"enemies":"2 Fungi Beasts","floor":12.0,"turns":4.0},{"damage":14.0,"enemies":"Exordium Thugs","floor":14.0,"turns":5.0},{"damage":28,"enemies":"Slime Boss","floor":16,"turns":6}],"seed_played":"6189070274771446570","potions_obtained":[{"floor":3.0,"key":"Energy Potion"},{"floor":11.0,"key":"Ancient Potion"},{"floor":14.0,"key":"Weak Potion"}],"is_trial":false,"path_per_floor":["M","$","M","?","$","E","R","E","T","?","M","M","?","M","R","B"],"character_chosen":"THE_SILENT","items_purchased":["Well Laid Plans","Endless Agony"],"campfire_rested":1,"item_purchase_floors":[2,5],"current_hp_per_floor":[59,59,59,59,59,59,59,17,17,17,16,16,16,2,21,0],"gold":174,"neow_bonus":"THREE_ENEMY_KILL","is_prod":false,"is_daily":false,"chose_seed":false,"campfire_upgraded":1,"win_rate":0,"timestamp":1555866431,"path_taken":["M","$","M","?","$","E","R","E","T","?","?","M","?","M","R","BOSS"],"build_version":"2019-01-23","purchased_purges":0,"victory":false,"max_hp_per_floor":[66,66,66,66,66,66,66,66,66,66,66,66,66,66,66,66],"card_choices":[{"not_picked":["PiercingWail","Terror"],"picked":"Sucker Punch","floor":1.0},{"not_picked":["Deflect","Sucker Punch","Terror"],"picked":"SKIP","floor":3.0},{"not_picked":["Backflip","PiercingWail"],"picked":"Sucker Punch","floor":6.0},{"not_picked":["Endless Agony","Quick Slash"],"picked":"Noxious Fumes","floor":8.0},{"not_picked":["Dodge and Roll","Acrobatics","Deflect"],"picked":"PiercingWail","floor":11.0},{"not_picked":["Dodge and Roll","Expertise","Riddle With Holes"],"picked":"Dagger Throw","floor":12.0},{"not_picked":["Backstab","Outmaneuver","Dagger Throw"],"picked":"Dagger Spray","floor":14.0}],"player_experience":939386,"relics_obtained":[{"floor":6.0,"key":"Omamori"},{"floor":8.0,"key":"Vajra"},{"floor":9.0,"key":"MawBank"}],"event_choices":[{"damage_healed":0.0,"max_hp_gain":0.0,"max_hp_loss":0.0,"gold_gain":0.0,"event_name":"The Cleric","player_choice":"Leave","floor":4.0,"gold_loss":0.0,"damage_taken":0.0},{"damage_healed":0.0,"max_hp_gain":0.0,"max_hp_loss":0.0,"gold_gain":0.0,"event_name":"WeMeetAgain","player_choice":"Paid Gold","floor":10.0,"gold_loss":55.0,"damage_taken":0.0,"relics_obtained":["Question Card"]},{"damage_healed":0.0,"max_hp_gain":0.0,"max_hp_loss":0.0,"gold_gain":0.0,"event_name":"Shining Light","player_choice":"Ignored","floor":13.0,"gold_loss":0.0,"damage_taken":0.0}],"is_beta":false,"boss_relics":[],"items_purged_floors":[],"is_endless":false,"potions_floor_spawned":[3,11,14],"killed_by":"Slime Boss","ascension_level":19}