{"gold_per_floor":[111,131,206,0,10,40,52,99,137,149,180,192,222,234,246,379,391,416,44,44,68,84,84,119,119,144,160,160,17,38,56,56,181,181,199,212,212,230,230,230,244,244,269,330,330,353,353,353,353,353],"floor_reached":50,"playtime":3372,"items_purged":["Injury","Pommel Strike"],"score":627,"play_id":"f515053b-a670-4328-86b7-a65db247bfe0","local_time":"20181128224538","is_ascension_mode":false,"campfire_choices":[{"data":"Armaments","floor":7,"key":"SMITH"},{"data":"Spot Weakness","floor":10,"key":"SMITH"},{"data":"Infernal Blade","floor":12,"key":"SMITH"},{"floor":15,"key":"REST"},{"data":"Armaments","floor":23,"key":"SMITH"},{"data":"Spot Weakness","floor":25,"key":"SMITH"},{"data":"Seeing Red","floor":28,"key":"SMITH"},{"floor":32,"key":"REST"},{"data":"Infernal Blade","floor":40,"key":"SMITH"},{"floor":42,"key":"REST"},{"floor":45,"key":"REST"},{"floor":47,"key":"REST"},{"floor":49,"key":"REST"}],"neow_cost":"NONE","seed_source_timestamp":694384702359632,"circlet_count":0,"master_deck":["Fiend Fire+1","Bludgeon+1","Armaments+1","Armaments+1","Clothesline","Anger","Infernal Blade+1","Spot Weakness+1","Spot Weakness+1","Searing Blow","Infernal Blade+1","Armaments+1","Battle Trance","Warcry","Seeing Red+1","Spot Weakness","Carnage","Offering","Flex","Searing Blow","Blind","Intimidate+1","Bloodletting+1","Infernal Blade+1","Offering","Heavy Blade+1"],"relics":["Astrolabe","Brimstone","Strawberry","Red Skull","Golden Idol","Pandora\u0027s Box","Bag of Marbles","Oddly Smooth Stone","Nloth\u0027s Gift","Centennial Puzzle","Smiling Mask","Runic Pyramid","Orichalcum","Tiny Chest"],"potions_floor_usage":[16,16,24,24,30,33,33,44,44,50],"damage_taken":[{"damage":0,"enemies":"Cultist","floor":1,"turns":2},{"damage":11,"enemies":"Jaw Worm","floor":2,"turns":2},{"damage":0,"enemies":"2 Louse","floor":5,"turns":2},{"damage":0,"enemies":"Gremlin Nob","floor":6,"turns":2},{"damage":20,"enemies":"Lagavulin","floor":8,"turns":3},{"damage":3,"enemies":"Exordium Thugs","floor":11,"turns":3},{"damage":6,"enemies":"Gremlin Gang","floor":13,"turns":3},{"damage":40,"enemies":"The Guardian","floor":16,"turns":5},{"damage":8,"enemies":"Chosen","floor":18,"turns":2},{"damage":6,"enemies":"Shell Parasite","floor":21,"turns":1},{"damage":6,"enemies":"Sentry and Sphere","floor":22,"turns":2},{"damage":6,"enemies":"Gremlin Leader","floor":24,"turns":1},{"damage":0,"enemies":"Snake Plant","floor":27,"turns":2},{"damage":21,"enemies":"Cultist and Chosen","floor":30,"turns":4},{"damage":12,"enemies":"Shelled Parasite and Fungi","floor":31,"turns":1},{"damage":36,"enemies":"Collector","floor":33,"turns":5},{"damage":12,"enemies":"3 Darklings","floor":35,"turns":2},{"damage":11,"enemies":"Orb Walker","floor":36,"turns":2},{"damage":15,"enemies":"4 Shapes","floor":38,"turns":1},{"damage":32,"enemies":"3 Darklings","floor":41,"turns":3},{"damage":15,"enemies":"Giant Head","floor":44,"turns":1},{"damage":20,"enemies":"Maw","floor":46,"turns":2},{"damage":109,"enemies":"Time Eater","floor":50,"turns":6}],"seed_played":"-5874306117081747219","potions_obtained":[{"floor":8,"key":"SkillPotion"},{"floor":11,"key":"BloodPotion"},{"floor":16,"key":"PowerPotion"},{"floor":18,"key":"Block Potion"},{"floor":21,"key":"BloodPotion"},{"floor":27,"key":"GamblersBrew"},{"floor":30,"key":"SteroidPotion"},{"floor":38,"key":"Dexterity Potion"},{"floor":41,"key":"Energy Potion"},{"floor":44,"key":"FairyPotion"},{"floor":46,"key":"Block Potion"}],"is_trial":false,"path_per_floor":["M","M","?","$","M","E","R","E","T","R","M","R","M","?","R","B",null,"M","$","?","M","M","R","E","R","T","M","R","$","M","M","R","B",null,"M","M","?","M","$","R","M","R","T","E","R","M","R","?","R","B"],"character_chosen":"IRONCLAD","items_purchased":["Brimstone","Bag of Marbles","Oddly Smooth Stone","Blind"],"campfire_rested":6,"item_purchase_floors":[4,19,19,29],"current_hp_per_floor":[80,69,58,58,58,58,58,45,45,45,42,42,36,36,62,30,87,79,79,79,73,67,67,69,69,69,69,69,69,48,36,62,26,87,75,64,64,49,49,49,17,43,43,28,54,34,60,60,86,0],"gold":353,"neow_bonus":"BOSS_RELIC","is_prod":false,"is_daily":false,"chose_seed":false,"campfire_upgraded":7,"win_rate":0.0,"timestamp":1543466738,"path_taken":["M","M","?","$","M","E","R","E","T","R","M","R","M","?","R","BOSS","M","$","?","M","M","R","E","R","T","M","R","$","M","M","R","BOSS","M","M","?","M","$","R","M","R","T","E","R","?","R","?","R","BOSS"],"build_version":"2018-11-15","purchased_purges":2,"victory":false,"max_hp_per_floor":[80,80,80,80,80,80,80,87,87,87,87,87,87,87,87,87,87,87,87,87,87,87,87,87,87,87,87,87,87,87,87,87,87,87,87,87,87,87,87,87,87,87,87,87,87,87,87,87,87,87],"card_choices":[{"not_picked":["Perfected Strike","Corruption"],"picked":"Armaments","floor":1},{"not_picked":["Heavy Blade","Iron Wave"],"picked":"Clothesline","floor":2},{"not_picked":["Clash","Perfected Strike"],"picked":"Anger","floor":5},{"not_picked":["Headbutt","True Grit"],"picked":"Infernal Blade","floor":6},{"not_picked":["Uppercut","Feel No Pain"],"picked":"Spot Weakness","floor":8},{"not_picked":["Rupture","True Grit"],"picked":"Pommel Strike","floor":11},{"not_picked":["Thunderclap","Heavy Blade"],"picked":"Spot Weakness","floor":13},{"not_picked":["Bludgeon","Immolate"],"picked":"Offering","floor":16},{"not_picked":["Perfected Strike","Sword Boomerang"],"picked":"Carnage","floor":18},{"not_picked":["Clothesline","Iron Wave"],"picked":"Offering","floor":21},{"not_picked":["Disarm","Clash+1"],"picked":"Flex","floor":22},{"not_picked":["Berserk","Feed"],"picked":"Searing Blow","floor":24},{"not_picked":["Rupture","Metallicize+1","Body Slam"],"picked":"SKIP","floor":27},{"not_picked":["Impervious","Wild Strike","Thunderclap"],"picked":"SKIP","floor":30},{"not_picked":["Pummel","Clothesline+1","Clash"],"picked":"SKIP","floor":31},{"not_picked":["Thunderclap+1","Rage+1"],"picked":"Intimidate+1","floor":35},{"not_picked":["Cleave","Sword Boomerang"],"picked":"Bloodletting+1","floor":36},{"not_picked":["Pommel Strike+1","Warcry","Headbutt"],"picked":"SKIP","floor":38},{"not_picked":["Whirlwind","Wild Strike"],"picked":"Offering","floor":41},{"not_picked":["Perfected Strike+1","Rage+1","Body Slam+1"],"picked":"SKIP","floor":44},{"not_picked":["Body Slam","Inflame+1"],"picked":"Heavy Blade+1","floor":46}],"player_experience":167514,"relics_obtained":[{"floor":6,"key":"MawBank"},{"floor":8,"key":"Strawberry"},{"floor":9,"key":"Red Skull"},{"floor":24,"key":"Centennial Puzzle"},{"floor":26,"key":"Smiling Mask"},{"floor":43,"key":"Orichalcum"},{"floor":44,"key":"Tiny Chest"}],"event_choices":[{"damage_healed":0,"gold_gain":75,"player_choice":"Gather Gold","damage_taken":11,"max_hp_gain":0,"max_hp_loss":0,"event_name":"World of Goop","floor":3,"gold_loss":0},{"damage_healed":0,"gold_gain":0,"player_choice":"Take Wound","damage_taken":0,"relics_obtained":["Golden Idol"],"max_hp_gain":0,"max_hp_loss":0,"event_name":"Golden Idol","floor":14,"gold_loss":0,"cards_obtained":["Injury"]},{"damage_healed":0,"gold_gain":0,"player_choice":"Traded Relic","damage_taken":0,"relics_obtained":["Nloth\u0027s Gift"],"max_hp_gain":0,"max_hp_loss":0,"event_name":"N\u0027loth","floor":20,"relics_lost":["MawBank"],"gold_loss":0},{"damage_healed":0,"gold_gain":0,"player_choice":"Copied","damage_taken":0,"max_hp_gain":0,"max_hp_loss":0,"event_name":"Duplicator","floor":37,"gold_loss":0,"cards_obtained":["Infernal Blade"]},{"cards_removed":["Offering"],"damage_healed":0,"gold_gain":0,"player_choice":"Removed Skill","damage_taken":0,"max_hp_gain":0,"max_hp_loss":0,"event_name":"Falling","floor":48,"gold_loss":0}],"is_beta":false,"boss_relics":[{"not_picked":["Runic Cube","Calling Bell"],"picked":"Pandora\u0027s Box"},{"not_picked":["Coffee Dripper","Velvet Choker"],"picked":"Runic Pyramid"}],"items_purged_floors":[19,29],"is_endless":false,"potions_floor_spawned":[8,11,16,18,21,27,30,38,41,44,46],"killed_by":"Time Eater","ascension_level":0}