{"gold_per_floor":[211,223,5,21,32,59,59,90,141,141,172,172,197,45,45,45],"floor_reached":16,"playtime":552,"items_purged":[],"score":256,"play_id":"b47de232-9571-47e5-a6d7-d9a02608fd99","local_time":"20190427201423","is_ascension_mode":true,"campfire_choices":[{"data":"Deadly Poison","floor":7,"key":"SMITH"},{"floor":12,"key":"REST"},{"data":"A Thousand Cuts","floor":15,"key":"SMITH"}],"neow_cost":"NONE","seed_source_timestamp":1113720905010602,"circlet_count":0,"master_deck":["AscendersBane","Defend_G","Defend_G","Defend_G","Defend_G","Defend_G","Strike_G","Strike_G","Strike_G","Strike_G","Strike_G","Survivor","Neutralize","Leg Sweep","Footwork","Dash","Slice","Deadly Poison+1","Well Laid Plans","Cloak And Dagger","Backflip","Dash","A Thousand Cuts+1"],"relics":["Ring of the Snake","Strawberry","Shuriken","Oddly Smooth Stone","Regal Pillow","Omamori"],"potions_floor_usage":[5,6,8,8,16],"damage_taken":[{"damage":1,"enemies":"Jaw Worm","floor":1,"turns":5},{"damage":8,"enemies":"Cultist","floor":2,"turns":6},{"damage":0,"enemies":"2 Louse","floor":4,"turns":3},{"damage":10,"enemies":"Exordium Thugs","floor":5,"turns":8},{"damage":9,"enemies":"3 Sentries","floor":6,"turns":11},{"damage":8,"enemies":"Gremlin Nob","floor":8,"turns":3},{"damage":20,"enemies":"3 Sentries","floor":11,"turns":13},{"damage":34,"enemies":"Gremlin Nob","floor":13,"turns":5},{"damage":25,"enemies":"Slime Boss","floor":16,"turns":3}],"seed_played":"-567920909377848473","potions_obtained":[{"floor":4,"key":"Poison Potion"},{"floor":5,"key":"AttackPotion"},{"floor":6,"key":"PowerPotion"},{"floor":13,"key":"Regen Potion"}],"is_trial":false,"path_per_floor":["M","M","$","M","M","E","R","E","T","?","E","R","E","$","R","B"],"character_chosen":"THE_SILENT","items_purchased":["Footwork","Dash","Fire Potion","A Thousand Cuts"],"campfire_rested":1,"item_purchase_floors":[3,3,3,14],"current_hp_per_floor":[58,50,50,50,40,38,38,30,30,30,10,46,12,12,12,0],"gold":45,"neow_bonus":"HUNDRED_GOLD","is_prod":false,"is_daily":false,"chose_seed":false,"campfire_upgraded":2,"win_rate":0,"timestamp":1556406863,"path_taken":["M","M","$","M","M","E","R","E","T","?","E","R","E","$","R","BOSS"],"build_version":"2019-01-23","purchased_purges":0,"victory":false,"max_hp_per_floor":[66,66,66,66,66,73,73,73,73,73,73,73,73,73,73,73],"card_choices":[{"not_picked":["Cloak And Dagger","Caltrops"],"picked":"Leg Sweep","floor":1},{"not_picked":["Blade Dance","Riddle With Holes","Distraction"],"picked":"SKIP","floor":2},{"not_picked":["Dodge and Roll","Underhanded Strike"],"picked":"Slice","floor":4},{"not_picked":["Bane","A Thousand Cuts"],"picked":"Deadly Poison","floor":5},{"not_picked":["Backflip","Setup"],"picked":"Well Laid Plans","floor":6},{"not_picked":["Phantasmal Killer","Caltrops"],"picked":"Cloak And Dagger","floor":8},{"not_picked":["Finisher","Leg Sweep"],"picked":"Backflip","floor":11},{"not_picked":["Choke","Underhanded Strike"],"picked":"Dash","floor":13}],"player_experience":2207007,"relics_obtained":[{"floor":6,"key":"Strawberry"},{"floor":8,"key":"Shuriken"},{"floor":9,"key":"Oddly Smooth Stone"},{"floor":11,"key":"Regal Pillow"},{"floor":13,"key":"Omamori"}],"event_choices":[{"damage_healed":0,"gold_gain":0,"player_choice":"Ignored","damage_taken":0,"max_hp_gain":0,"max_hp_loss":0,"event_name":"Liars Game","floor":10,"gold_loss":0}],"is_beta":false,"boss_relics":[],"items_purged_floors":[],"is_endless":false,"potions_floor_spawned":[4,5,6,13],"killed_by":"Slime Boss","ascension_level":20}