{"gold_per_floor":[113,113,113,136,136,175,175,175,175,199,240,240,256,256,256,355,355,373,54,54,79,97,97,141,141],"floor_reached":25,"playtime":1963,"items_purged":[],"score":508,"play_id":"2cf61d1b-7e06-4102-ac63-b97189894ebb","local_time":"20190511194525","is_ascension_mode":true,"campfire_choices":[{"data":"Neutralize","floor":7,"key":"SMITH"},{"data":"Bouncing Flask","floor":12,"key":"SMITH"},{"data":"Survivor","floor":15,"key":"SMITH"},{"floor":23,"key":"REST"}],"neow_cost":"NONE","seed_source_timestamp":90529758227900,"circlet_count":0,"master_deck":["AscendersBane","Defend_G","Defend_G","Defend_G","Defend_G","Defend_G+1","Strike_G+1","Strike_G","Strike_G","Strike_G","Strike_G+1","Survivor+1","Neutralize+1","Acrobatics+1","Flechettes","Unload+1","Poisoned Stab+1","Bouncing Flask+1","Dagger Spray+1","Adrenaline","Cloak And Dagger","PiercingWail","Well Laid Plans","Leg Sweep","Escape Plan","Leg Sweep"],"relics":["Ring of the Snake","NeowsBlessing","Golden Idol","Molten Egg 2","Unceasing Top","Letter Opener","War Paint","Lizard Tail","Anchor","PreservedInsect"],"potions_floor_usage":[11,13,13,22,25],"damage_taken":[{"damage":0,"enemies":"Jaw Worm","floor":1,"turns":1},{"damage":0,"enemies":"Small Slimes","floor":4,"turns":1},{"damage":0,"enemies":"Lagavulin","floor":6,"turns":1},{"damage":0,"enemies":"2 Louse","floor":10,"turns":2},{"damage":6,"enemies":"Gremlin Nob","floor":11,"turns":3},{"damage":2,"enemies":"Exordium Thugs","floor":13,"turns":4},{"damage":33,"enemies":"The Guardian","floor":16,"turns":9},{"damage":5,"enemies":"3 Byrds","floor":18,"turns":6},{"damage":5,"enemies":"Colosseum Slavers","floor":20,"turns":4},{"damage":8,"enemies":"Shell Parasite","floor":21,"turns":6},{"damage":21,"enemies":"Shelled Parasite and Fungi","floor":22,"turns":6},{"damage":54,"enemies":"Book of Stabbing","floor":24,"turns":7},{"damage":7,"enemies":"Snake Plant","floor":25,"turns":2}],"seed_played":"-5179909432544144166","potions_obtained":[{"floor":1,"key":"FearPotion"},{"floor":10,"key":"Energy Potion"},{"floor":11,"key":"Regen Potion"},{"floor":24,"key":"SteroidPotion"}],"is_trial":false,"path_per_floor":["M","?","?","M","?","E","R","T","T","M","E","R","M","?","R","B",null,"M","$","?","M","M","R","E","M"],"character_chosen":"THE_SILENT","items_purchased":["PiercingWail","Well Laid Plans","Anchor","Swift Potion"],"campfire_rested":1,"item_purchase_floors":[19,19,19,19],"current_hp_per_floor":[59,59,59,59,41,41,41,41,41,41,35,35,47,47,47,14,49,44,44,39,31,10,28,4,0],"gold":141,"neow_bonus":"THREE_ENEMY_KILL","is_prod":false,"is_daily":false,"chose_seed":false,"campfire_upgraded":3,"win_rate":0,"timestamp":1557629125,"path_taken":["M","?","?","M","?","E","R","?","T","?","E","R","M","?","R","BOSS","M","$","?","M","M","R","E","M"],"build_version":"2019-01-23","purchased_purges":0,"victory":false,"max_hp_per_floor":[66,66,60,60,60,60,60,60,60,60,60,60,60,60,60,60,60,60,60,60,60,60,60,60,60],"card_choices":[{"not_picked":["Infinite Blades","Deflect"],"picked":"Acrobatics","floor":1},{"not_picked":["Cloak And Dagger","Poisoned Stab"],"picked":"Flechettes","floor":4},{"not_picked":["Slice","Backflip"],"picked":"Unload","floor":6},{"not_picked":["Quick Slash+1","Dagger Spray+1"],"picked":"Poisoned Stab+1","floor":10},{"not_picked":["Noxious Fumes","Bullet Time"],"picked":"Bouncing Flask","floor":11},{"not_picked":["Heel Hook+1","Flechettes+1"],"picked":"Dagger Spray+1","floor":13},{"not_picked":["Burst","Storm of Steel"],"picked":"Adrenaline","floor":16},{"not_picked":["Skewer+1","Predator+1"],"picked":"Cloak And Dagger","floor":18},{"not_picked":["Noxious Fumes","Blade Dance"],"picked":"Leg Sweep","floor":21},{"not_picked":["Acrobatics","Dagger Spray+1"],"picked":"Escape Plan","floor":22},{"not_picked":["Quick Slash+1","Venomology"],"picked":"Leg Sweep","floor":24}],"player_experience":1262649,"relics_obtained":[{"floor":6,"key":"Molten Egg 2"},{"floor":8,"key":"Unceasing Top"},{"floor":9,"key":"Letter Opener"},{"floor":11,"key":"War Paint"},{"floor":24,"key":"PreservedInsect"}],"event_choices":[{"damage_healed":0,"gold_gain":0,"player_choice":"Ignored","damage_taken":0,"max_hp_gain":0,"max_hp_loss":0,"event_name":"Golden Wing","floor":2,"gold_loss":0},{"damage_healed":0,"gold_gain":0,"player_choice":"Lose Max HP","damage_taken":0,"relics_obtained":["Golden Idol"],"max_hp_gain":0,"max_hp_loss":6,"event_name":"Golden Idol","floor":3,"gold_loss":0},{"damage_healed":0,"gold_gain":0,"player_choice":"Entered Light","damage_taken":18,"max_hp_gain":0,"max_hp_loss":0,"event_name":"Shining Light","floor":5,"gold_loss":0,"cards_upgraded":["Strike_G","Strike_G"]},{"damage_healed":0,"gold_gain":0,"player_choice":"Searched \u00270\u0027 times","damage_taken":0,"max_hp_gain":0,"max_hp_loss":0,"event_name":"Dead Adventurer","floor":14,"gold_loss":0},{"damage_healed":0,"gold_gain":0,"player_choice":"Fight","damage_taken":0,"max_hp_gain":0,"max_hp_loss":0,"event_name":"Colosseum","floor":20,"gold_loss":0},{"damage_healed":0,"gold_gain":0,"player_choice":"Fled From Nobs","damage_taken":0,"max_hp_gain":0,"max_hp_loss":0,"event_name":"Colosseum","floor":20,"gold_loss":0}],"is_beta":false,"boss_relics":[{"not_picked":["Snecko Eye","Tiny House"],"picked":"Lizard Tail"}],"items_purged_floors":[],"is_endless":false,"potions_floor_spawned":[1,10,11,20,24],"killed_by":"Snake Plant","ascension_level":20}