{"gold_per_floor":[118,132,49,59,24,24,51,70,70,82,82,113,125,145,145,145],"floor_reached":16,"playtime":1190,"items_purged":[],"score":205,"play_id":"020b7c6d-a847-4a34-9b73-89eee95ed295","local_time":"20190415181236","is_ascension_mode":true,"campfire_choices":[{"data":"Dagger Spray","floor":6,"key":"SMITH"},{"data":"Deadly Poison","floor":11,"key":"SMITH"},{"floor":15,"key":"REST"}],"neow_cost":"NONE","seed_source_timestamp":118329001044100,"circlet_count":0,"master_deck":["AscendersBane","Defend_G","Defend_G","Defend_G","Defend_G","Defend_G","Strike_G","Strike_G","Strike_G","Strike_G","Strike_G","Survivor","Neutralize","Dagger Spray+1","Quick Slash","Poisoned Stab","Footwork","Deadly Poison+1","Deflect","Bullet Time","Backflip","Riddle With Holes"],"relics":["Ring of the Snake","Bag of Marbles","Darkstone Periapt","Prayer Wheel"],"potions_floor_usage":[2,4,12,12,14,16],"damage_taken":[{"damage":5,"enemies":"2 Louse","floor":1,"turns":3},{"damage":0,"enemies":"Small Slimes","floor":2,"turns":3},{"damage":4,"enemies":"Jaw Worm","floor":4,"turns":2},{"damage":22,"enemies":"3 Sentries","floor":7,"turns":8},{"damage":0,"enemies":"Exordium Wildlife","floor":8,"turns":1},{"damage":3,"enemies":"Looter","floor":10,"turns":2},{"damage":14,"enemies":"Gremlin Nob","floor":12,"turns":4},{"damage":2,"enemies":"2 Fungi Beasts","floor":13,"turns":3},{"damage":0,"enemies":"Large Slime","floor":14,"turns":4},{"damage":59,"enemies":"Slime Boss","floor":16,"turns":7}],"seed_played":"-4423614354096464607","potions_obtained":[{"floor":1,"key":"Energy Potion"},{"floor":2,"key":"FearPotion"},{"floor":8,"key":"Poison Potion"},{"floor":10,"key":"Energy Potion"},{"floor":13,"key":"Ancient Potion"},{"floor":14,"key":"Energy Potion"}],"is_trial":false,"path_per_floor":["M","M","$","M","?","R","E","M","T","M","R","E","M","M","R","B"],"character_chosen":"THE_SILENT","items_purchased":["Footwork"],"campfire_rested":1,"item_purchase_floors":[3],"current_hp_per_floor":[54,54,54,50,66,66,44,44,44,41,41,27,25,25,44,0],"gold":145,"neow_bonus":"THREE_CARDS","is_prod":false,"is_daily":false,"chose_seed":false,"campfire_upgraded":2,"win_rate":0,"timestamp":1555377156,"path_taken":["M","M","$","M","?","R","E","M","T","M","R","E","M","M","R","BOSS"],"build_version":"2019-01-23","purchased_purges":0,"victory":false,"max_hp_per_floor":[66,66,66,66,66,66,66,66,66,66,66,66,66,66,66,66],"card_choices":[{"not_picked":["Dodge and Roll","Dagger Throw"],"picked":"Dagger Spray","floor":0},{"not_picked":["Flechettes","Endless Agony"],"picked":"Quick Slash","floor":1},{"not_picked":["Riddle With Holes","Escape Plan"],"picked":"Poisoned Stab","floor":2},{"not_picked":["Eviscerate","Underhanded Strike"],"picked":"Deadly Poison","floor":4},{"not_picked":["Grand Finale","Quick Slash","Outmaneuver"],"picked":"SKIP","floor":7},{"not_picked":["Accuracy","Expertise"],"picked":"Deflect","floor":8},{"not_picked":["Distraction","Setup","Prepared"],"picked":"SKIP","floor":10},{"not_picked":["Prepared","Endless Agony"],"picked":"Bullet Time","floor":12},{"not_picked":["Poisoned Stab","Footwork"],"picked":"Backflip","floor":13},{"not_picked":["Endless Agony","Cloak And Dagger","Blade Dance"],"picked":"SKIP","floor":13},{"not_picked":["Sucker Punch","Dagger Throw"],"picked":"Riddle With Holes","floor":14},{"not_picked":["Slice","Underhanded Strike","Concentrate"],"picked":"SKIP","floor":14}],"player_experience":869726,"relics_obtained":[{"floor":7,"key":"Bag of Marbles"},{"floor":9,"key":"Darkstone Periapt"},{"floor":12,"key":"Prayer Wheel"}],"event_choices":[{"damage_healed":16,"gold_gain":0,"player_choice":"Healed","damage_taken":0,"max_hp_gain":0,"max_hp_loss":0,"event_name":"The Cleric","floor":5,"gold_loss":35}],"is_beta":false,"boss_relics":[],"items_purged_floors":[],"is_endless":false,"potions_floor_spawned":[1,2,8,10,13,14],"killed_by":"Slime Boss","ascension_level":16}