{"gold_per_floor":[113,33,46,46,66,100,100,100,100,140,156,172,172],"floor_reached":13,"playtime":1190,"items_purged":[],"score":190,"play_id":"4a906aba-d898-4be4-9dc4-a967757d63e4","local_time":"20190517215618","is_ascension_mode":true,"campfire_choices":[{"floor":8.0,"key":"REST"}],"neow_cost":"NONE","seed_source_timestamp":97533663856900,"circlet_count":0,"master_deck":["AscendersBane","Defend_G","Defend_G","Defend_G","Defend_G","Defend_G","Strike_G","Strike_G","Strike_G","Strike_G","Strike_G","Survivor","Neutralize","PiercingWail","Dagger Spray","Flying Knee","Parasite","Adrenaline","Cloak And Dagger","Escape Plan"],"special_seed":0,"relics":["Ring of the Snake","Golden Idol","Meat on the Bone","The Courier","Bag of Preparation"],"potions_floor_usage":[10],"damage_taken":[{"damage":4.0,"enemies":"Jaw Worm","floor":1.0,"turns":7.0},{"damage":0.0,"enemies":"2 Louse","floor":3.0,"turns":2.0},{"damage":0.0,"enemies":"Cultist","floor":5.0,"turns":5.0},{"damage":49.0,"enemies":"3 Sentries","floor":6.0,"turns":12.0},{"damage":35,"enemies":"Gremlin Nob","floor":10,"turns":6},{"damage":12,"enemies":"Red Slaver","floor":11,"turns":4},{"damage":12,"enemies":"Exordium Wildlife","floor":12,"turns":5},{"damage":24,"enemies":"Lagavulin","floor":13,"turns":6}],"seed_played":"-5506051001373237408","potions_obtained":[{"floor":1.0,"key":"SteroidPotion"},{"floor":5.0,"key":"Ancient Potion"}],"is_trial":false,"path_per_floor":["M","$","M","?","M","E","?","R","T","E","M","M","E"],"character_chosen":"THE_SILENT","items_purchased":["Dagger Spray","Poison Potion"],"campfire_rested":1,"item_purchase_floors":[2,2],"current_hp_per_floor":[61,61,61,61,61,12,28,47,47,24,24,24,0],"gold":172,"neow_bonus":"TEN_PERCENT_HP_BONUS","is_prod":false,"is_daily":false,"chose_seed":false,"campfire_upgraded":0,"win_rate":0,"timestamp":1558155378,"path_taken":["M","$","M","?","M","E","?","R","T","E","M","M","E"],"build_version":"2019-01-23","purchased_purges":0,"victory":false,"max_hp_per_floor":[72,72,72,65,65,65,65,65,65,65,65,65,65],"card_choices":[{"not_picked":["Finisher","Escape Plan"],"picked":"PiercingWail","floor":1.0},{"not_picked":["Underhanded Strike","Sucker Punch","Escape Plan"],"picked":"SKIP","floor":3.0},{"not_picked":["Cloak And Dagger","Slice","Underhanded Strike"],"picked":"SKIP","floor":5.0},{"not_picked":["Sucker Punch","Infinite Blades"],"picked":"Flying Knee","floor":6.0},{"not_picked":["Flying Knee","Backflip"],"picked":"Adrenaline","floor":10},{"not_picked":["Outmaneuver","Sucker Punch"],"picked":"Cloak And Dagger","floor":11},{"not_picked":["Deadly Poison","Caltrops"],"picked":"Escape Plan","floor":12}],"player_experience":1360607,"relics_obtained":[{"floor":6.0,"key":"Meat on the Bone"},{"floor":9.0,"key":"The Courier"},{"floor":10,"key":"Bag of Preparation"}],"event_choices":[{"damage_healed":0.0,"max_hp_gain":0.0,"max_hp_loss":7.0,"gold_gain":0.0,"event_name":"Golden Idol","player_choice":"Lose Max HP","floor":4.0,"gold_loss":0.0,"damage_taken":0.0,"relics_obtained":["Golden Idol"]},{"damage_healed":16.0,"max_hp_gain":0.0,"max_hp_loss":0.0,"gold_gain":0.0,"event_name":"Mushrooms","player_choice":"Healed and dodged fight","floor":7.0,"gold_loss":0.0,"damage_taken":0.0,"cards_obtained":["Parasite"]}],"is_beta":false,"boss_relics":[],"items_purged_floors":[],"is_endless":false,"potions_floor_spawned":[1,5],"killed_by":"Lagavulin","ascension_level":20}