{"gold_per_floor":[118,132,132,143,154,182,182,107,107,107],"floor_reached":10,"playtime":872,"items_purged":["Pain"],"score":136,"play_id":"51faf2e1-487c-47fd-a089-3e438e6da38d","local_time":"20190517223334","is_ascension_mode":true,"campfire_choices":[],"neow_cost":"NONE","seed_source_timestamp":100172462358800,"circlet_count":0,"master_deck":["AscendersBane","Defend_G","Defend_G","Defend_G","Defend_G","Defend_G","Strike_G","Strike_G","Strike_G","Strike_G","Strike_G","Survivor","Neutralize","Backstab","Bane","Deadly Poison","Prepared","Backstab"],"relics":["Eternal Feather","WarpedTongs","Strawberry","Golden Idol","The Courier"],"potions_floor_usage":[6],"damage_taken":[{"damage":7,"enemies":"Jaw Worm","floor":1,"turns":7},{"damage":1,"enemies":"Cultist","floor":2,"turns":3},{"damage":1,"enemies":"Small Slimes","floor":4,"turns":3},{"damage":16,"enemies":"Exordium Wildlife","floor":5,"turns":7},{"damage":26,"enemies":"Lagavulin","floor":6,"turns":12},{"damage":15,"enemies":"3 Sentries","floor":10,"turns":6}],"seed_played":"8917756375930778679","potions_obtained":[{"floor":4,"key":"Ancient Potion"}],"is_trial":false,"path_per_floor":["M","M","?","M","M","E","?","$","T","E"],"character_chosen":"THE_SILENT","items_purchased":[],"campfire_rested":0,"item_purchase_floors":[],"current_hp_per_floor":[52,51,51,50,34,15,15,15,15,0],"gold":107,"neow_bonus":"BOSS_RELIC","is_prod":false,"is_daily":false,"chose_seed":false,"campfire_upgraded":0,"win_rate":0,"timestamp":1558157614,"path_taken":["M","M","?","?","M","E","?","$","T","E"],"build_version":"2019-01-23","purchased_purges":1,"victory":false,"max_hp_per_floor":[66,66,66,66,66,73,66,66,66,66],"card_choices":[{"not_picked":["Deflect","Calculated Gamble"],"picked":"Backstab","floor":1},{"not_picked":["Blade Dance","Deadly Poison"],"picked":"Bane","floor":2},{"not_picked":["Reflex","Prepared"],"picked":"Deadly Poison","floor":4},{"not_picked":["Infinite Blades","After Image"],"picked":"Prepared","floor":5},{"not_picked":["Sucker Punch","Riddle With Holes"],"picked":"Backstab","floor":6}],"player_experience":1362875,"relics_obtained":[{"floor":6,"key":"Strawberry"},{"floor":9,"key":"The Courier"}],"event_choices":[{"damage_healed":0,"gold_gain":0,"player_choice":"Rummage","damage_taken":0,"relics_obtained":["WarpedTongs"],"max_hp_gain":0,"max_hp_loss":0,"event_name":"Accursed Blacksmith","floor":3,"gold_loss":0,"cards_obtained":["Pain"]},{"damage_healed":0,"gold_gain":0,"player_choice":"Lose Max HP","damage_taken":0,"relics_obtained":["Golden Idol"],"max_hp_gain":0,"max_hp_loss":7,"event_name":"Golden Idol","floor":7,"gold_loss":0}],"is_beta":false,"boss_relics":[],"items_purged_floors":[8],"is_endless":false,"potions_floor_spawned":[4],"killed_by":"3 Sentries","ascension_level":20}