{"gold_per_floor":[117,64,81,81,95,126,126,126,171,204,204,204,204,221,221,221],"floor_reached":16,"playtime":385,"items_purged":[],"score":216,"play_id":"f8a47e38-4616-4ac5-a02e-a5c6a43683eb","local_time":"20190426105926","is_ascension_mode":true,"campfire_choices":[{"floor":7,"key":"REST"},{"data":"Noxious Fumes","floor":12,"key":"SMITH"},{"floor":15,"key":"REST"}],"neow_cost":"NONE","seed_source_timestamp":994195141763914,"circlet_count":0,"master_deck":["AscendersBane","Defend_G","Defend_G","Defend_G","Defend_G","Defend_G","Strike_G","Strike_G","Strike_G","Strike_G","Survivor","Neutralize+1","Quick Slash","Noxious Fumes+1","Flying Knee","Dagger Spray","Poisoned Stab","Backflip"],"relics":["Ring of the Snake","Happy Flower","Bag of Preparation","Lantern","Omamori"],"potions_floor_usage":[6,10],"damage_taken":[{"damage":9,"enemies":"Cultist","floor":1,"turns":6},{"damage":1,"enemies":"Jaw Worm","floor":3,"turns":5},{"damage":0,"enemies":"Small Slimes","floor":5,"turns":4},{"damage":9,"enemies":"3 Sentries","floor":6,"turns":7},{"damage":30,"enemies":"Gremlin Nob","floor":10,"turns":4},{"damage":8,"enemies":"Looter","floor":14,"turns":3},{"damage":42,"enemies":"Slime Boss","floor":16,"turns":9}],"seed_played":"-2069192220836222068","potions_obtained":[{"floor":6,"key":"SteroidPotion"}],"is_trial":false,"path_per_floor":["M","$","M","?","M","E","R","?","T","E","?","R","T","M","R","B"],"character_chosen":"THE_SILENT","items_purchased":["AttackPotion"],"campfire_rested":2,"item_purchase_floors":[2],"current_hp_per_floor":[50,50,49,42,42,33,52,57,57,27,27,27,27,19,40,0],"gold":221,"neow_bonus":"UPGRADE_CARD","is_prod":false,"is_daily":false,"chose_seed":false,"campfire_upgraded":1,"win_rate":0,"timestamp":1556287166,"path_taken":["M","$","M","?","M","E","R","?","T","E","?","R","?","M","R","BOSS"],"build_version":"2019-01-23","purchased_purges":0,"victory":false,"max_hp_per_floor":[66,66,66,66,66,66,66,71,71,71,71,71,71,71,71,71],"card_choices":[{"not_picked":["PiercingWail","Backflip"],"picked":"Quick Slash","floor":1},{"not_picked":["Dodge and Roll","Dash"],"picked":"Noxious Fumes","floor":3},{"not_picked":["Calculated Gamble","Finisher"],"picked":"Flying Knee","floor":5},{"not_picked":["Deflect","Deadly Poison"],"picked":"Dagger Spray","floor":6},{"not_picked":["Blade Dance","Slice"],"picked":"Poisoned Stab","floor":10},{"not_picked":["Calculated Gamble","Blur"],"picked":"Backflip","floor":14}],"player_experience":2192529,"relics_obtained":[{"floor":6,"key":"Happy Flower"},{"floor":9,"key":"Bag of Preparation"},{"floor":10,"key":"Lantern"},{"floor":13,"key":"Omamori"}],"event_choices":[{"cards_removed":["Strike_G"],"damage_healed":0,"gold_gain":0,"player_choice":"Card Removal","damage_taken":7,"max_hp_gain":0,"max_hp_loss":0,"event_name":"Golden Wing","floor":4,"gold_loss":0},{"damage_healed":0,"gold_gain":0,"player_choice":"Donut","damage_taken":0,"max_hp_gain":5,"max_hp_loss":0,"event_name":"Big Fish","floor":8,"gold_loss":0},{"damage_healed":0,"gold_gain":0,"player_choice":"Ignored","damage_taken":0,"max_hp_gain":0,"max_hp_loss":0,"event_name":"Shining Light","floor":11,"gold_loss":0}],"is_beta":false,"boss_relics":[],"items_purged_floors":[],"is_endless":false,"potions_floor_spawned":[6],"killed_by":"Slime Boss","ascension_level":20}