{"gold_per_floor":[111,186,206,206,7,37,47,47,70,87,112,112,24,35,35,114,114,129,129,146,71,81,81,95,95,95,95,95,108,134,153,153,231,231,244,244,244,256,256,256,282,282,282,282,19,19,39,39],"floor_reached":48,"playtime":1829,"items_purged":["Strike_G","Shame"],"score":1101,"play_id":"889f0a19-8f44-4eb0-aec2-2493be658d63","local_time":"20190424200707","is_ascension_mode":true,"campfire_choices":[{"floor":8,"key":"REST"},{"data":"Noxious Fumes","floor":12,"key":"SMITH"},{"data":"Caltrops","floor":15,"key":"SMITH"},{"floor":23,"key":"REST"},{"floor":25,"key":"REST"},{"data":"Malaise","floor":27,"key":"SMITH"},{"floor":32,"key":"REST"},{"data":"After Image","floor":40,"key":"SMITH"},{"floor":46,"key":"REST"}],"neow_cost":"NONE","seed_source_timestamp":852808068094583,"circlet_count":0,"master_deck":["AscendersBane","Defend_G","Defend_G","Defend_G","Defend_G","Defend_G","Survivor","Neutralize+1","Poisoned Stab","Dagger Spray","Footwork","Glass Knife","Escape Plan","Cloak And Dagger","Noxious Fumes+1","Leg Sweep","Footwork","Caltrops+1","Glass Knife","Die Die Die+1","Flechettes+1","Endless Agony+1","PiercingWail","Masterful Stab","Well Laid Plans","Deflect+1","Crippling Poison","Malaise+1","Backflip+1","Caltrops","Dodge and Roll+1","Well Laid Plans","Catalyst","After Image+1","Catalyst+1","Calculated Gamble","Doubt","Backflip","Backflip"],"relics":["Ring of the Snake","Kunai","Dream Catcher","Anchor","Ancient Tea Set","Astrolabe","Bronze Scales","Happy Flower","Cursed Key","Bag of Preparation","Paper Crane","PreservedInsect"],"potions_floor_usage":[6,10,16,24,30,33,33,41,41],"damage_taken":[{"damage":4,"enemies":"Jaw Worm","floor":1,"turns":5},{"damage":0,"enemies":"Cultist","floor":3,"turns":4},{"damage":24,"enemies":"Gremlin Nob","floor":6,"turns":4},{"damage":0,"enemies":"Small Slimes","floor":7,"turns":3},{"damage":0,"enemies":"Gremlin Gang","floor":10,"turns":3},{"damage":21,"enemies":"Lagavulin","floor":11,"turns":9},{"damage":0,"enemies":"Exordium Wildlife","floor":14,"turns":3},{"damage":0,"enemies":"Hexaghost","floor":16,"turns":8},{"damage":16,"enemies":"Shell Parasite","floor":18,"turns":6},{"damage":6,"enemies":"3 Byrds","floor":20,"turns":5},{"damage":13,"enemies":"Snake Plant","floor":22,"turns":4},{"damage":18,"enemies":"Snecko","floor":24,"turns":8},{"damage":0,"enemies":"Centurion and Healer","floor":29,"turns":7},{"damage":23,"enemies":"Gremlin Leader","floor":30,"turns":7},{"damage":6,"enemies":"3 Cultists","floor":31,"turns":5},{"damage":21,"enemies":"Collector","floor":33,"turns":9},{"damage":16,"enemies":"3 Darklings","floor":35,"turns":6},{"damage":3,"enemies":"3 Shapes","floor":38,"turns":6},{"damage":31,"enemies":"Giant Head","floor":41,"turns":14},{"damage":0,"enemies":"Spire Growth","floor":47,"turns":7},{"damage":24,"enemies":"Reptomancer","floor":48,"turns":5}],"seed_played":"-6298124146697040623","potions_obtained":[{"floor":1,"key":"Swift Potion"},{"floor":3,"key":"AttackPotion"},{"floor":10,"key":"GhostInAJar"},{"floor":14,"key":"AttackPotion"},{"floor":20,"key":"Block Potion"},{"floor":30,"key":"Poison Potion"},{"floor":31,"key":"Energy Potion"},{"floor":33,"key":"GamblersBrew"},{"floor":35,"key":"GhostInAJar"},{"floor":41,"key":"FearPotion"}],"is_trial":false,"path_per_floor":["M","?","M","T","$","E","M","R","T","M","E","R","$","M","R","B",null,"M","?","M","$","M","R","M","R","T","R","?","M","E","M","R","B",null,"M","?","$","M","?","R","E","T","T","?","$","R","M","E"],"character_chosen":"THE_SILENT","items_purchased":["Footwork","Glass Knife","Footwork","PreservedInsect"],"campfire_rested":5,"item_purchase_floors":[5,5,13,45],"current_hp_per_floor":[55,44,44,44,44,20,20,39,39,39,18,18,18,18,18,18,54,38,38,32,32,19,38,20,39,39,39,39,39,16,10,29,8,52,36,36,36,33,33,33,2,2,2,2,2,21,21,0],"gold":39,"neow_bonus":"UPGRADE_CARD","is_prod":false,"is_daily":false,"chose_seed":false,"campfire_upgraded":4,"win_rate":0,"timestamp":1556147227,"path_taken":["M","?","M","?","?","E","M","R","T","?","E","R","$","?","R","BOSS","M","?","?","$","M","R","M","R","T","R","?","M","E","?","R","BOSS","M","?","$","M","?","R","E","?","T","?","?","R","M","E"],"build_version":"2019-01-23","purchased_purges":2,"victory":false,"max_hp_per_floor":[66,66,66,66,66,66,66,66,66,66,66,66,66,66,66,66,66,66,66,66,66,66,66,66,66,66,66,66,66,66,66,66,66,66,66,66,66,66,66,66,66,66,66,66,66,66,66,66],"card_choices":[{"not_picked":["Eviscerate","Crippling Poison"],"picked":"Poisoned Stab","floor":1},{"not_picked":["Skewer","Flying Knee"],"picked":"Dagger Spray","floor":3},{"not_picked":["Venomology","Leg Sweep"],"picked":"Cloak And Dagger","floor":6},{"not_picked":["Deflect","Quick Slash"],"picked":"Escape Plan","floor":7},{"not_picked":["Backflip","Bane"],"picked":"Cloak And Dagger","floor":8},{"not_picked":["Dodge and Roll","Sucker Punch"],"picked":"Noxious Fumes","floor":10},{"not_picked":["Dash","Prepared"],"picked":"Leg Sweep","floor":11},{"not_picked":["Concentrate","Dagger Throw"],"picked":"Caltrops","floor":14},{"not_picked":["Envenom","A Thousand Cuts"],"picked":"Glass Knife","floor":16},{"not_picked":["Dagger Throw","Endless Agony"],"picked":"PiercingWail","floor":18},{"not_picked":["Leg Sweep+1","Crippling Poison"],"picked":"Well Laid Plans","floor":20},{"not_picked":["Endless Agony","Sucker Punch"],"picked":"Deflect+1","floor":22},{"not_picked":["Setup","Poisoned Stab"],"picked":"Crippling Poison","floor":23},{"not_picked":["Backflip","Leg Sweep"],"picked":"Malaise","floor":24},{"not_picked":["Flying Knee","Prepared"],"picked":"Backflip+1","floor":25},{"not_picked":["Masterful Stab","Setup"],"picked":"Dodge and Roll+1","floor":29},{"not_picked":["Sucker Punch","Crippling Poison","Outmaneuver"],"picked":"SKIP","floor":30},{"not_picked":["Calculated Gamble","Sucker Punch"],"picked":"Well Laid Plans","floor":31},{"not_picked":["Cloak And Dagger","Malaise"],"picked":"Catalyst","floor":32},{"not_picked":["Die Die Die","Adrenaline"],"picked":"After Image","floor":33},{"not_picked":["Riddle With Holes","Poisoned Stab","Masterful Stab"],"picked":"SKIP","floor":35},{"not_picked":["PiercingWail","Bane+1"],"picked":"Catalyst+1","floor":38},{"not_picked":["Outmaneuver","Distraction"],"picked":"Calculated Gamble","floor":41},{"not_picked":["Catalyst","PiercingWail"],"picked":"Backflip","floor":46},{"not_picked":["Catalyst","Deadly Poison"],"picked":"Backflip","floor":47}],"player_experience":2166285,"relics_obtained":[{"floor":4,"key":"Kunai"},{"floor":6,"key":"Dream Catcher"},{"floor":9,"key":"Anchor"},{"floor":11,"key":"Ancient Tea Set"},{"floor":26,"key":"Bronze Scales"},{"floor":30,"key":"Happy Flower"},{"floor":41,"key":"Bag of Preparation"},{"floor":42,"key":"Paper Crane"}],"event_choices":[{"damage_healed":0,"gold_gain":75,"player_choice":"Gather Gold","damage_taken":11,"max_hp_gain":0,"max_hp_loss":0,"event_name":"World of Goop","floor":2,"gold_loss":0},{"damage_healed":0,"gold_gain":0,"cards_transformed":["Strike_G"],"player_choice":"Transformed","damage_taken":0,"max_hp_gain":0,"max_hp_loss":0,"event_name":"Transmorgrifier","floor":19,"gold_loss":0,"cards_obtained":["Masterful Stab"]},{"damage_healed":0,"gold_gain":0,"player_choice":"1 cards matched","damage_taken":0,"max_hp_gain":0,"max_hp_loss":0,"event_name":"Match and Keep!","floor":28,"gold_loss":0,"cards_obtained":["Caltrops"]},{"cards_removed":["Cloak And Dagger"],"damage_healed":0,"gold_gain":0,"player_choice":"Removed Skill","damage_taken":0,"max_hp_gain":0,"max_hp_loss":0,"event_name":"Falling","floor":36,"gold_loss":0},{"damage_healed":0,"gold_gain":0,"player_choice":"Ignored","damage_taken":0,"max_hp_gain":0,"max_hp_loss":0,"event_name":"Tomb of Lord Red Mask","floor":39,"gold_loss":0},{"damage_healed":0,"gold_gain":0,"player_choice":"Memory 1","damage_taken":0,"max_hp_gain":0,"max_hp_loss":0,"event_name":"SensoryStone","floor":44,"gold_loss":0}],"is_beta":false,"boss_relics":[{"not_picked":["Busted Crown","Velvet Choker"],"picked":"Astrolabe"},{"not_picked":["Empty Cage","Runic Pyramid"],"picked":"Cursed Key"}],"items_purged_floors":[21,45],"is_endless":false,"potions_floor_spawned":[1,3,10,14,20,22,30,31,33,35,38,41],"killed_by":"Reptomancer","ascension_level":20}