{"gold_per_floor":[111,111,131,143,161,187,187,212,212,225,252,263,263,273,273,347,347,359,304,304,304,338,338,363,363,443,443,453,453,472,490,490,566,616,635,635,857,957,975,975,1007,1007,1034,507,534,534,547,228,228,228,228,228,228,28,60,60],"floor_reached":57,"playtime":2933,"items_purged":["Writhe","Strike_R+1","Strike_R+1"],"score":2821,"play_id":"a7bd8655-1dc1-4767-bb15-f4f301312d1b","local_time":"20190415214216","is_ascension_mode":true,"campfire_choices":[{"floor":7.0,"key":"REST"},{"data":"Disarm","floor":13.0,"key":"SMITH"},{"data":"Fiend Fire","floor":15.0,"key":"SMITH"},{"data":"Combust","floor":23.0,"key":"SMITH"},{"floor":25.0,"key":"REST"},{"data":"True Grit","floor":27.0,"key":"SMITH"},{"floor":32.0,"key":"REST"},{"data":"True Grit","floor":40.0,"key":"SMITH"},{"floor":42.0,"key":"RECALL"},{"data":"Armaments","floor":46,"key":"SMITH"},{"data":"Limit Break","floor":49,"key":"SMITH"},{"data":"Uppercut","floor":53,"key":"SMITH"}],"neow_cost":"NONE","seed_source_timestamp":79807671473931,"circlet_count":0,"master_deck":["AscendersBane","Strike_R+1","Strike_R+1","Strike_R+1","Defend_R+1","Defend_R+1","Defend_R+1","Defend_R+1","Bash","Shrug It Off+1","Pommel Strike","Thunderclap","Fiend Fire+1","Combust+1","Feed","Battle Trance","Disarm+1","True Grit+1","Juggernaut+1","Metallicize+1","Necronomicurse","Headbutt+1","Sever Soul+1","Shrug It Off","Flame Barrier","Feed","Reaper","True Grit+1","Seeing Red+1","Impervious","Feel No Pain+1","Armaments+1","Second Wind","Uppercut+1","Clothesline","Entrench","Spot Weakness","Limit Break+1","Inflame+1","Heavy Blade"],"special_seed":0,"relics":["Burning Blood","NeowsBlessing","Vajra","Dream Catcher","Frozen Egg 2","Pocketwatch","Snecko Eye","Necronomicon","Red Mask","Dead Branch","Mercury Hourglass","Tiny House","Turnip","Charon\u0027s Ashes","Membership Card","Bag of Marbles","Shuriken","Bird Faced Urn","Orichalcum","Lantern"],"potions_floor_usage":[56,56],"damage_taken":[{"damage":0.0,"enemies":"2 Louse","floor":1.0,"turns":1.0},{"damage":0.0,"enemies":"Cultist","floor":3.0,"turns":1.0},{"damage":0.0,"enemies":"Small Slimes","floor":4.0,"turns":1.0},{"damage":13.0,"enemies":"3 Louse","floor":5.0,"turns":5.0},{"damage":44.0,"enemies":"Lagavulin","floor":6.0,"turns":5.0},{"damage":10.0,"enemies":"3 Sentries","floor":8.0,"turns":5.0},{"damage":17.0,"enemies":"Blue Slaver","floor":10.0,"turns":5.0},{"damage":8.0,"enemies":"Gremlin Nob","floor":11.0,"turns":3.0},{"damage":0.0,"enemies":"Large Slime","floor":12.0,"turns":3.0},{"damage":21.0,"enemies":"Exordium Wildlife","floor":14.0,"turns":3.0},{"damage":26.0,"enemies":"The Guardian","floor":16.0,"turns":12.0},{"damage":0.0,"enemies":"Chosen","floor":18.0,"turns":2.0},{"damage":10.0,"enemies":"Masked Bandits","floor":22.0,"turns":4.0},{"damage":23.0,"enemies":"Slavers","floor":24.0,"turns":5.0},{"damage":0.0,"enemies":"Spheric Guardian","floor":28.0,"turns":1.0},{"damage":1.0,"enemies":"Cultist and Chosen","floor":30.0,"turns":3.0},{"damage":3.0,"enemies":"Snecko","floor":31.0,"turns":2.0},{"damage":56.0,"enemies":"Automaton","floor":33.0,"turns":9.0},{"damage":61.0,"enemies":"3 Darklings","floor":35.0,"turns":5.0},{"damage":0.0,"enemies":"Mind Bloom Boss Battle","floor":38.0,"turns":9.0},{"damage":4.0,"enemies":"3 Shapes","floor":39.0,"turns":5.0},{"damage":0.0,"enemies":"Reptomancer","floor":41.0,"turns":1.0},{"damage":0,"enemies":"Giant Head","floor":45,"turns":5},{"damage":0,"enemies":"Writhing Mass","floor":47,"turns":2},{"damage":22,"enemies":"Awakened One","floor":50,"turns":7},{"damage":80,"enemies":"Donu and Deca","floor":51,"turns":8},{"damage":34,"enemies":"Shield and Spear","floor":55,"turns":6},{"damage":61,"enemies":"The Heart","floor":56,"turns":7}],"seed_played":"3450529141761158433","potions_obtained":[{"floor":1.0,"key":"Weak Potion"},{"floor":2.0,"key":"Fire Potion"},{"floor":2.0,"key":"Explosive Potion"},{"floor":10.0,"key":"SteroidPotion"},{"floor":12.0,"key":"Energy Potion"},{"floor":18.0,"key":"FairyPotion"},{"floor":28.0,"key":"LiquidBronze"},{"floor":41.0,"key":"BloodPotion"}],"is_trial":false,"path_per_floor":["M","?","M","M","M","E","R","E","T","M","E","M","R","M","R","B",null,"M","$","?","?","?","R","E","R","T","R","M","?","M","M","R","B",null,"M","?","?","?","M","R","E","R","T","$","E","R","M","$","R","B","B",null,"R","$","E","B",null],"character_chosen":"IRONCLAD","items_purchased":["Fire Potion","Membership Card","Feel No Pain+1","Bag of Marbles","Armaments","Second Wind","Uppercut","EssenceOfSteel","Spot Weakness","Limit Break","Bird Faced Urn","Inflame+1","Heavy Blade","Orichalcum"],"campfire_rested":3,"item_purchase_floors":[19,44,44,44,44,44,44,44,48,48,48,54,54,54],"current_hp_per_floor":[74,74,75,75,68,30,52,48,48,40,38,44,44,32,32,15,67,76,76,55,55,54,54,40,67,67,67,73,45,50,53,82,35,90,59,81,81,97,99,99,105,105,105,105,111,111,112,112,112,99,32,94,94,94,77,39],"gold":60,"neow_bonus":"THREE_ENEMY_KILL","is_prod":false,"is_daily":false,"chose_seed":false,"campfire_upgraded":8,"win_rate":0,"timestamp":1555375336,"path_taken":["M","?","?","M","?","E","R","E","T","M","E","M","R","M","R","BOSS","M","$","?","?","?","R","E","R","T","R","M","?","M","M","R","BOSS","M","?","?","?","?","R","E","R","T","$","E","R","M","?","R","BOSS","BOSS","R","$","E","BOSS"],"build_version":"2019-01-23","purchased_purges":3,"victory":true,"max_hp_per_floor":[75,75,75,75,75,75,75,75,75,78,78,78,78,81,81,84,84,87,87,87,87,90,90,93,93,93,93,93,98,98,98,98,101,106,109,109,109,112,112,112,112,112,112,112,112,112,112,112,112,112,115,115,115,115,115,118],"card_choices":[{"not_picked":["Burning Pact","Anger"],"picked":"Shrug It Off","floor":1.0},{"not_picked":["Sword Boomerang","Corruption"],"picked":"Pommel Strike","floor":3.0},{"not_picked":["Ghostly Armor","True Grit"],"picked":"Thunderclap","floor":4.0},{"not_picked":["Wild Strike","True Grit"],"picked":"Fiend Fire","floor":5.0},{"not_picked":["Bludgeon","Havoc"],"picked":"Combust","floor":6.0},{"not_picked":["Cleave","Shockwave"],"picked":"Feed","floor":8.0},{"not_picked":["Pommel Strike","Flex","Body Slam"],"picked":"SKIP","floor":10.0},{"not_picked":["Rage","Cleave"],"picked":"Battle Trance","floor":11.0},{"not_picked":["Sever Soul","Power Through"],"picked":"Disarm","floor":12.0},{"not_picked":["Combust+1","Clash"],"picked":"True Grit","floor":14.0},{"not_picked":["Barricade+1","Exhume"],"picked":"Juggernaut+1","floor":16.0},{"not_picked":["Perfected Strike+1","Ghostly Armor"],"picked":"Metallicize+1","floor":18.0},{"not_picked":["Rupture+1","Sever Soul"],"picked":"Headbutt+1","floor":22.0},{"not_picked":["Armaments+1","Carnage"],"picked":"Sever Soul+1","floor":24.0},{"not_picked":["Headbutt","Power Through"],"picked":"Shrug It Off","floor":25.0},{"not_picked":["Blood for Blood","Iron Wave"],"picked":"Flame Barrier","floor":28.0},{"not_picked":["Flex","Iron Wave","Pummel"],"picked":"SKIP","floor":30.0},{"not_picked":["Blood for Blood+1","Twin Strike"],"picked":"Feed","floor":31.0},{"not_picked":["Bludgeon","Juggernaut+1"],"picked":"Reaper","floor":33.0},{"not_picked":["Wild Strike","Iron Wave"],"picked":"True Grit","floor":34.0},{"not_picked":["Anger+1","Ghostly Armor+1"],"picked":"Seeing Red+1","floor":35.0},{"not_picked":["Body Slam+1","Reckless Charge","Sword Boomerang"],"picked":"SKIP","floor":39.0},{"not_picked":["Clothesline+1","Second Wind"],"picked":"Impervious","floor":41.0},{"not_picked":["Blood for Blood","Twin Strike"],"picked":"Clothesline","floor":45},{"not_picked":["Perfected Strike","Entrench","Thunderclap"],"picked":"SKIP","floor":47},{"not_picked":["Perfected Strike","Thunderclap"],"picked":"Entrench","floor":47},{"not_picked":["Body Slam","Anger","Rage"],"picked":"SKIP","floor":55}],"player_experience":2129447,"relics_obtained":[{"floor":6.0,"key":"Vajra"},{"floor":8.0,"key":"Dream Catcher"},{"floor":9.0,"key":"Frozen Egg 2"},{"floor":11.0,"key":"Pocketwatch"},{"floor":20.0,"key":"Necronomicon"},{"floor":22.0,"key":"Red Mask"},{"floor":24.0,"key":"Dead Branch"},{"floor":26.0,"key":"Mercury Hourglass"},{"floor":38.0,"key":"Turnip"},{"floor":41.0,"key":"Charon\u0027s Ashes"},{"floor":45,"key":"Shuriken"},{"floor":55,"key":"Lantern"}],"event_choices":[{"damage_healed":0.0,"max_hp_gain":0.0,"max_hp_loss":0.0,"gold_gain":0.0,"event_name":"Lab","player_choice":"Got Potions","floor":2.0,"gold_loss":0.0,"damage_taken":0.0},{"damage_healed":0.0,"max_hp_gain":0.0,"max_hp_loss":0.0,"gold_gain":0.0,"event_name":"Cursed Tome","player_choice":"Obtained Book","floor":20.0,"gold_loss":0.0,"damage_taken":21.0},{"damage_healed":0.0,"max_hp_gain":0.0,"max_hp_loss":0.0,"gold_gain":0.0,"event_name":"Back to Basics","player_choice":"Simplicity","floor":21.0,"gold_loss":0.0,"damage_taken":0.0,"cards_upgraded":["Strike_R","Strike_R","Strike_R","Strike_R","Strike_R","Defend_R","Defend_R","Defend_R","Defend_R"]},{"damage_healed":0.0,"max_hp_gain":0.0,"max_hp_loss":0.0,"gold_gain":0.0,"event_name":"Masked Bandits","player_choice":"Fought Bandits","floor":22.0,"gold_loss":0.0,"damage_taken":0.0},{"damage_healed":0.0,"max_hp_gain":5.0,"max_hp_loss":0.0,"gold_gain":0.0,"event_name":"Forgotten Altar","player_choice":"Shed Blood","floor":29.0,"gold_loss":0.0,"damage_taken":33.0},{"damage_healed":22.0,"max_hp_gain":0.0,"max_hp_loss":0.0,"gold_gain":0.0,"event_name":"Winding Halls","player_choice":"Writhe","floor":36.0,"gold_loss":0.0,"damage_taken":0.0,"cards_obtained":["Writhe"]},{"damage_healed":0.0,"max_hp_gain":0.0,"max_hp_loss":0.0,"gold_gain":222.0,"event_name":"Tomb of Lord Red Mask","player_choice":"Wore Mask","floor":37.0,"gold_loss":0.0,"damage_taken":0.0},{"damage_healed":0.0,"max_hp_gain":0.0,"max_hp_loss":0.0,"gold_gain":0.0,"event_name":"MindBloom","player_choice":"Fight","floor":38.0,"gold_loss":0.0,"damage_taken":0.0}],"is_beta":false,"boss_relics":[{"not_picked":["Eternal Feather","Coffee Dripper"],"picked":"Snecko Eye"},{"not_picked":["Mark of Pain","Empty Cage"],"picked":"Tiny House"}],"items_purged_floors":[44,48,54],"is_endless":false,"potions_floor_spawned":[1,3,5,10,12,18,28,31,39,41,45,55],"ascension_level":20}