{"gold_per_floor":[117,1,19,19,37,37,65,78,78,89,121,71,71,84,84,155,155,171,446,8,23,23,23,23,23,73,100,100,100,100],"floor_reached":30,"playtime":1766,"items_purged":["Strike_G","Strike_G","Regret"],"score":512,"play_id":"c65a87d0-47f2-4c53-8e5b-cd13988a686a","local_time":"20190516204031","is_ascension_mode":true,"campfire_choices":[{"data":"Terror","floor":6.0,"key":"SMITH"},{"floor":13.0,"key":"REST"},{"data":"Outmaneuver","floor":15.0,"key":"SMITH"},{"floor":23.0,"key":"REST"}],"neow_cost":"NONE","seed_source_timestamp":0,"circlet_count":0,"master_deck":["AscendersBane","Defend_G+1","Defend_G+1","Defend_G+1","Defend_G+1","Defend_G+1","Strike_G+1","Strike_G+1","Strike_G+1","Survivor","Neutralize","Deadly Poison","All Out Attack","Terror+1","Footwork","Finisher","Noxious Fumes","Quick Slash","Infinite Blades","Outmaneuver+1","A Thousand Cuts","Blur","Dagger Spray","Bouncing Flask","Dodge and Roll","Decay","Footwork"],"special_seed":0,"relics":["Ring of the Snake","Whetstone","Regal Pillow","Smiling Mask","Shuriken","Cursed Key","Bag of Marbles","Bag of Preparation","Peace Pipe"],"potions_floor_usage":[30],"damage_taken":[{"damage":0.0,"enemies":"2 Louse","floor":1.0,"turns":6.0},{"damage":1.0,"enemies":"Cultist","floor":3.0,"turns":4.0},{"damage":3.0,"enemies":"Small Slimes","floor":5.0,"turns":3.0},{"damage":9.0,"enemies":"Lagavulin","floor":7.0,"turns":5.0},{"damage":0.0,"enemies":"2 Fungi Beasts","floor":8.0,"turns":2.0},{"damage":0.0,"enemies":"3 Louse","floor":10.0,"turns":2.0},{"damage":23.0,"enemies":"3 Sentries","floor":11.0,"turns":7.0},{"damage":0.0,"enemies":"Red Slaver","floor":14.0,"turns":3.0},{"damage":28.0,"enemies":"Slime Boss","floor":16.0,"turns":9.0},{"damage":35.0,"enemies":"Chosen","floor":18.0,"turns":6.0},{"damage":7.0,"enemies":"2 Thieves","floor":21.0,"turns":4.0},{"damage":31.0,"enemies":"Slavers","floor":27.0,"turns":5.0},{"damage":25,"enemies":"Book of Stabbing","floor":30,"turns":4}],"seed_played":"6548119106245396205","potions_obtained":[{"floor":1.0,"key":"SkillPotion"},{"floor":3.0,"key":"GamblersBrew"},{"floor":10.0,"key":"Weak Potion"},{"floor":21.0,"key":"Strength Potion"},{"floor":27.0,"key":"Dexterity Potion"}],"is_trial":false,"path_per_floor":["M","$","M","?","M","R","E","M","T","M","E","$","R","M","R","B",null,"M","?","$","M","$","R","$","?","T","E","?","?","E"],"character_chosen":"THE_SILENT","items_purchased":["All Out Attack","Fire Potion","Dagger Spray","Bag of Marbles","Bouncing Flask","Dodge and Roll"],"campfire_rested":2,"item_purchase_floors":[2,20,20,20,20,20],"current_hp_per_floor":[59,59,58,63,60,60,51,51,51,51,28,28,64,64,64,36,62,27,27,27,20,20,56,56,56,56,25,25,25,0],"gold":100,"neow_bonus":"RANDOM_COMMON_RELIC","is_prod":false,"is_daily":false,"chose_seed":false,"campfire_upgraded":2,"win_rate":0,"timestamp":1558064431,"path_taken":["M","$","M","?","M","R","E","M","T","M","E","$","R","M","R","BOSS","M","?","?","M","$","R","$","?","T","E","?","?","E"],"build_version":"2019-01-23","purchased_purges":3,"victory":false,"max_hp_per_floor":[66,66,66,71,71,71,71,71,71,71,71,71,71,71,71,71,71,71,71,71,71,71,71,71,71,71,71,71,71,71],"card_choices":[{"not_picked":["Setup","Outmaneuver"],"picked":"Deadly Poison","floor":1.0},{"not_picked":["Riddle With Holes","Cloak And Dagger"],"picked":"Terror","floor":3.0},{"not_picked":["Riddle With Holes","Dodge and Roll"],"picked":"Footwork","floor":5.0},{"not_picked":["Dodge and Roll","Storm of Steel"],"picked":"Finisher","floor":7.0},{"not_picked":["Deflect","Accuracy"],"picked":"Noxious Fumes","floor":8.0},{"not_picked":["Cloak And Dagger","Distraction"],"picked":"Quick Slash","floor":10.0},{"not_picked":["Setup","Flying Knee"],"picked":"Infinite Blades","floor":11.0},{"not_picked":["Quick Slash","Tools of the Trade"],"picked":"Outmaneuver","floor":14.0},{"not_picked":["Tools of the Trade","Adrenaline"],"picked":"A Thousand Cuts","floor":16.0},{"not_picked":["Choke","Riddle With Holes"],"picked":"Blur","floor":18.0},{"not_picked":["Heel Hook","Sucker Punch","Dagger Throw+1"],"picked":"SKIP","floor":21.0},{"not_picked":["Backflip","Reflex"],"picked":"Footwork","floor":27.0}],"player_experience":1325773,"relics_obtained":[{"floor":7.0,"key":"Regal Pillow"},{"floor":9.0,"key":"Smiling Mask"},{"floor":11.0,"key":"Shuriken"},{"floor":26.0,"key":"Bag of Preparation"},{"floor":27.0,"key":"Peace Pipe"}],"event_choices":[{"damage_healed":0.0,"max_hp_gain":5.0,"max_hp_loss":0.0,"gold_gain":0.0,"event_name":"Big Fish","player_choice":"Donut","floor":4.0,"gold_loss":0.0,"damage_taken":0.0},{"damage_healed":0.0,"max_hp_gain":0.0,"max_hp_loss":0.0,"gold_gain":275.0,"event_name":"Golden Shrine","player_choice":"Desecrate","floor":19.0,"gold_loss":0.0,"damage_taken":0.0,"cards_obtained":["Regret"]},{"damage_healed":0.0,"max_hp_gain":0.0,"max_hp_loss":0.0,"gold_gain":0.0,"event_name":"Cursed Tome","player_choice":"Ignored","floor":25.0,"gold_loss":0.0,"damage_taken":0.0},{"damage_healed":0.0,"max_hp_gain":0.0,"max_hp_loss":0.0,"gold_gain":0.0,"event_name":"Ghosts","player_choice":"Ignored","floor":28.0,"gold_loss":0.0,"damage_taken":0.0},{"damage_healed":0.0,"max_hp_gain":0.0,"max_hp_loss":0.0,"gold_gain":0.0,"event_name":"Back to Basics","player_choice":"Simplicity","floor":29.0,"gold_loss":0.0,"damage_taken":0.0,"cards_upgraded":["Defend_G","Defend_G","Defend_G","Defend_G","Defend_G","Strike_G"]}],"is_beta":false,"boss_relics":[{"not_picked":["Tiny House","Pandora\u0027s Box"],"picked":"Cursed Key"}],"items_purged_floors":[2,12,20],"is_endless":false,"potions_floor_spawned":[1,3,10,21,27],"killed_by":"Book of Stabbing","ascension_level":20}