{"gold_per_floor":[119,138,138,138,10,10,25,59,133,33,33,33,64,78,78,152,152,169,184,184,201,201,201,19,49,49,63,63,88,9,20,20,95,95,108,125,144,155,174,204,204,220,220,220,246,246,596,510,510,510,510,510,510,5,30,30],"floor_reached":57,"playtime":2643,"items_purged":["Doubt","Strike_R","Rupture"],"score":2745,"play_id":"e2de4a53-32ba-45d6-83bb-b6771f0ae8bb","local_time":"20190405191544","is_ascension_mode":true,"campfire_choices":[{"data":"Anger","floor":6.0,"key":"SMITH"},{"data":"Armaments","floor":11.0,"key":"SMITH"},{"data":"Disarm","floor":15.0,"key":"SMITH"},{"data":"Dark Embrace","floor":23.0,"key":"SMITH"},{"floor":32.0,"key":"REST"},{"data":"Demon Form","floor":41.0,"key":"SMITH"},{"floor":44.0,"key":"RECALL"},{"data":"Limit Break","floor":49.0,"key":"SMITH"},{"data":"Flame Barrier","floor":53.0,"key":"SMITH"}],"neow_cost":"CURSE","seed_source_timestamp":1034172690004811,"circlet_count":0,"master_deck":["AscendersBane","Bash+1","Thunderclap","Shrug It Off+1","Anger+1","Twin Strike","Armaments+1","Shrug It Off","Disarm+1","Reaper","Reaper","Dark Embrace+1","Power Through","Evolve","Impervious+1","Sever Soul","Shockwave","Power Through","Bite","Bite","Bite","Bite","Bite","Spot Weakness+1","Shrug It Off","Corruption","Flame Barrier+1","Limit Break+1","Cleave+1","Demon Form+1","Fiend Fire+1","True Grit+1","Corruption","Feel No Pain","Spot Weakness","Spot Weakness"],"special_seed":0,"relics":["Burning Blood","Vajra","Gremlin Horn","Singing Bowl","Pandora\u0027s Box","War Paint","Turnip","Molten Egg 2","Snecko Eye","Calipers","Ginger","Old Coin","Bird Faced Urn","Self Forming Clay"],"potions_floor_usage":[56,56],"damage_taken":[{"damage":19.0,"enemies":"Jaw Worm","floor":1.0,"turns":4.0},{"damage":7.0,"enemies":"Cultist","floor":2.0,"turns":4.0},{"damage":15.0,"enemies":"2 Louse","floor":7.0,"turns":3.0},{"damage":17.0,"enemies":"Lagavulin","floor":8.0,"turns":6.0},{"damage":20.0,"enemies":"Gremlin Nob","floor":13.0,"turns":4.0},{"damage":0.0,"enemies":"Exordium Thugs","floor":14.0,"turns":4.0},{"damage":15.0,"enemies":"Hexaghost","floor":16.0,"turns":9.0},{"damage":20.0,"enemies":"Shell Parasite","floor":18.0,"turns":7.0},{"damage":35.0,"enemies":"Spheric Guardian","floor":19.0,"turns":7.0},{"damage":31.0,"enemies":"3 Cultists","floor":21.0,"turns":7.0},{"damage":83.0,"enemies":"Book of Stabbing","floor":25.0,"turns":9.0},{"damage":37.0,"enemies":"Shelled Parasite and Fungi","floor":27.0,"turns":11.0},{"damage":66.0,"enemies":"Slavers","floor":29.0,"turns":8.0},{"damage":16.0,"enemies":"Snake Plant","floor":31.0,"turns":6.0},{"damage":89.0,"enemies":"Automaton","floor":33.0,"turns":12.0},{"damage":11.0,"enemies":"3 Shapes","floor":35.0,"turns":5.0},{"damage":0.0,"enemies":"Orb Walker","floor":36.0,"turns":4.0},{"damage":7.0,"enemies":"Maw","floor":37.0,"turns":7.0},{"damage":46.0,"enemies":"Transient","floor":38.0,"turns":6.0},{"damage":17.0,"enemies":"Jaw Worm Horde","floor":39.0,"turns":5.0},{"damage":16.0,"enemies":"Giant Head","floor":40.0,"turns":7.0},{"damage":4.0,"enemies":"Maw","floor":42.0,"turns":6.0},{"damage":13.0,"enemies":"Reptomancer","floor":45.0,"turns":7.0},{"damage":56.0,"enemies":"2 Orb Walkers","floor":47.0,"turns":3.0},{"damage":75.0,"enemies":"Time Eater","floor":50.0,"turns":11.0},{"damage":46.0,"enemies":"Donu and Deca","floor":51.0,"turns":6.0},{"damage":102,"enemies":"Shield and Spear","floor":55,"turns":5},{"damage":52,"enemies":"The Heart","floor":56,"turns":9}],"seed_played":"8375969489753397856","potions_obtained":[{"floor":2.0,"key":"Block Potion"},{"floor":13.0,"key":"Regen Potion"},{"floor":14.0,"key":"Poison Potion"},{"floor":21.0,"key":"Regen Potion"},{"floor":27.0,"key":"Ancient Potion"},{"floor":29.0,"key":"Energy Potion"},{"floor":33.0,"key":"SpeedPotion"}],"is_trial":false,"path_per_floor":["M","M","?","?","$","R","M","E","T","$","R","?","E","M","R","B",null,"M","M","?","M","?","R","$","E","T","M","?","E","$","M","R","B",null,"M","M","M","M","M","E","R","M","T","R","E","?","?","$","R","B","B",null,"R","$","E","B",null],"character_chosen":"IRONCLAD","items_purchased":["Anger","Fire Potion","Corruption","Corruption","Feel No Pain","Bird Faced Urn","Spot Weakness"],"campfire_rested":1,"item_purchase_floors":[5,24,30,48,54,54,54],"current_hp_per_floor":[69,68,73,73,73,73,64,53,53,53,53,53,39,45,45,51,83,78,49,49,60,60,60,60,28,28,33,33,35,35,39,60,29,61,73,75,75,68,77,79,79,81,81,81,81,77,55,55,55,55,77,77,77,77,77,77],"gold":30,"neow_bonus":"TWENTY_PERCENT_HP_BONUS","is_prod":false,"is_daily":false,"chose_seed":false,"campfire_upgraded":7,"win_rate":0,"timestamp":1554502544,"path_taken":["M","M","?","?","$","R","?","E","T","$","R","?","E","M","R","BOSS","M","?","?","M","?","R","$","E","T","?","?","E","?","M","R","BOSS","M","?","M","M","?","E","R","M","T","R","E","?","?","$","R","BOSS","BOSS","R","$","E","BOSS"],"build_version":"2019-01-23","purchased_purges":3,"victory":true,"max_hp_per_floor":[89,89,94,94,94,94,94,94,94,94,94,94,94,94,94,94,94,96,96,96,96,67,67,67,69,69,69,69,71,71,71,71,71,71,73,75,75,77,77,79,79,81,81,81,81,77,77,77,77,77,77,77,77,77,77,77],"card_choices":[{"not_picked":["Seeing Red","Sword Boomerang"],"picked":"Thunderclap","floor":1.0},{"not_picked":["Flex","Thunderclap"],"picked":"Shrug It Off","floor":2.0},{"not_picked":["Pommel Strike","Bloodletting"],"picked":"Twin Strike","floor":7.0},{"not_picked":["Second Wind","Hemokinesis"],"picked":"Armaments","floor":8.0},{"not_picked":["Body Slam","Wild Strike"],"picked":"Shrug It Off","floor":13.0},{"not_picked":["Rupture","Armaments"],"picked":"Disarm","floor":14.0},{"not_picked":["Offering","Juggernaut"],"picked":"Reaper","floor":16.0},{"not_picked":["Perfected Strike","Sentinel","Heavy Blade"],"picked":"Singing Bowl","floor":18.0},{"not_picked":["Headbutt","Infernal Blade"],"picked":"Shockwave","floor":19.0},{"not_picked":["Rage","Armaments"],"picked":"Power Through","floor":21.0},{"not_picked":["Dropkick+1","Seeing Red","Heavy Blade"],"picked":"Singing Bowl","floor":25.0},{"not_picked":["Body Slam","Clothesline+1"],"picked":"Spot Weakness+1","floor":27.0},{"not_picked":["Entrench","Hemokinesis","Evolve"],"picked":"Singing Bowl","floor":29.0},{"not_picked":["Armaments","Thunderclap+1"],"picked":"Flame Barrier","floor":31.0},{"not_picked":["Immolate+1","Reaper+1"],"picked":"Limit Break","floor":33.0},{"not_picked":["Dropkick+1","Havoc","Wild Strike+1"],"picked":"Singing Bowl","floor":35.0},{"not_picked":["Wild Strike+1","Anger+1","Armaments"],"picked":"Singing Bowl","floor":36.0},{"not_picked":["Second Wind","Sever Soul+1"],"picked":"Cleave+1","floor":37.0},{"not_picked":["Iron Wave+1","Flex","Dropkick+1"],"picked":"Singing Bowl","floor":38.0},{"not_picked":["Inflame","True Grit+1"],"picked":"Demon Form","floor":39.0},{"not_picked":["Seeing Red","Cleave+1","Rage"],"picked":"Singing Bowl","floor":40.0},{"not_picked":["Iron Wave+1","Armaments","Wild Strike+1"],"picked":"Singing Bowl","floor":42.0},{"not_picked":["Battle Trance","Intimidate"],"picked":"Fiend Fire+1","floor":45.0},{"not_picked":["Iron Wave+1","Pummel+1"],"picked":"True Grit+1","floor":47.0},{"not_picked":["Perfected Strike+1","Fire Breathing"],"picked":"Spot Weakness","floor":55}],"player_experience":2013679,"relics_obtained":[{"floor":8.0,"key":"Vajra"},{"floor":9.0,"key":"Gremlin Horn"},{"floor":13.0,"key":"Singing Bowl"},{"floor":25.0,"key":"War Paint"},{"floor":26.0,"key":"Turnip"},{"floor":29.0,"key":"Molten Egg 2"},{"floor":40.0,"key":"Calipers"},{"floor":45.0,"key":"Ginger"},{"floor":47.0,"key":"Old Coin"},{"floor":55,"key":"Self Forming Clay"}],"event_choices":[{"damage_healed":0.0,"max_hp_gain":5.0,"max_hp_loss":0.0,"gold_gain":0.0,"event_name":"Big Fish","player_choice":"Donut","floor":3.0,"gold_loss":0.0,"damage_taken":0.0},{"damage_healed":0.0,"max_hp_gain":0.0,"max_hp_loss":0.0,"gold_gain":0.0,"event_name":"Living Wall","player_choice":"Grow","floor":4.0,"gold_loss":0.0,"damage_taken":0.0,"cards_upgraded":["Bash"]},{"cards_removed":["Strike_R"],"damage_healed":0.0,"max_hp_gain":0.0,"max_hp_loss":0.0,"gold_gain":0.0,"event_name":"Purifier","player_choice":"Purged","floor":12.0,"gold_loss":0.0,"damage_taken":0.0},{"damage_healed":0.0,"max_hp_gain":0.0,"max_hp_loss":0.0,"gold_gain":0.0,"event_name":"Ghosts","player_choice":"Ignored","floor":20.0,"gold_loss":0.0,"damage_taken":0.0},{"damage_healed":0.0,"max_hp_gain":0.0,"max_hp_loss":29.0,"gold_gain":0.0,"event_name":"Vampires","player_choice":"Became a vampire","floor":22.0,"gold_loss":0.0,"damage_taken":0.0,"cards_obtained":["Bite","Bite","Bite","Bite","Bite"]},{"damage_healed":0.0,"max_hp_gain":0.0,"max_hp_loss":0.0,"gold_gain":0.0,"event_name":"Match and Keep!","player_choice":"1 cards matched","floor":28.0,"gold_loss":0.0,"damage_taken":0.0,"cards_obtained":["Shrug It Off"]},{"damage_healed":0.0,"max_hp_gain":0.0,"max_hp_loss":0.0,"gold_gain":0.0,"event_name":"Match and Keep!","player_choice":"1 cards matched","floor":28.0,"gold_loss":0.0,"damage_taken":0.0,"cards_obtained":["Shrug It Off"]},{"damage_healed":0.0,"max_hp_gain":0.0,"max_hp_loss":0.0,"gold_gain":0.0,"event_name":"Match and Keep!","player_choice":"1 cards matched","floor":28.0,"gold_loss":0.0,"damage_taken":0.0,"cards_obtained":["Shrug It Off"]},{"damage_healed":0.0,"max_hp_gain":0.0,"max_hp_loss":0.0,"gold_gain":0.0,"event_name":"Match and Keep!","player_choice":"1 cards matched","floor":28.0,"gold_loss":0.0,"damage_taken":0.0,"cards_obtained":["Shrug It Off"]},{"damage_healed":0.0,"max_hp_gain":0.0,"max_hp_loss":4.0,"gold_gain":0.0,"event_name":"Winding Halls","player_choice":"Max HP","floor":46.0,"gold_loss":0.0,"damage_taken":0.0},{"damage_healed":0.0,"max_hp_gain":0.0,"max_hp_loss":0.0,"gold_gain":0.0,"event_name":"Mysterious Sphere","player_choice":"Fight","floor":47.0,"gold_loss":0.0,"damage_taken":0.0}],"is_beta":false,"boss_relics":[{"not_picked":["Runic Cube","Black Blood"],"picked":"Pandora\u0027s Box"},{"not_picked":["Runic Dome","Calling Bell"],"picked":"Snecko Eye"}],"items_purged_floors":[5,10,24],"is_endless":false,"potions_floor_spawned":[2,13,14,21,27,29,33,36,39,40,42,47,55],"ascension_level":20}