{"gold_per_floor":[111,128,142,43,58,58,58,78,78,78,91,10,23,52,52,52],"floor_reached":16,"playtime":2390,"items_purged":["Defend_B"],"score":104,"play_id":"92cb5f3c-5c88-41bc-9a46-5e167cc51850","local_time":"20180707111934","is_ascension_mode":false,"campfire_choices":[{"data":"Fusion","floor":6.0,"key":"SMITH"},{"floor":10,"key":"REST"},{"floor":15,"key":"REST"}],"neow_cost":"NONE","seed_source_timestamp":0,"circlet_count":0,"master_deck":["Strike_B","Strike_B","Defend_B","Defend_B","Zap","Dualcast","Conserve Battery","Reprogram","Darkness","Coolheaded","Fusion+1","Redo","Machine Learning","White Noise"],"special_seed":0,"relics":["Empty Cage","Bottled Lightning","Frozen Egg 2"],"potions_floor_usage":[],"damage_taken":[{"damage":1.0,"enemies":"Jaw Worm","floor":1.0,"turns":4.0},{"damage":2.0,"enemies":"Small Slimes","floor":2.0,"turns":4.0},{"damage":2.0,"enemies":"2 Louse","floor":3.0,"turns":3.0},{"damage":5.0,"enemies":"Blue Slaver","floor":5.0,"turns":5.0},{"damage":39.0,"enemies":"Gremlin Gang","floor":8.0,"turns":8.0},{"damage":16,"enemies":"Large Slime","floor":11,"turns":4},{"damage":8,"enemies":"Red Slaver","floor":13,"turns":4},{"damage":12,"enemies":"Lagavulin","floor":14,"turns":5},{"damage":30,"enemies":"The Guardian","floor":16,"turns":2}],"seed_played":"-8322376269521914601","potions_obtained":[{"floor":5.0,"key":"FearPotion"},{"floor":8.0,"key":"Energy Potion"},{"floor":14,"key":"Block Potion"}],"is_trial":false,"path_per_floor":["M","M","M","$","M","R","?","M","T","R","M","$","M","E","R"],"character_chosen":"DEFECT","items_purchased":["Coolheaded","Machine Learning"],"campfire_rested":2,"item_purchase_floors":[4,12],"current_hp_per_floor":[74,72,70,70,65,65,58,19,19,41,25,25,17,5,27,0],"gold":52,"neow_bonus":"BOSS_RELIC","is_prod":false,"is_daily":false,"chose_seed":false,"campfire_upgraded":1,"win_rate":0.0,"timestamp":1530976774,"path_taken":["M","M","M","$","M","R","?","M","T","R","M","$","M","E","R","BOSS"],"build_version":"2018-07-05","purchased_purges":1,"victory":false,"max_hp_per_floor":[75,75,75,75,75,75,75,75,75,75,75,75,75,75,75,75],"card_choices":[{"not_picked":["Beam Cell","Sweeping Beam"],"picked":"Conserve Battery","floor":1.0},{"not_picked":["Cold Snap","Steam Power"],"picked":"Reprogram","floor":2.0},{"not_picked":["Double Energy","Sweeping Beam"],"picked":"Darkness","floor":3.0},{"not_picked":["Doom and Gloom","Lockon"],"picked":"Fusion","floor":5.0},{"not_picked":["Conserve Battery","Beam Cell"],"picked":"Redo","floor":8.0},{"not_picked":["Coolheaded","Glacier","Cold Snap"],"picked":"SKIP","floor":11},{"not_picked":["Heatsinks","Steam"],"picked":"White Noise","floor":13},{"not_picked":["Sweeping Beam","All For One","Aggregate"],"picked":"SKIP","floor":14}],"player_experience":26860,"relics_obtained":[{"floor":9,"key":"Bottled Lightning"},{"floor":14,"key":"Frozen Egg 2"}],"event_choices":[{"event_name":"Golden Wing","player_choice":"Card Removal","floor":7.0,"damage_taken":0.0}],"boss_relics":[],"items_purged_floors":[4],"is_endless":false,"potions_floor_spawned":[5,8,14],"killed_by":"The Guardian","ascension_level":0}