{"gold_per_floor":[12,12,12,87,100,134,134,166,166,166,178,196,196,215,215,215],"floor_reached":16,"playtime":348,"items_purged":[],"score":132,"play_id":"e655c2b6-1ad8-4afa-bdcb-87908a689d0f","local_time":"20190518184831","is_ascension_mode":true,"campfire_choices":[{"data":"Bash","floor":7,"key":"SMITH"},{"floor":10,"key":"REST"},{"data":"Limit Break","floor":13,"key":"SMITH"},{"data":"Spot Weakness","floor":15,"key":"SMITH"}],"neow_cost":"NO_GOLD","seed_source_timestamp":34018835850441,"circlet_count":0,"master_deck":["Strike_R+1","Strike_R","Strike_R","Strike_R","Strike_R","Defend_R","Defend_R+1","Defend_R","Defend_R","Bash+1","Limit Break+1","Cleave","Clothesline","Sword Boomerang","Spot Weakness+1"],"relics":["Burning Blood","Sundial","Turnip","Potion Belt"],"potions_floor_usage":[6,16],"damage_taken":[{"damage":0,"enemies":"Small Slimes","floor":1,"turns":4},{"damage":6,"enemies":"2 Louse","floor":5,"turns":2},{"damage":38,"enemies":"Gremlin Nob","floor":6,"turns":5},{"damage":32,"enemies":"3 Sentries","floor":8,"turns":8},{"damage":0,"enemies":"Jaw Worm","floor":11,"turns":3},{"damage":18,"enemies":"Red Slaver","floor":12,"turns":4},{"damage":6,"enemies":"Looter","floor":14,"turns":2},{"damage":30,"enemies":"The Guardian","floor":16,"turns":5}],"seed_played":"4305914152547421829","potions_obtained":[{"floor":5,"key":"Energy Potion"},{"floor":11,"key":"Weak Potion"}],"is_trial":false,"path_per_floor":["M","?","?","?","M","E","R","E","T","R","M","M","R","M","R","B"],"character_chosen":"IRONCLAD","items_purchased":[],"campfire_rested":1,"item_purchase_floors":[],"current_hp_per_floor":[80,64,80,69,69,37,37,11,11,35,41,29,29,29,29,0],"gold":215,"neow_bonus":"THREE_RARE_CARDS","is_prod":false,"is_daily":false,"chose_seed":false,"campfire_upgraded":3,"win_rate":0,"timestamp":1558198111,"path_taken":["M","?","?","?","M","E","R","E","T","R","?","M","R","M","R","BOSS"],"build_version":"2019-01-23","purchased_purges":0,"victory":false,"max_hp_per_floor":[80,80,80,80,80,80,80,80,80,80,80,80,80,80,80,80],"card_choices":[{"not_picked":["Dark Embrace","Bludgeon"],"picked":"Limit Break","floor":0},{"not_picked":["Feel No Pain","True Grit"],"picked":"Cleave","floor":1},{"not_picked":["Armaments","Perfected Strike"],"picked":"Clothesline","floor":5},{"not_picked":["Heavy Blade","Juggernaut","Power Through"],"picked":"SKIP","floor":6},{"not_picked":["Warcry","Headbutt","Hemokinesis"],"picked":"SKIP","floor":8},{"not_picked":["True Grit","Body Slam"],"picked":"Sword Boomerang","floor":11},{"not_picked":["Headbutt","Anger"],"picked":"Spot Weakness","floor":12},{"not_picked":["Sword Boomerang","Burning Pact","Perfected Strike"],"picked":"SKIP","floor":14}],"player_experience":65226,"relics_obtained":[{"floor":6,"key":"Sundial"},{"floor":8,"key":"Turnip"},{"floor":9,"key":"Potion Belt"}],"event_choices":[{"damage_healed":0,"gold_gain":0,"player_choice":"Entered Light","damage_taken":16,"max_hp_gain":0,"max_hp_loss":0,"event_name":"Shining Light","floor":2,"gold_loss":0,"cards_upgraded":["Strike_R","Defend_R"]},{"damage_healed":26,"gold_gain":0,"player_choice":"Banana","damage_taken":0,"max_hp_gain":0,"max_hp_loss":0,"event_name":"Big Fish","floor":3,"gold_loss":0},{"damage_healed":0,"gold_gain":75,"player_choice":"Gather Gold","damage_taken":11,"max_hp_gain":0,"max_hp_loss":0,"event_name":"World of Goop","floor":4,"gold_loss":0}],"is_beta":false,"boss_relics":[],"items_purged_floors":[],"is_endless":false,"potions_floor_spawned":[5,11],"killed_by":"The Guardian","ascension_level":4}