{"gold_per_floor":[113,113,130,130,150,150,181,181,204,247,247,282,296,310,310,406,406,422,443,467,35,35,35],"floor_reached":23,"playtime":605,"items_purged":["Strike_R"],"score":422,"play_id":"b9f3ffab-c6cf-45e5-afac-5a0b2f93c6d3","local_time":"20190415172027","is_ascension_mode":true,"campfire_choices":[{"data":"Bash","floor":6,"key":"SMITH"},{"data":"Demon Form","floor":11,"key":"SMITH"},{"data":"Sword Boomerang","floor":15,"key":"SMITH"}],"neow_cost":"NONE","seed_source_timestamp":66472371446063,"circlet_count":0,"master_deck":["AscendersBane","Strike_R","Strike_R","Defend_R","Defend_R","Defend_R","Defend_R","Bash+1","Uppercut+1","Headbutt","Anger","Iron Wave","Demon Form+1","Iron Wave","Sword Boomerang+1","Reaper","Cleave","Reaper"],"relics":["Burning Blood","NeowsBlessing","Golden Idol","Bag of Marbles","Centennial Puzzle","Gremlin Horn","Magic Flower","Empty Cage","Strawberry","Oddly Smooth Stone"],"potions_floor_usage":[7,12,23,23],"damage_taken":[{"damage":0,"enemies":"Jaw Worm","floor":1,"turns":1},{"damage":0,"enemies":"2 Louse","floor":3,"turns":1},{"damage":0,"enemies":"Cultist","floor":5,"turns":1},{"damage":14,"enemies":"Lagavulin","floor":7,"turns":5},{"damage":20,"enemies":"3 Sentries","floor":10,"turns":6},{"damage":3,"enemies":"Gremlin Nob","floor":12,"turns":3},{"damage":4,"enemies":"Red Slaver","floor":13,"turns":4},{"damage":0,"enemies":"Lots of Slimes","floor":14,"turns":3},{"damage":29,"enemies":"The Guardian","floor":16,"turns":8},{"damage":30,"enemies":"Chosen","floor":18,"turns":4},{"damage":19,"enemies":"Spheric Guardian","floor":19,"turns":4},{"damage":17,"enemies":"Cultist and Chosen","floor":20,"turns":5},{"damage":67,"enemies":"Gremlin Leader","floor":23,"turns":5}],"seed_played":"-4930550362648097971","potions_obtained":[{"floor":3,"key":"Dexterity Potion"},{"floor":7,"key":"Poison Potion"},{"floor":10,"key":"SteroidPotion"},{"floor":16,"key":"Regen Potion"}],"is_trial":false,"path_per_floor":["M","?","M","?","M","R","E","?","T","E","R","E","M","M","R","B",null,"M","M","M","$","?","E"],"character_chosen":"IRONCLAD","items_purchased":["Strawberry","Oddly Smooth Stone","Cleave"],"campfire_rested":0,"item_purchase_floors":[21,21,21],"current_hp_per_floor":[74,74,75,68,68,68,60,68,68,54,54,57,62,68,68,48,63,42,32,24,31,31,0],"gold":35,"neow_bonus":"THREE_ENEMY_KILL","is_prod":false,"is_daily":false,"chose_seed":false,"campfire_upgraded":3,"win_rate":0,"timestamp":1555359627,"path_taken":["M","?","M","?","?","R","E","?","T","E","R","E","?","M","R","BOSS","M","M","M","$","?","E"],"build_version":"2019-01-23","purchased_purges":1,"victory":false,"max_hp_per_floor":[75,75,75,68,68,68,68,68,68,68,68,68,68,68,68,68,68,68,68,68,75,75,75],"card_choices":[{"not_picked":["Clash","Body Slam"],"picked":"Uppercut","floor":1},{"not_picked":["True Grit","Body Slam"],"picked":"Headbutt","floor":3},{"not_picked":["Sword Boomerang","Headbutt"],"picked":"Anger","floor":5},{"not_picked":["Havoc","Pommel Strike"],"picked":"Iron Wave","floor":7},{"not_picked":["Brutality","Sentinel"],"picked":"Demon Form","floor":10},{"not_picked":["Combust","Hemokinesis","Warcry"],"picked":"SKIP","floor":12},{"not_picked":["Carnage","Second Wind"],"picked":"Iron Wave","floor":13},{"not_picked":["Body Slam","Feel No Pain"],"picked":"Sword Boomerang","floor":14},{"not_picked":["Impervious","Limit Break"],"picked":"Reaper","floor":16},{"not_picked":["Blood for Blood","Power Through","Clothesline"],"picked":"SKIP","floor":18},{"not_picked":["Pommel Strike","Flex","Perfected Strike"],"picked":"SKIP","floor":19},{"not_picked":["Flex+1","Reckless Charge","Warcry"],"picked":"SKIP","floor":20}],"player_experience":2117252,"relics_obtained":[{"floor":7,"key":"Bag of Marbles"},{"floor":9,"key":"Centennial Puzzle"},{"floor":10,"key":"Gremlin Horn"},{"floor":12,"key":"Magic Flower"}],"event_choices":[{"damage_healed":0,"gold_gain":0,"player_choice":"Grow","damage_taken":0,"max_hp_gain":0,"max_hp_loss":0,"event_name":"Living Wall","floor":2,"gold_loss":0,"cards_upgraded":["Uppercut"]},{"damage_healed":0,"gold_gain":0,"player_choice":"Lose Max HP","damage_taken":0,"relics_obtained":["Golden Idol"],"max_hp_gain":0,"max_hp_loss":7,"event_name":"Golden Idol","floor":4,"gold_loss":0},{"damage_healed":8,"gold_gain":0,"player_choice":"Full Heal","damage_taken":0,"max_hp_gain":0,"max_hp_loss":0,"event_name":"Wheel of Change","floor":8,"gold_loss":0},{"damage_healed":0,"gold_gain":0,"player_choice":"Copied","damage_taken":0,"max_hp_gain":0,"max_hp_loss":0,"event_name":"Duplicator","floor":22,"gold_loss":0,"cards_obtained":["Reaper"]}],"is_beta":false,"boss_relics":[{"not_picked":["Tiny House","Eternal Feather"],"picked":"Empty Cage"}],"items_purged_floors":[21],"is_endless":false,"potions_floor_spawned":[3,7,10,16,20],"killed_by":"Gremlin Leader","ascension_level":20}