{"gold_per_floor":[111,124,20,31,41,41,41,66,78,90,118,130,67,4,4,80,80,100,111,111,137,19,19,50,50,50,50,68,68,85,103,103,103],"floor_reached":33,"playtime":9619,"items_purged":["Strike_G"],"score":497,"play_id":"6918c403-022d-4ade-9f2b-dceb217691c2","local_time":"20190421130437","is_ascension_mode":true,"campfire_choices":[{"data":"1","floor":7.0,"key":"LIFT"},{"data":"2","floor":12.0,"key":"LIFT"},{"data":"3","floor":15.0,"key":"LIFT"},{"floor":23.0,"key":"REST"},{"floor":25.0,"key":"REST"},{"data":"Noxious Fumes","floor":29.0,"key":"SMITH"},{"floor":32.0,"key":"REST"}],"neow_cost":"CURSE","seed_source_timestamp":4208884918500,"circlet_count":0,"master_deck":["AscendersBane","Defend_G","Defend_G","Defend_G","Defend_G","Defend_G","Strike_G","Survivor","Neutralize","Quick Slash","Terror","Poisoned Stab","Flechettes","Deadly Poison","Noxious Fumes+1","Footwork","Malaise","Sucker Punch","Acrobatics","Deflect","Wraith Form v2","Dash","Crippling Poison","Malaise+1","Deflect+1","Bullet Time+1","Finisher"],"special_seed":0,"relics":["Ring of the Snake","Girya","MawBank","Letter Opener","Vajra","Sozu","Red Mask","Darkstone Periapt","Toxic Egg 2"],"potions_floor_usage":[],"damage_taken":[{"damage":3.0,"enemies":"Cultist","floor":1.0,"turns":4.0},{"damage":12.0,"enemies":"Jaw Worm","floor":2.0,"turns":6.0},{"damage":0.0,"enemies":"2 Louse","floor":4.0,"turns":2.0},{"damage":0.0,"enemies":"2 Fungi Beasts","floor":5.0,"turns":4.0},{"damage":0.0,"enemies":"Looter","floor":11.0,"turns":2.0},{"damage":28.0,"enemies":"The Guardian","floor":16.0,"turns":10.0},{"damage":4.0,"enemies":"Shell Parasite","floor":18.0,"turns":5.0},{"damage":6.0,"enemies":"2 Thieves","floor":19.0,"turns":4.0},{"damage":24.0,"enemies":"Masked Bandits","floor":21.0,"turns":4.0},{"damage":18.0,"enemies":"Gremlin Leader","floor":24.0,"turns":7.0},{"damage":0.0,"enemies":"Snake Plant","floor":28.0,"turns":5.0},{"damage":9.0,"enemies":"Snecko","floor":30.0,"turns":6.0},{"damage":1.0,"enemies":"Centurion and Healer","floor":31.0,"turns":5.0},{"damage":51,"enemies":"Champ","floor":33,"turns":8}],"seed_played":"4052504121276163667","potions_obtained":[{"floor":5.0,"key":"SkillPotion"},{"floor":16.0,"key":"Fire Potion"}],"is_trial":false,"path_per_floor":["M","M","$","M","M","?","R","T","T","?","M","R","?","$","R","B",null,"M","M","?","?","$","R","E","R","T","?","M","R","M","M","R","B"],"character_chosen":"THE_SILENT","items_purchased":["Poisoned Stab","FearPotion","Footwork","Dash"],"campfire_rested":3,"item_purchase_floors":[3,3,14,22],"current_hp_per_floor":[56,44,44,44,44,44,44,44,44,39,39,39,39,39,39,11,52,48,42,42,18,18,37,19,38,38,38,38,38,29,28,47,0],"gold":103,"neow_bonus":"ONE_RARE_RELIC","is_prod":false,"is_daily":false,"chose_seed":false,"campfire_upgraded":1,"win_rate":0,"timestamp":1555877077,"path_taken":["M","?","$","M","M","?","R","?","T","?","M","R","?","$","R","BOSS","M","M","?","?","$","R","E","R","T","?","?","R","M","M","R","BOSS"],"build_version":"2019-01-23","purchased_purges":1,"victory":false,"max_hp_per_floor":[66,66,66,66,66,66,66,66,66,66,66,66,66,66,66,66,66,66,66,66,66,66,66,66,66,66,66,66,66,66,66,66,66],"card_choices":[{"not_picked":["PiercingWail","Infinite Blades"],"picked":"Quick Slash","floor":1.0},{"not_picked":["Prepared","Bane"],"picked":"Terror","floor":2.0},{"not_picked":["Bouncing Flask","PiercingWail"],"picked":"Flechettes","floor":4.0},{"not_picked":["Dodge and Roll","Deflect"],"picked":"Deadly Poison","floor":5.0},{"not_picked":["Expertise","Flying Knee"],"picked":"Noxious Fumes","floor":11.0},{"not_picked":["Burst","Night Terror"],"picked":"Malaise","floor":16.0},{"not_picked":["PiercingWail","Underhanded Strike"],"picked":"Sucker Punch","floor":18.0},{"not_picked":["Underhanded Strike","Bane"],"picked":"Acrobatics","floor":19.0},{"not_picked":["Blur","Deflect"],"picked":"Crippling Poison","floor":24.0},{"not_picked":["Quick Slash","Poisoned Stab"],"picked":"Deflect+1","floor":28.0},{"not_picked":["Dash","Eviscerate"],"picked":"Bullet Time+1","floor":30.0},{"not_picked":["Quick Slash","Tactician+1"],"picked":"Finisher","floor":31.0}],"player_experience":940168,"relics_obtained":[{"floor":8.0,"key":"MawBank"},{"floor":9.0,"key":"Letter Opener"},{"floor":21.0,"key":"Red Mask"},{"floor":24.0,"key":"Darkstone Periapt"},{"floor":26.0,"key":"Toxic Egg 2"}],"event_choices":[{"cards_removed":["Shame"],"damage_healed":0.0,"max_hp_gain":0.0,"max_hp_loss":0.0,"gold_gain":0.0,"event_name":"Living Wall","player_choice":"Forget","floor":6.0,"gold_loss":0.0,"damage_taken":0.0},{"damage_healed":0.0,"max_hp_gain":0.0,"max_hp_loss":0.0,"gold_gain":0.0,"event_name":"Scrap Ooze","player_choice":"Success","floor":10.0,"gold_loss":0.0,"damage_taken":5.0,"relics_obtained":["Vajra"]},{"cards_removed":["Strike_G"],"damage_healed":0.0,"max_hp_gain":0.0,"max_hp_loss":0.0,"gold_gain":0.0,"event_name":"The Cleric","player_choice":"Card Removal","floor":13.0,"gold_loss":75.0,"damage_taken":0.0},{"damage_healed":0.0,"max_hp_gain":0.0,"max_hp_loss":0.0,"gold_gain":0.0,"cards_transformed":["Strike_G","Strike_G"],"event_name":"Drug Dealer","player_choice":"Became Test Subject","floor":20.0,"gold_loss":0.0,"damage_taken":0.0,"cards_obtained":["Deflect","Wraith Form v2"]},{"damage_healed":0.0,"max_hp_gain":0.0,"max_hp_loss":0.0,"gold_gain":0.0,"event_name":"Masked Bandits","player_choice":"Fought Bandits","floor":21.0,"gold_loss":0.0,"damage_taken":0.0},{"damage_healed":0.0,"max_hp_gain":0.0,"max_hp_loss":0.0,"gold_gain":0.0,"event_name":"Duplicator","player_choice":"Copied","floor":27.0,"gold_loss":0.0,"damage_taken":0.0,"cards_obtained":["Malaise"]}],"is_beta":false,"boss_relics":[{"not_picked":["Tiny House","Snecko Eye"],"picked":"Sozu"}],"items_purged_floors":[22],"is_endless":false,"potions_floor_spawned":[5,16,24,28,30,31],"killed_by":"Champ","ascension_level":19}