{"gold_per_floor":[116,128,20,31,31,59,59,69,69,79,79,98,47,47],"floor_reached":14,"playtime":991,"items_purged":["Strike_R"],"score":92,"play_id":"9b6ea9f2-bd90-4c6a-96fc-5095247483ae","local_time":"20181126212255","is_ascension_mode":false,"campfire_choices":[{"data":"Spot Weakness","floor":7,"key":"SMITH"},{"data":"Anger","floor":11,"key":"SMITH"}],"neow_cost":"TEN_PERCENT_HP_LOSS","seed_source_timestamp":518990479914848,"circlet_count":0,"master_deck":["Strike_R","Strike_R","Strike_R","Strike_R","Defend_R","Defend_R","Defend_R","Defend_R","Bash","Anger+1","Bloodletting","Spot Weakness+1","Disarm","Rage+1","Spot Weakness+1","Shrug It Off+1","Dual Wield+1","Flex+1"],"relics":["Burning Blood","Nunchaku","Toxic Egg 2","Matryoshka"],"potions_floor_usage":[8,14],"damage_taken":[{"damage":5,"enemies":"Cultist","floor":1,"turns":4},{"damage":6,"enemies":"Jaw Worm","floor":2,"turns":3},{"damage":7,"enemies":"Small Slimes","floor":4,"turns":4},{"damage":50,"enemies":"Gremlin Nob","floor":6,"turns":6},{"damage":16,"enemies":"Exordium Wildlife","floor":8,"turns":5},{"damage":2,"enemies":"Blue Slaver","floor":10,"turns":3},{"damage":18,"enemies":"Exordium Thugs","floor":12,"turns":6},{"damage":29,"enemies":"3 Sentries","floor":14,"turns":8}],"seed_played":"-8207783089634278690","potions_obtained":[{"floor":6,"key":"Regen Potion"},{"floor":12,"key":"EssenceOfSteel"}],"is_trial":false,"path_per_floor":["M","M","$","M","?","E","R","M","T","M","R","M","$","E"],"character_chosen":"IRONCLAD","items_purchased":["Spot Weakness","Flex+1"],"campfire_rested":0,"item_purchase_floors":[3,13],"current_hp_per_floor":[72,72,72,71,71,27,27,29,29,33,33,21,21,0],"gold":47,"neow_bonus":"ONE_RARE_RELIC","is_prod":false,"is_daily":false,"chose_seed":false,"campfire_upgraded":2,"win_rate":0.0,"timestamp":1543288975,"path_taken":["M","M","$","M","?","E","R","M","T","M","R","M","?","E"],"build_version":"2018-11-15","purchased_purges":1,"victory":false,"max_hp_per_floor":[72,72,72,72,72,72,72,72,72,72,72,72,72,72],"card_choices":[{"not_picked":["Perfected Strike","Shockwave"],"picked":"Anger","floor":1},{"not_picked":["Feel No Pain","Body Slam"],"picked":"Bloodletting","floor":2},{"not_picked":["Twin Strike","Flame Barrier"],"picked":"Disarm","floor":4},{"not_picked":["Shrug It Off","Corruption"],"picked":"Rage","floor":6},{"not_picked":["Seeing Red+1","Power Through+1"],"picked":"Spot Weakness+1","floor":8},{"not_picked":["True Grit+1","Havoc+1"],"picked":"Shrug It Off+1","floor":10},{"not_picked":["Warcry+1","Sword Boomerang"],"picked":"Dual Wield+1","floor":12}],"player_experience":160737,"relics_obtained":[{"floor":6,"key":"Toxic Egg 2"},{"floor":9,"key":"Matryoshka"}],"event_choices":[{"damage_healed":0,"gold_gain":0,"player_choice":"Ignored","damage_taken":0,"max_hp_gain":0,"max_hp_loss":0,"event_name":"Shining Light","floor":5,"gold_loss":0}],"is_beta":false,"boss_relics":[],"items_purged_floors":[3],"is_endless":false,"potions_floor_spawned":[6,12],"killed_by":"3 Sentries","ascension_level":0}