{"gold_per_floor":[10,27,27,27,27,27,27,58,58,76,89,123,146,159,159,159],"floor_reached":16,"playtime":1639,"items_purged":[],"score":220,"play_id":"507d6a6c-6343-4539-a607-f83371a0fb52","local_time":"20190516211609","is_ascension_mode":true,"campfire_choices":[{"data":"Cloak And Dagger","floor":6.0,"key":"SMITH"},{"floor":15,"key":"REST"}],"neow_cost":"NO_GOLD","seed_source_timestamp":7940048483300,"circlet_count":0,"master_deck":["AscendersBane","Defend_G","Defend_G+1","Defend_G","Defend_G","Defend_G","Strike_G","Strike_G","Strike_G","Survivor","Neutralize+1","A Thousand Cuts+1","PiercingWail","Cloak And Dagger+1","Backflip","Heel Hook","Well Laid Plans","Backstab","Endless Agony","Cloak And Dagger"],"special_seed":0,"relics":["Ring of the Snake","Bottled Tornado","Torii","Bird Faced Urn","Potion Belt"],"potions_floor_usage":[12,16],"damage_taken":[{"damage":1.0,"enemies":"Small Slimes","floor":1.0,"turns":6.0},{"damage":0.0,"enemies":"2 Louse","floor":2.0,"turns":6.0},{"damage":18.0,"enemies":"3 Sentries","floor":8.0,"turns":6.0},{"damage":0.0,"enemies":"Jaw Worm","floor":10.0,"turns":3.0},{"damage":0.0,"enemies":"Exordium Wildlife","floor":11.0,"turns":5.0},{"damage":10,"enemies":"Lagavulin","floor":12,"turns":6},{"damage":0,"enemies":"Large Slime","floor":14,"turns":3},{"damage":52,"enemies":"Hexaghost","floor":16,"turns":16}],"seed_played":"8791568076533306400","potions_obtained":[{"floor":8.0,"key":"FearPotion"},{"floor":10.0,"key":"FearPotion"},{"floor":14,"key":"Regen Potion"}],"is_trial":false,"path_per_floor":["M","M","?","$","?","R","$","E","T","M","M","E","T","M","R","B"],"character_chosen":"THE_SILENT","items_purchased":[],"campfire_rested":1,"item_purchase_floors":[],"current_hp_per_floor":[58,58,38,38,38,38,38,20,20,20,20,10,10,14,33,0],"gold":159,"neow_bonus":"TRANSFORM_TWO_CARDS","is_prod":false,"is_daily":false,"chose_seed":false,"campfire_upgraded":1,"win_rate":0,"timestamp":1558066569,"path_taken":["M","M","?","$","?","R","$","E","T","M","M","E","?","?","R","BOSS"],"build_version":"2019-01-23","purchased_purges":0,"victory":false,"max_hp_per_floor":[66,66,66,66,66,66,66,66,66,66,66,66,66,66,66,66],"card_choices":[{"not_picked":["Deflect","Acrobatics"],"picked":"Cloak And Dagger","floor":1.0},{"not_picked":["Catalyst","Cloak And Dagger"],"picked":"Backflip","floor":2.0},{"not_picked":["Bane","Finisher"],"picked":"Heel Hook","floor":8.0},{"not_picked":["Dagger Spray","Corpse Explosion"],"picked":"Well Laid Plans","floor":10.0},{"not_picked":["Riddle With Holes","Prepared"],"picked":"Backstab","floor":11.0},{"not_picked":["Choke","Grand Finale"],"picked":"Endless Agony","floor":12},{"not_picked":["Dodge and Roll","Acrobatics"],"picked":"Cloak And Dagger","floor":14}],"player_experience":1327539,"relics_obtained":[{"floor":8.0,"key":"Bottled Tornado"},{"floor":9.0,"key":"Torii"},{"floor":12,"key":"Bird Faced Urn"},{"floor":13,"key":"Potion Belt"}],"event_choices":[{"damage_healed":0.0,"max_hp_gain":0.0,"max_hp_loss":0.0,"gold_gain":0.0,"event_name":"Shining Light","player_choice":"Entered Light","floor":3.0,"gold_loss":0.0,"damage_taken":20.0,"cards_upgraded":["Defend_G","Neutralize"]},{"damage_healed":0.0,"max_hp_gain":0.0,"max_hp_loss":0.0,"gold_gain":0.0,"event_name":"Living Wall","player_choice":"Grow","floor":5.0,"gold_loss":0.0,"damage_taken":0.0,"cards_upgraded":["A Thousand Cuts"]}],"is_beta":false,"boss_relics":[],"items_purged_floors":[],"is_endless":false,"potions_floor_spawned":[8,10,14],"killed_by":"Hexaghost","ascension_level":20}