{"gold_per_floor":[113,113,113,127,152,187,187,228,282,300,39,39,39,59,59,152,152,171,96,96,109,56,56,56,56],"floor_reached":25,"playtime":2110,"items_purged":["Strike_G"],"score":408,"play_id":"b931bdde-e467-4e2b-ae7d-93015f0d3d92","local_time":"20190421095256","is_ascension_mode":true,"campfire_choices":[{"data":"Neutralize","floor":7.0,"key":"SMITH"},{"floor":13.0,"key":"REST"},{"data":"Finisher","floor":15.0,"key":"SMITH"},{"floor":23.0,"key":"REST"}],"neow_cost":"NONE","seed_source_timestamp":951790203500,"circlet_count":0,"master_deck":["AscendersBane","Defend_G","Defend_G","Defend_G","Defend_G","Defend_G","Survivor","Neutralize","Finisher+1","Neutralize+1","Heel Hook","Noxious Fumes","Dash","Deadly Poison","Dagger Spray","Caltrops","Backflip","Slice","Glass Knife","Crippling Poison+1","Flechettes+1","PiercingWail","Cloak And Dagger","Backstab"],"special_seed":0,"relics":["Ring of the Snake","NeowsBlessing","Bloody Idol","Pantograph","Dream Catcher","Pen Nib","Astrolabe"],"potions_floor_usage":[25],"damage_taken":[{"damage":0.0,"enemies":"Small Slimes","floor":1.0,"turns":1.0},{"damage":0.0,"enemies":"Jaw Worm","floor":4.0,"turns":1.0},{"damage":0.0,"enemies":"Cultist","floor":5.0,"turns":1.0},{"damage":6.0,"enemies":"Gremlin Nob","floor":6.0,"turns":3.0},{"damage":16.0,"enemies":"3 Sentries","floor":8.0,"turns":9.0},{"damage":2.0,"enemies":"Blue Slaver","floor":10.0,"turns":4.0},{"damage":0.0,"enemies":"Exordium Wildlife","floor":14.0,"turns":3.0},{"damage":37.0,"enemies":"Hexaghost","floor":16.0,"turns":9.0},{"damage":33.0,"enemies":"Spheric Guardian","floor":18.0,"turns":7.0},{"damage":8.0,"enemies":"Shell Parasite","floor":21.0,"turns":7.0},{"damage":30,"enemies":"Book of Stabbing","floor":25,"turns":5}],"seed_played":"-3532518690065157731","potions_obtained":[{"floor":4.0,"key":"SteroidPotion"},{"floor":5.0,"key":"Dexterity Potion"},{"floor":6.0,"key":"SkillPotion"},{"floor":8.0,"key":"Strength Potion"}],"is_trial":false,"path_per_floor":["M","?","?","M","M","E","R","E","T","M","$","?","R","M","R","B",null,"M","?","?","M","$","R","?","E"],"character_chosen":"THE_SILENT","items_purchased":["Dagger Spray","Caltrops","PowerPotion","Cloak And Dagger"],"campfire_rested":2,"item_purchase_floors":[11,11,11,22],"current_hp_per_floor":[59,59,59,59,59,53,53,37,37,35,35,35,53,53,53,23,51,18,18,18,10,10,28,28,0],"gold":56,"neow_bonus":"THREE_ENEMY_KILL","is_prod":false,"is_daily":false,"chose_seed":false,"campfire_upgraded":2,"win_rate":0,"timestamp":1555865576,"path_taken":["M","?","?","M","?","E","R","E","T","M","$","?","R","M","R","BOSS","M","?","?","?","$","R","?","E"],"build_version":"2019-01-23","purchased_purges":1,"victory":false,"max_hp_per_floor":[66,60,60,60,60,60,60,60,60,60,60,60,60,60,60,60,60,60,60,60,60,60,60,60,60],"card_choices":[{"not_picked":["Outmaneuver","Sucker Punch"],"picked":"Finisher","floor":1.0},{"not_picked":["Blade Dance","Backflip"],"picked":"Heel Hook","floor":4.0},{"not_picked":["Backflip","Bane"],"picked":"Noxious Fumes","floor":5.0},{"not_picked":["Slice","Skewer"],"picked":"Dash","floor":6.0},{"not_picked":["Night Terror","Bane"],"picked":"Deadly Poison","floor":8.0},{"not_picked":["Heel Hook","Dash","Expertise"],"picked":"SKIP","floor":10.0},{"not_picked":["Acrobatics","Blade Dance"],"picked":"Backflip","floor":13.0},{"not_picked":["Outmaneuver","Acrobatics"],"picked":"Slice","floor":14.0},{"not_picked":["Unload","Tools of the Trade"],"picked":"Glass Knife","floor":16.0},{"not_picked":["Slice","Flechettes","Deadly Poison"],"picked":"SKIP","floor":18.0},{"not_picked":["Prepared","Flying Knee"],"picked":"PiercingWail","floor":21.0},{"not_picked":["Acrobatics","Slice"],"picked":"Backstab","floor":23.0}],"player_experience":937276,"relics_obtained":[{"floor":6.0,"key":"Pantograph"},{"floor":8.0,"key":"Dream Catcher"},{"floor":9.0,"key":"Pen Nib"}],"event_choices":[{"damage_healed":0.0,"max_hp_gain":0.0,"max_hp_loss":6.0,"gold_gain":0.0,"event_name":"Golden Idol","player_choice":"Lose Max HP","floor":2.0,"gold_loss":0.0,"damage_taken":0.0,"relics_obtained":["Golden Idol"]},{"damage_healed":0.0,"max_hp_gain":0.0,"max_hp_loss":0.0,"gold_gain":0.0,"event_name":"Match and Keep!","player_choice":"1 cards matched","floor":3.0,"gold_loss":0.0,"damage_taken":0.0,"cards_obtained":["Neutralize"]},{"damage_healed":0.0,"max_hp_gain":0.0,"max_hp_loss":0.0,"gold_gain":0.0,"event_name":"Liars Game","player_choice":"Ignored","floor":12.0,"gold_loss":0.0,"damage_taken":0.0},{"cards_removed":["Grand Finale"],"damage_healed":0.0,"max_hp_gain":0.0,"max_hp_loss":0.0,"gold_gain":0.0,"event_name":"Beggar","player_choice":"Gave Gold","floor":19.0,"gold_loss":75.0,"damage_taken":0.0},{"cards_removed":["Strike_G"],"damage_healed":0.0,"max_hp_gain":0.0,"max_hp_loss":0.0,"gold_gain":0.0,"event_name":"Purifier","player_choice":"Purged","floor":20.0,"gold_loss":0.0,"damage_taken":0.0},{"damage_healed":0.0,"max_hp_gain":0.0,"max_hp_loss":0.0,"gold_gain":0.0,"event_name":"Forgotten Altar","player_choice":"Gave Idol","floor":24.0,"relics_lost":["Golden Idol"],"gold_loss":0.0,"damage_taken":0.0,"relics_obtained":["Bloody Idol"]}],"is_beta":false,"boss_relics":[{"not_picked":["Ectoplasm","White Beast Statue"],"picked":"Astrolabe"}],"items_purged_floors":[11],"is_endless":false,"potions_floor_spawned":[4,5,6,8],"killed_by":"Book of Stabbing","ascension_level":19}