{"gold_per_floor":[109,124,89,164,164,164,197,33,33,5,29,29,48,48,48,147,147,163,187,187],"floor_reached":20,"playtime":1739,"items_purged":[],"score":344,"play_id":"1052ce81-8877-4d5c-91e6-e9c7962419ca","local_time":"20190512142646","is_ascension_mode":true,"campfire_choices":[{"data":"Terror","floor":6.0,"key":"SMITH"},{"floor":12.0,"key":"REST"},{"floor":15.0,"key":"REST"}],"neow_cost":"NONE","seed_source_timestamp":15621282052800,"circlet_count":0,"master_deck":["AscendersBane","Defend_G","Defend_G","Defend_G","Defend_G","Defend_G","Strike_G","Strike_G","Strike_G","Strike_G","Strike_G","Survivor","Neutralize","Terror+1","Well Laid Plans","Dagger Spray","Footwork","Blur","Bane","Cloak And Dagger","Outmaneuver","Night Terror","Backflip","Endless Agony"],"special_seed":0,"relics":["Ring of the Snake","Happy Flower","Golden Idol","Dead Branch","Nunchaku","Cursed Key"],"potions_floor_usage":[],"damage_taken":[{"damage":2.0,"enemies":"2 Louse","floor":1.0,"turns":3.0},{"damage":4.0,"enemies":"Jaw Worm","floor":2.0,"turns":4.0},{"damage":46.0,"enemies":"Gremlin Nob","floor":7.0,"turns":5.0},{"damage":0.0,"enemies":"Cultist","floor":11.0,"turns":3.0},{"damage":0.0,"enemies":"Large Slime","floor":13.0,"turns":6.0},{"damage":35.0,"enemies":"Hexaghost","floor":16.0,"turns":10.0},{"damage":16.0,"enemies":"Shell Parasite","floor":18.0,"turns":6.0},{"damage":11.0,"enemies":"3 Byrds","floor":19.0,"turns":5.0},{"damage":21,"enemies":"Colosseum Slavers","floor":20,"turns":4}],"seed_played":"-8989114621423491430","potions_obtained":[{"floor":1.0,"key":"Swift Potion"},{"floor":11.0,"key":"EssenceOfSteel"}],"is_trial":false,"path_per_floor":["M","M","?","?","?","R","E","$","T","$","M","R","M","$","R","B",null,"M","M","?"],"character_chosen":"THE_SILENT","items_purchased":["Footwork","Blur","Bane"],"campfire_rested":2,"item_purchase_floors":[8,8,10],"current_hp_per_floor":[57,53,66,55,55,55,9,9,9,9,9,27,27,27,45,10,48,32,21,0],"gold":187,"neow_bonus":"RANDOM_COMMON_RELIC","is_prod":false,"is_daily":false,"chose_seed":false,"campfire_upgraded":1,"win_rate":0,"timestamp":1557696406,"path_taken":["M","M","?","?","?","R","E","$","T","?","M","R","M","?","R","BOSS","M","?","?"],"build_version":"2019-01-23","purchased_purges":0,"victory":false,"max_hp_per_floor":[66,66,66,66,60,60,60,60,60,60,60,60,60,60,60,60,60,60,60,60],"card_choices":[{"not_picked":["Underhanded Strike","Dagger Throw"],"picked":"Terror","floor":1.0},{"not_picked":["Blade Dance","Poisoned Stab"],"picked":"Well Laid Plans","floor":2.0},{"not_picked":["Bane","Concentrate"],"picked":"Dagger Spray","floor":7.0},{"not_picked":["Blur","Tactician"],"picked":"Cloak And Dagger","floor":11.0},{"not_picked":["Prepared","Well Laid Plans"],"picked":"Outmaneuver","floor":13.0},{"not_picked":["Burst","Unload"],"picked":"Night Terror","floor":16.0},{"not_picked":["Quick Slash","Flying Knee"],"picked":"Backflip","floor":18.0},{"not_picked":["All Out Attack","Outmaneuver"],"picked":"Endless Agony","floor":19}],"player_experience":1286846,"relics_obtained":[{"floor":7.0,"key":"Dead Branch"},{"floor":9.0,"key":"Nunchaku"}],"event_choices":[{"damage_healed":16.0,"max_hp_gain":0.0,"max_hp_loss":0.0,"gold_gain":0.0,"event_name":"The Cleric","player_choice":"Healed","floor":3.0,"gold_loss":35.0,"damage_taken":0.0},{"damage_healed":0.0,"max_hp_gain":0.0,"max_hp_loss":0.0,"gold_gain":75.0,"event_name":"World of Goop","player_choice":"Gather Gold","floor":4.0,"gold_loss":0.0,"damage_taken":11.0},{"damage_healed":0.0,"max_hp_gain":0.0,"max_hp_loss":6.0,"gold_gain":0.0,"event_name":"Golden Idol","player_choice":"Lose Max HP","floor":5.0,"gold_loss":0.0,"damage_taken":0.0,"relics_obtained":["Golden Idol"]},{"damage_healed":0,"gold_gain":0,"player_choice":"Fight","damage_taken":0,"max_hp_gain":0,"max_hp_loss":0,"event_name":"Colosseum","floor":20,"gold_loss":0}],"is_beta":false,"boss_relics":[{"not_picked":["Calling Bell","Ectoplasm"],"picked":"Cursed Key"}],"items_purged_floors":[],"is_endless":false,"potions_floor_spawned":[1,11],"killed_by":"Colosseum Slavers","ascension_level":20}