{"gold_per_floor":[210,220,220,230,21,40,70,90,115,115,140,140,82,62,62,136,136,155,233,244,169,169,202,212,212],"floor_reached":25,"playtime":817,"items_purged":["Strike_G"],"score":462,"play_id":"45d01dd0-e74d-4440-bc17-28c065158879","local_time":"20190427153120","is_ascension_mode":true,"campfire_choices":[{"floor":10.0,"key":"REST"},{"data":"Noxious Fumes","floor":15.0,"key":"SMITH"}],"neow_cost":"NONE","seed_source_timestamp":1096454953813628,"circlet_count":0,"master_deck":["AscendersBane","Defend_G","Defend_G","Defend_G","Defend_G","Defend_G","Strike_G","Survivor","Neutralize+1","Predator","Dagger Throw","Dagger Spray","Noxious Fumes+1","Cloak And Dagger","Well Laid Plans","Leg Sweep","Caltrops","Corpse Explosion","Acrobatics+1","Crippling Poison+1","Eviscerate+1","Acrobatics","Escape Plan","PiercingWail"],"special_seed":0,"relics":["Ring of the Snake","Pen Nib","Omamori","Velvet Choker","Molten Egg 2","Happy Flower"],"potions_floor_usage":[23],"damage_taken":[{"damage":3.0,"enemies":"Jaw Worm","floor":1.0,"turns":6.0},{"damage":11.0,"enemies":"Small Slimes","floor":2.0,"turns":5.0},{"damage":0.0,"enemies":"2 Louse","floor":4.0,"turns":2.0},{"damage":4.0,"enemies":"Red Slaver","floor":6.0,"turns":4.0},{"damage":9.0,"enemies":"Lagavulin","floor":7.0,"turns":8.0},{"damage":10.0,"enemies":"3 Louse","floor":8.0,"turns":4.0},{"damage":26.0,"enemies":"Gremlin Nob","floor":11.0,"turns":4.0},{"damage":4.0,"enemies":"The Guardian","floor":16.0,"turns":11.0},{"damage":3.0,"enemies":"3 Byrds","floor":18.0,"turns":4.0},{"damage":13,"enemies":"Shell Parasite","floor":20,"turns":6},{"damage":21,"enemies":"Slavers","floor":23,"turns":3},{"damage":14,"enemies":"Sentry and Sphere","floor":24,"turns":4},{"damage":1,"enemies":"Book of Stabbing","floor":25,"turns":1}],"seed_played":"-5340510510125973141","potions_obtained":[{"floor":1.0,"key":"Poison Potion"},{"floor":4.0,"key":"Dexterity Potion"},{"floor":14.0,"key":"SkillPotion"},{"floor":16.0,"key":"Swift Potion"},{"floor":20,"key":"GhostInAJar"},{"floor":23,"key":"AttackPotion"}],"is_trial":false,"path_per_floor":["M","M","?","M","$","M","E","M","T","R","E","?","?","?","R","B",null,"M","T","M","?","?","E","M","E"],"character_chosen":"THE_SILENT","items_purchased":["Noxious Fumes","Cloak And Dagger"],"campfire_rested":1,"item_purchase_floors":[5,5],"current_hp_per_floor":[56,45,45,45,45,41,32,22,22,41,15,15,15,15,15,11,52,49,49,36,36,36,15,1,0],"gold":212,"neow_bonus":"HUNDRED_GOLD","is_prod":false,"is_daily":false,"chose_seed":false,"campfire_upgraded":1,"win_rate":0,"timestamp":1556389880,"path_taken":["M","M","?","M","$","M","E","M","T","R","E","?","?","?","R","BOSS","M","?","M","?","?","E","?","E"],"build_version":"2019-01-23","purchased_purges":1,"victory":false,"max_hp_per_floor":[66,66,66,66,66,66,66,66,66,66,66,66,66,66,66,66,66,66,66,66,66,66,66,66,66],"card_choices":[{"not_picked":["Deadly Poison","Sucker Punch"],"picked":"Predator","floor":1.0},{"not_picked":["Outmaneuver","Calculated Gamble"],"picked":"Dagger Throw","floor":2.0},{"not_picked":["Dagger Throw","Dodge and Roll"],"picked":"Dagger Spray","floor":4.0},{"not_picked":["Crippling Poison","Flying Knee"],"picked":"Well Laid Plans","floor":6.0},{"not_picked":["Concentrate","Infinite Blades"],"picked":"Leg Sweep","floor":7.0},{"not_picked":["Setup","Escape Plan","Sucker Punch"],"picked":"SKIP","floor":8.0},{"not_picked":["Wraith Form v2","Flying Knee"],"picked":"Caltrops","floor":11.0},{"not_picked":["Storm of Steel","Doppelganger"],"picked":"Corpse Explosion","floor":16.0},{"not_picked":["Blade Dance","Cloak And Dagger+1"],"picked":"Acrobatics+1","floor":18},{"not_picked":["Outmaneuver","Skewer+1"],"picked":"Crippling Poison+1","floor":20},{"not_picked":["Prepared","Terror"],"picked":"Escape Plan","floor":23},{"not_picked":["Blur","Outmaneuver+1"],"picked":"PiercingWail","floor":24}],"player_experience":2200815,"relics_obtained":[{"floor":7.0,"key":"Pen Nib"},{"floor":11.0,"key":"Omamori"},{"floor":19,"key":"Molten Egg 2"},{"floor":23,"key":"Happy Flower"}],"event_choices":[{"damage_healed":0.0,"max_hp_gain":0.0,"max_hp_loss":0.0,"gold_gain":0.0,"event_name":"Living Wall","player_choice":"Grow","floor":3.0,"gold_loss":0.0,"damage_taken":0.0,"cards_upgraded":["Neutralize"]},{"damage_healed":0.0,"max_hp_gain":0.0,"max_hp_loss":0.0,"gold_gain":0.0,"event_name":"Shining Light","player_choice":"Ignored","floor":12.0,"gold_loss":0.0,"damage_taken":0.0},{"damage_healed":0.0,"max_hp_gain":0.0,"max_hp_loss":0.0,"gold_gain":0.0,"event_name":"World of Goop","player_choice":"Left Gold","floor":13.0,"gold_loss":58.0,"damage_taken":0.0},{"damage_healed":0.0,"max_hp_gain":0.0,"max_hp_loss":0.0,"gold_gain":0.0,"event_name":"The Woman in Blue","player_choice":"Bought 1 Potion","floor":14.0,"gold_loss":0.0,"damage_taken":0.0},{"cards_removed":["Strike_G"],"damage_healed":0,"gold_gain":0,"player_choice":"Gave Gold","damage_taken":0,"max_hp_gain":0,"max_hp_loss":0,"event_name":"Beggar","floor":21,"gold_loss":75},{"damage_healed":0,"gold_gain":0,"cards_transformed":["Strike_G","Strike_G"],"player_choice":"Became Test Subject","damage_taken":0,"max_hp_gain":0,"max_hp_loss":0,"event_name":"Drug Dealer","floor":22,"gold_loss":0,"cards_obtained":["Eviscerate","Acrobatics"]}],"is_beta":false,"boss_relics":[{"not_picked":["Coffee Dripper","Astrolabe"],"picked":"Velvet Choker"}],"items_purged_floors":[5],"is_endless":false,"potions_floor_spawned":[1,4,6,16,20,23,24],"killed_by":"Book of Stabbing","ascension_level":20}