{"gold_per_floor":[110,110,110,124,139,180,180,180],"floor_reached":8,"playtime":231,"items_purged":[],"score":112,"play_id":"247f22ca-de28-4fbf-9ca4-d924d62d457e","local_time":"20190405182039","is_ascension_mode":true,"campfire_choices":[{"floor":7,"key":"REST"}],"neow_cost":"NONE","seed_source_timestamp":1033503557003397,"circlet_count":0,"master_deck":["AscendersBane","Strike_R","Strike_R","Strike_R","Strike_R","Defend_R","Defend_R","Defend_R","Defend_R","Bash","Clothesline","Reckless Charge","Anger","Armaments","Feed"],"relics":["Burning Blood","Golden Idol","The Courier"],"potions_floor_usage":[],"damage_taken":[{"damage":22,"enemies":"Small Slimes","floor":1,"turns":4},{"damage":9,"enemies":"Jaw Worm","floor":4,"turns":3},{"damage":1,"enemies":"Cultist","floor":5,"turns":3},{"damage":37,"enemies":"3 Sentries","floor":6,"turns":12},{"damage":64,"enemies":"Lagavulin","floor":8,"turns":8}],"seed_played":"-1435566933892687603","potions_obtained":[{"floor":6,"key":"LiquidBronze"}],"is_trial":false,"path_per_floor":["M","?","?","M","M","E","R","E"],"character_chosen":"IRONCLAD","items_purchased":[],"campfire_rested":1,"item_purchase_floors":[],"current_hp_per_floor":[59,59,59,56,61,30,52,0],"gold":180,"neow_bonus":"TEN_PERCENT_HP_BONUS","is_prod":false,"is_daily":false,"chose_seed":false,"campfire_upgraded":0,"win_rate":0,"timestamp":1554499239,"path_taken":["M","?","?","?","M","E","R","E"],"build_version":"2019-01-23","purchased_purges":0,"victory":false,"max_hp_per_floor":[82,74,74,74,74,74,74,74],"card_choices":[{"not_picked":["Warcry","Heavy Blade"],"picked":"Clothesline","floor":1},{"not_picked":["Sentinel","True Grit"],"picked":"Anger","floor":4},{"not_picked":["Iron Wave","Body Slam"],"picked":"Armaments","floor":5},{"not_picked":["Blood for Blood","Pommel Strike"],"picked":"Feed","floor":6}],"player_experience":2013041,"relics_obtained":[{"floor":6,"key":"The Courier"}],"event_choices":[{"damage_healed":0,"gold_gain":0,"player_choice":"Lose Max HP","damage_taken":0,"relics_obtained":["Golden Idol"],"max_hp_gain":0,"max_hp_loss":8,"event_name":"Golden Idol","floor":2,"gold_loss":0},{"damage_healed":0,"gold_gain":0,"cards_transformed":["Strike_R"],"player_choice":"Transformed","damage_taken":0,"max_hp_gain":0,"max_hp_loss":0,"event_name":"Transmorgrifier","floor":3,"gold_loss":0,"cards_obtained":["Reckless Charge"]}],"is_beta":false,"boss_relics":[],"items_purged_floors":[],"is_endless":false,"potions_floor_spawned":[6],"killed_by":"Lagavulin","ascension_level":20}