{"gold_per_floor":[112,112,112,37,55,55,108,141,141,141,141,141,175,190,190,266,266,266,266,266,0,0,0,0,0,0,0,0,0,0,0,0,0,0,0,0,0,0,0,0,0,0,0,0,0,0,0,0,0,0,0,0,0,0,0,0],"floor_reached":56,"playtime":2474,"items_purged":["Pain"],"score":2280,"play_id":"f673aa14-7802-48b8-9bed-094599199410","local_time":"20190426083905","is_ascension_mode":true,"campfire_choices":[{"data":"Dash","floor":6.0,"key":"SMITH"},{"data":"Corpse Explosion","floor":10.0,"key":"SMITH"},{"floor":12.0,"key":"REST"},{"data":"Bouncing Flask","floor":15.0,"key":"SMITH"},{"floor":24.0,"key":"REST"},{"floor":32,"key":"REST"},{"data":"Wraith Form v2","floor":40,"key":"SMITH"},{"data":"Footwork","floor":42,"key":"SMITH"},{"floor":49,"key":"RECALL"},{"floor":53,"key":"REST"}],"neow_cost":"NONE","seed_source_timestamp":983655203228640,"circlet_count":0,"master_deck":["AscendersBane","Defend_G+1","Defend_G+1","Defend_G+1","Defend_G+1","Defend_G+1","Strike_G+1","Strike_G+1","Strike_G+1","Strike_G+1","Survivor","Neutralize","Cloak And Dagger+1","Dash+1","Corpse Explosion+1","Bouncing Flask+1","Deflect","Malaise","Cloak And Dagger","Footwork+1","PiercingWail","Noxious Fumes","Escape Plan","Backflip+1","Wraith Form v2+1","Night Terror","Predator","PiercingWail","Footwork","Envenom","Backflip","Dodge and Roll","Sucker Punch+1"],"special_seed":0,"relics":["Ring of the Snake","NeowsBlessing","WarpedTongs","Bag of Marbles","Blue Candle","Oddly Smooth Stone","War Paint","Ectoplasm","Potion Belt","PreservedInsect","Mercury Hourglass","Tiny Chest","Bronze Scales","Dream Catcher","Peace Pipe","Snecko Eye","WingedGreaves","Ornamental Fan","Ancient Tea Set","Calipers","Bottled Flame"],"potions_floor_usage":[27,27,31,33,37,44,45,55],"damage_taken":[{"damage":0.0,"enemies":"Small Slimes","floor":1.0,"turns":1.0},{"damage":0.0,"enemies":"2 Louse","floor":5.0,"turns":1.0},{"damage":0.0,"enemies":"Lagavulin","floor":8.0,"turns":1.0},{"damage":6.0,"enemies":"3 Sentries","floor":13.0,"turns":3.0},{"damage":0.0,"enemies":"Cultist","floor":14.0,"turns":2.0},{"damage":17.0,"enemies":"Hexaghost","floor":16.0,"turns":9.0},{"damage":2.0,"enemies":"Shell Parasite","floor":18.0,"turns":5.0},{"damage":19.0,"enemies":"Gremlin Leader","floor":23.0,"turns":9.0},{"damage":3,"enemies":"Book of Stabbing","floor":25,"turns":5},{"damage":6,"enemies":"Slavers","floor":27,"turns":3},{"damage":0,"enemies":"Chosen","floor":28,"turns":5},{"damage":0,"enemies":"Book of Stabbing","floor":29,"turns":5},{"damage":0,"enemies":"3 Cultists","floor":30,"turns":2},{"damage":8,"enemies":"Cultist and Chosen","floor":31,"turns":6},{"damage":12,"enemies":"Champ","floor":33,"turns":16},{"damage":0,"enemies":"3 Shapes","floor":35,"turns":4},{"damage":0,"enemies":"Orb Walker","floor":36,"turns":3},{"damage":39,"enemies":"2 Orb Walkers","floor":37,"turns":5},{"damage":1,"enemies":"Giant Head","floor":41,"turns":9},{"damage":0,"enemies":"Reptomancer","floor":44,"turns":6},{"damage":4,"enemies":"3 Darklings","floor":45,"turns":3},{"damage":2,"enemies":"Giant Head","floor":46,"turns":8},{"damage":38,"enemies":"Awakened One","floor":50,"turns":18},{"damage":0,"enemies":"Time Eater","floor":51,"turns":17},{"damage":24,"enemies":"Shield and Spear","floor":55,"turns":4},{"damage":79,"enemies":"The Heart","floor":56,"turns":8}],"seed_played":"-4641539034265413830","potions_obtained":[{"floor":5.0,"key":"SneckoOil"},{"floor":14.0,"key":"Swift Potion"},{"floor":25,"key":"Energy Potion"},{"floor":28,"key":"Swift Potion"},{"floor":31,"key":"GhostInAJar"},{"floor":33,"key":"Weak Potion"},{"floor":37,"key":"GamblersBrew"},{"floor":39,"key":"GhostInAJar"},{"floor":39,"key":"FairyPotion"},{"floor":45,"key":"SteroidPotion"},{"floor":46,"key":"GamblersBrew"}],"is_trial":false,"path_per_floor":["M","?","?","$","M","R","T","E","T","R","?","R","E","M","R","B",null,"M","?","T","$","?","E","R","E","T","E","M","E","M","M","R","B",null,"M","M","?","?","?","R","E","R","T","E","M","E","$","$","R","B","B",null,"R","$","E","B"],"character_chosen":"THE_SILENT","items_purchased":["Footwork","PreservedInsect","PiercingWail"],"campfire_rested":4,"item_purchase_floors":[21,21,21],"current_hp_per_floor":[59,52,52,52,52,52,52,52,52,52,32,51,45,45,45,28,57,55,55,55,55,37,18,39,36,36,30,30,30,30,22,43,31,61,61,61,22,58,58,58,57,57,57,57,53,51,51,51,51,13,13,47,58,58,34,0],"gold":0,"neow_bonus":"THREE_ENEMY_KILL","is_prod":false,"is_daily":false,"chose_seed":false,"campfire_upgraded":5,"win_rate":0,"timestamp":1556278745,"path_taken":["M","?","?","$","?","R","?","E","T","R","?","R","E","M","R","BOSS","M","?","?","$","?","E","R","E","T","E","?","E","M","M","R","BOSS","M","M","?","?","?","R","E","R","T","E","?","E","?","$","R","BOSS","BOSS","R","$","E","BOSS"],"build_version":"2019-01-23","purchased_purges":1,"victory":false,"max_hp_per_floor":[66,66,66,66,66,66,66,66,66,66,66,66,66,66,66,66,66,66,66,66,66,71,71,71,71,71,71,71,71,71,71,71,71,71,71,71,71,58,58,58,58,58,58,58,58,58,58,58,58,58,58,58,58,58,58,58],"card_choices":[{"not_picked":["Blade Dance","Infinite Blades"],"picked":"Cloak And Dagger","floor":1.0},{"not_picked":["Accuracy","Outmaneuver"],"picked":"Dash","floor":5.0},{"not_picked":["Bouncing Flask","Dodge and Roll"],"picked":"Corpse Explosion","floor":8.0},{"not_picked":["Poisoned Stab","PiercingWail"],"picked":"Bouncing Flask","floor":13.0},{"not_picked":["Accuracy","Underhanded Strike"],"picked":"Deflect","floor":14.0},{"not_picked":["Phantasmal Killer","Doppelganger"],"picked":"Malaise","floor":16.0},{"not_picked":["Quick Slash","Tactician"],"picked":"Cloak And Dagger","floor":18.0},{"not_picked":["Flying Knee","Dodge and Roll"],"picked":"Noxious Fumes","floor":23.0},{"not_picked":["Underhanded Strike","Noxious Fumes"],"picked":"Escape Plan","floor":25},{"not_picked":["Acrobatics","Bullet Time","Caltrops"],"picked":"SKIP","floor":27},{"not_picked":["Quick Slash","Blade Dance","Bane"],"picked":"SKIP","floor":28},{"not_picked":["Outmaneuver","Acrobatics","Sucker Punch"],"picked":"SKIP","floor":29},{"not_picked":["Tactician","Dagger Spray","Blade Dance"],"picked":"SKIP","floor":30},{"not_picked":["Flying Knee","Deadly Poison"],"picked":"Backflip+1","floor":31},{"not_picked":["Finisher","Cloak And Dagger"],"picked":"Wraith Form v2","floor":32},{"not_picked":["Glass Knife","Storm of Steel"],"picked":"Night Terror","floor":33},{"not_picked":["Bane","Deflect"],"picked":"Predator","floor":35},{"not_picked":["Cloak And Dagger","Blade Dance","Flying Knee"],"picked":"SKIP","floor":36},{"not_picked":["Prepared","Sucker Punch"],"picked":"PiercingWail","floor":37},{"not_picked":["Concentrate+1","Deadly Poison"],"picked":"Footwork","floor":41},{"not_picked":["Tools of the Trade","Dagger Throw+1"],"picked":"Envenom","floor":44},{"not_picked":["All Out Attack","Distraction+1","Sucker Punch"],"picked":"SKIP","floor":45},{"not_picked":["Flying Knee+1","Finisher"],"picked":"Backflip","floor":46},{"not_picked":["Masterful Stab","Skewer"],"picked":"Dodge and Roll","floor":53},{"not_picked":["Unload","Quick Slash"],"picked":"Sucker Punch+1","floor":55}],"player_experience":2183015,"relics_obtained":[{"floor":7.0,"key":"Bag of Marbles"},{"floor":8.0,"key":"Blue Candle"},{"floor":9.0,"key":"Oddly Smooth Stone"},{"floor":13.0,"key":"War Paint"},{"floor":20.0,"key":"Potion Belt"},{"floor":23.0,"key":"Mercury Hourglass"},{"floor":25,"key":"Tiny Chest"},{"floor":26,"key":"Bronze Scales"},{"floor":27,"key":"Dream Catcher"},{"floor":29,"key":"Peace Pipe"},{"floor":37,"key":"WingedGreaves"},{"floor":41,"key":"Ornamental Fan"},{"floor":44,"key":"Ancient Tea Set"},{"floor":46,"key":"Calipers"},{"floor":55,"key":"Bottled Flame"}],"event_choices":[{"cards_removed":["Strike_G"],"damage_healed":0.0,"max_hp_gain":0.0,"max_hp_loss":0.0,"gold_gain":0.0,"event_name":"Golden Wing","player_choice":"Card Removal","floor":2.0,"gold_loss":0.0,"damage_taken":7.0},{"damage_healed":0.0,"max_hp_gain":0.0,"max_hp_loss":0.0,"gold_gain":0.0,"event_name":"Accursed Blacksmith","player_choice":"Rummage","floor":3.0,"gold_loss":0.0,"damage_taken":0.0,"relics_obtained":["WarpedTongs"],"cards_obtained":["Pain"]},{"damage_healed":0.0,"max_hp_gain":0.0,"max_hp_loss":0.0,"gold_gain":0.0,"event_name":"Shining Light","player_choice":"Entered Light","floor":11.0,"gold_loss":0.0,"damage_taken":20.0,"cards_upgraded":["Strike_G","Defend_G"]},{"damage_healed":0.0,"max_hp_gain":0.0,"max_hp_loss":0.0,"gold_gain":0.0,"event_name":"Back to Basics","player_choice":"Simplicity","floor":19.0,"gold_loss":0.0,"damage_taken":0.0,"cards_upgraded":["Defend_G","Defend_G","Defend_G","Strike_G","Strike_G","Strike_G"]},{"damage_healed":0.0,"max_hp_gain":5.0,"max_hp_loss":0.0,"gold_gain":0.0,"event_name":"Forgotten Altar","player_choice":"Shed Blood","floor":22.0,"gold_loss":0.0,"damage_taken":23.0},{"damage_healed":0,"gold_gain":0,"player_choice":"Fight","damage_taken":0,"max_hp_gain":0,"max_hp_loss":0,"event_name":"Mysterious Sphere","floor":37,"gold_loss":0},{"damage_healed":58,"gold_gain":0,"player_choice":"Heal","damage_taken":0,"max_hp_gain":0,"max_hp_loss":13,"event_name":"The Moai Head","floor":38,"gold_loss":0},{"damage_healed":0,"gold_gain":0,"player_choice":"Got Potions","damage_taken":0,"max_hp_gain":0,"max_hp_loss":0,"event_name":"Lab","floor":39,"gold_loss":0}],"is_beta":false,"boss_relics":[{"not_picked":["White Beast Statue","Pandora\u0027s Box"],"picked":"Ectoplasm"},{"not_picked":["Black Star","Busted Crown"],"picked":"Snecko Eye"}],"items_purged_floors":[4],"is_endless":false,"potions_floor_spawned":[5,14,16,25,28,31,33,37,45,46],"killed_by":"The Heart","ascension_level":20}