{"gold_per_floor":[110,124,143,143,13,47,19,36,36,50,50,64,64,64],"floor_reached":14,"playtime":1248,"items_purged":[],"score":184,"play_id":"60e6437e-bc92-4005-9661-fea7397c25ea","local_time":"20190512213155","is_ascension_mode":true,"campfire_choices":[{"floor":11,"key":"REST"},{"data":"Terror","floor":13,"key":"SMITH"}],"neow_cost":"TEN_PERCENT_HP_LOSS","seed_source_timestamp":41358319971600,"circlet_count":0,"master_deck":["AscendersBane","Defend_G","Defend_G","Defend_G","Defend_G","Defend_G","Strike_G","Strike_G","Strike_G","Survivor","Neutralize","Terror+1","PiercingWail","Finisher","All Out Attack","Leg Sweep","Skewer","Deflect","Dagger Throw","Bouncing Flask","Deflect","Calculated Gamble"],"special_seed":0,"relics":["Ring of the Snake","NlothsMask","Pocketwatch"],"potions_floor_usage":[12],"damage_taken":[{"damage":2.0,"enemies":"Small Slimes","floor":1.0,"turns":4.0},{"damage":0.0,"enemies":"Cultist","floor":2.0,"turns":4.0},{"damage":0.0,"enemies":"2 Louse","floor":3.0,"turns":3.0},{"damage":27.0,"enemies":"3 Sentries","floor":6.0,"turns":10.0},{"damage":7.0,"enemies":"Large Slime","floor":8.0,"turns":5.0},{"damage":2,"enemies":"Blue Slaver","floor":10,"turns":5},{"damage":8,"enemies":"Gremlin Gang","floor":12,"turns":4},{"damage":38,"enemies":"Exordium Thugs","floor":14,"turns":6}],"seed_played":"-1483378425315559980","potions_obtained":[{"floor":3.0,"key":"Poison Potion"},{"floor":10,"key":"Swift Potion"}],"is_trial":false,"path_per_floor":["M","M","M","?","$","E","$","M","T","M","R","M","R","M"],"character_chosen":"THE_SILENT","items_purchased":["Leg Sweep","Skewer","Dagger Throw"],"campfire_rested":1,"item_purchase_floors":[5,5,7],"current_hp_per_floor":[57,57,57,57,57,30,30,23,23,21,39,31,31,0],"gold":64,"neow_bonus":"TRANSFORM_TWO_CARDS","is_prod":false,"is_daily":false,"chose_seed":false,"campfire_upgraded":1,"win_rate":0,"timestamp":1557721915,"path_taken":["M","M","M","?","?","E","$","M","T","M","R","M","R","M"],"build_version":"2019-01-23","purchased_purges":0,"victory":false,"max_hp_per_floor":[60,60,60,60,60,60,60,60,60,60,60,60,60,60],"card_choices":[{"not_picked":["Underhanded Strike","Reflex","Prepared"],"picked":"SKIP","floor":1.0},{"not_picked":["Blade Dance","PiercingWail"],"picked":"Finisher","floor":2.0},{"not_picked":["Heel Hook","Catalyst"],"picked":"All Out Attack","floor":3.0},{"not_picked":["Underhanded Strike","Flechettes"],"picked":"Deflect","floor":6.0},{"not_picked":["Deflect","Infinite Blades"],"picked":"Bouncing Flask","floor":8.0},{"not_picked":["Quick Slash","Flying Knee"],"picked":"Deflect","floor":10},{"not_picked":["Finisher","Flying Knee"],"picked":"Calculated Gamble","floor":12}],"player_experience":1301956,"relics_obtained":[{"floor":6.0,"key":"Pocketwatch"}],"event_choices":[{"damage_healed":0.0,"max_hp_gain":0.0,"max_hp_loss":0.0,"gold_gain":0.0,"event_name":"FaceTrader","player_choice":"Trade","floor":4.0,"gold_loss":0.0,"damage_taken":0.0,"relics_obtained":["NlothsMask"]}],"is_beta":false,"boss_relics":[],"items_purged_floors":[],"is_endless":false,"potions_floor_spawned":[3,10],"killed_by":"Exordium Thugs","ascension_level":20}