{"gold_per_floor":[116,128,128,143,143,170,170,170,170,185,185,185,201,43,43,43],"floor_reached":16,"playtime":1078,"items_purged":[],"score":200,"play_id":"2dd20ed5-b9bb-402c-96a7-be14e2b18ca0","local_time":"20190517221838","is_ascension_mode":true,"campfire_choices":[{"floor":8.0,"key":"REST"},{"floor":11.0,"key":"REST"},{"floor":15.0,"key":"REST"}],"neow_cost":"NONE","seed_source_timestamp":98863981994800,"circlet_count":0,"master_deck":["AscendersBane","Defend_G","Defend_G","Defend_G","Defend_G","Defend_G","Strike_G","Strike_G","Strike_G","Strike_G+1","Survivor","Neutralize+1","Deadly Poison","All Out Attack","Acrobatics","Well Laid Plans","Slice","Terror"],"special_seed":0,"relics":["Ring of the Snake","Smiling Mask","Golden Idol","Sundial","Whetstone"],"potions_floor_usage":[],"damage_taken":[{"damage":4.0,"enemies":"2 Louse","floor":1.0,"turns":4.0},{"damage":2.0,"enemies":"Small Slimes","floor":2.0,"turns":3.0},{"damage":2.0,"enemies":"Jaw Worm","floor":4.0,"turns":5.0},{"damage":37.0,"enemies":"Gremlin Nob","floor":6.0,"turns":6.0},{"damage":25.0,"enemies":"Exordium Thugs","floor":10.0,"turns":5.0},{"damage":4.0,"enemies":"Lots of Slimes","floor":13.0,"turns":2.0},{"damage":56,"enemies":"Slime Boss","floor":16,"turns":8}],"seed_played":"113210612446002452","potions_obtained":[{"floor":1.0,"key":"LiquidBronze"},{"floor":4.0,"key":"GhostInAJar"}],"is_trial":false,"path_per_floor":["M","M","?","M","?","E","?","R","T","M","R","?","M","$","R","B"],"character_chosen":"THE_SILENT","items_purchased":["Whetstone"],"campfire_rested":3,"item_purchase_floors":[14],"current_hp_per_floor":[61,59,64,62,55,18,18,39,39,14,35,35,31,31,52,0],"gold":43,"neow_bonus":"TEN_PERCENT_HP_BONUS","is_prod":false,"is_daily":false,"chose_seed":false,"campfire_upgraded":0,"win_rate":0,"timestamp":1558156718,"path_taken":["M","M","?","M","?","E","?","R","T","M","R","?","M","$","R","BOSS"],"build_version":"2019-01-23","purchased_purges":0,"victory":false,"max_hp_per_floor":[72,72,77,77,77,77,70,70,70,70,70,70,70,70,70,70],"card_choices":[{"not_picked":["Bouncing Flask","Poisoned Stab"],"picked":"Deadly Poison","floor":1.0},{"not_picked":["PiercingWail","Flying Knee"],"picked":"All Out Attack","floor":2.0},{"not_picked":["Prepared","Expertise"],"picked":"Acrobatics","floor":4.0},{"not_picked":["Quick Slash","Deflect"],"picked":"Well Laid Plans","floor":6.0},{"not_picked":["Deadly Poison","Blur"],"picked":"Slice","floor":10.0},{"not_picked":["Heel Hook","Bouncing Flask"],"picked":"Terror","floor":13.0}],"player_experience":1361797,"relics_obtained":[{"floor":6.0,"key":"Smiling Mask"},{"floor":9.0,"key":"Sundial"}],"event_choices":[{"damage_healed":0.0,"max_hp_gain":5.0,"max_hp_loss":0.0,"gold_gain":0.0,"event_name":"Big Fish","player_choice":"Donut","floor":3.0,"gold_loss":0.0,"damage_taken":0.0},{"cards_removed":["Strike_G"],"damage_healed":0.0,"max_hp_gain":0.0,"max_hp_loss":0.0,"gold_gain":0.0,"event_name":"Golden Wing","player_choice":"Card Removal","floor":5.0,"gold_loss":0.0,"damage_taken":7.0},{"damage_healed":0.0,"max_hp_gain":0.0,"max_hp_loss":7.0,"gold_gain":0.0,"event_name":"Golden Idol","player_choice":"Lose Max HP","floor":7.0,"gold_loss":0.0,"damage_taken":0.0,"relics_obtained":["Golden Idol"]},{"damage_healed":0.0,"max_hp_gain":0.0,"max_hp_loss":0.0,"gold_gain":0.0,"event_name":"Shining Light","player_choice":"Ignored","floor":12.0,"gold_loss":0.0,"damage_taken":0.0}],"is_beta":false,"boss_relics":[],"items_purged_floors":[],"is_endless":false,"potions_floor_spawned":[1,4],"killed_by":"Slime Boss","ascension_level":20}