{"gold_per_floor":[110,110,53,53,63,90,90,104,104,104,131,148,148,73,73,150,150,163,180,180,105,105],"floor_reached":22,"playtime":2039,"items_purged":["Strike_G"],"score":434,"play_id":"1e00f170-f34e-4037-a5f0-6d6e0596d845","local_time":"20190504204621","is_ascension_mode":true,"campfire_choices":[{"data":"Neutralize","floor":7,"key":"SMITH"},{"floor":10,"key":"REST"},{"data":"Predator","floor":13,"key":"SMITH"},{"data":"Dash","floor":15,"key":"SMITH"}],"neow_cost":"NONE","seed_source_timestamp":35131775927500,"circlet_count":0,"master_deck":["AscendersBane","Defend_G","Defend_G","Defend_G+1","Defend_G","Defend_G","Strike_G+1","Survivor+1","Neutralize+1","Dash+1","Deflect","Well Laid Plans","Masterful Stab+1","Acrobatics","Predator+1","Storm of Steel","Accuracy+1","Glass Knife+1","Poisoned Stab","Noxious Fumes"],"relics":["Ring of the Snake","NeowsBlessing","GremlinMask","Paper Crane","Whetstone","Thread and Needle","Astrolabe"],"potions_floor_usage":[8,16,19],"damage_taken":[{"damage":0,"enemies":"Cultist","floor":1,"turns":1},{"damage":0,"enemies":"2 Louse","floor":5,"turns":1},{"damage":0,"enemies":"Lagavulin","floor":6,"turns":1},{"damage":2,"enemies":"Jaw Worm","floor":8,"turns":5},{"damage":4,"enemies":"3 Sentries","floor":11,"turns":11},{"damage":1,"enemies":"3 Louse","floor":12,"turns":4},{"damage":3,"enemies":"The Guardian","floor":16,"turns":16},{"damage":26,"enemies":"3 Byrds","floor":18,"turns":9},{"damage":0,"enemies":"Spheric Guardian","floor":19,"turns":3},{"damage":39,"enemies":"3 Cultists","floor":22,"turns":5}],"seed_played":"-7189569239834321468","potions_obtained":[{"floor":1,"key":"Ancient Potion"},{"floor":11,"key":"GamblersBrew"}],"is_trial":false,"path_per_floor":["M","?","$","?","M","E","R","M","T","R","E","M","R","$","R","B",null,"M","M","?","?","M"],"character_chosen":"THE_SILENT","items_purchased":["AttackPotion"],"campfire_rested":1,"item_purchase_floors":[3],"current_hp_per_floor":[59,39,39,39,39,39,39,37,37,56,52,51,51,51,51,48,62,36,36,36,36,0],"gold":105,"neow_bonus":"THREE_ENEMY_KILL","is_prod":false,"is_daily":false,"chose_seed":false,"campfire_upgraded":3,"win_rate":0,"timestamp":1557027981,"path_taken":["M","?","$","?","M","E","R","?","T","R","E","M","R","$","R","BOSS","M","?","?","?","M"],"build_version":"2019-01-23","purchased_purges":1,"victory":false,"max_hp_per_floor":[66,66,66,66,66,66,66,66,66,66,66,66,66,66,66,66,66,66,66,66,66,66],"card_choices":[{"not_picked":["Flechettes","Heel Hook"],"picked":"Dash","floor":1},{"not_picked":["Prepared","Acrobatics"],"picked":"Deflect","floor":5},{"not_picked":["Die Die Die","Eviscerate"],"picked":"Well Laid Plans","floor":6},{"not_picked":["Prepared","Outmaneuver"],"picked":"Masterful Stab","floor":8},{"not_picked":["Well Laid Plans","Blur"],"picked":"Acrobatics","floor":11},{"not_picked":["Outmaneuver","Eviscerate"],"picked":"Predator","floor":12},{"not_picked":["A Thousand Cuts","Envenom"],"picked":"Storm of Steel","floor":16},{"not_picked":["Expertise","Acrobatics"],"picked":"Poisoned Stab","floor":18},{"not_picked":["Acrobatics+1","Accuracy"],"picked":"Noxious Fumes","floor":19}],"player_experience":1140468,"relics_obtained":[{"floor":6,"key":"Paper Crane"},{"floor":9,"key":"Whetstone"},{"floor":11,"key":"Thread and Needle"}],"event_choices":[{"damage_healed":0,"gold_gain":0,"player_choice":"Entered Light","damage_taken":20,"max_hp_gain":0,"max_hp_loss":0,"event_name":"Shining Light","floor":2,"gold_loss":0,"cards_upgraded":["Defend_G","Survivor"]},{"damage_healed":0,"gold_gain":0,"player_choice":"Trade","damage_taken":0,"relics_obtained":["GremlinMask"],"max_hp_gain":0,"max_hp_loss":0,"event_name":"FaceTrader","floor":4,"gold_loss":0},{"damage_healed":0,"gold_gain":0,"player_choice":"Ignored","damage_taken":0,"max_hp_gain":0,"max_hp_loss":0,"event_name":"The Mausoleum","floor":20,"gold_loss":0},{"cards_removed":["Choke"],"damage_healed":0,"gold_gain":0,"player_choice":"Gave Gold","damage_taken":0,"max_hp_gain":0,"max_hp_loss":0,"event_name":"Beggar","floor":21,"gold_loss":75}],"is_beta":false,"boss_relics":[{"not_picked":["White Beast Statue","Snecko Eye"],"picked":"Astrolabe"}],"items_purged_floors":[14],"is_endless":false,"potions_floor_spawned":[1,5,6,11,12],"killed_by":"3 Cultists","ascension_level":20}