{"gold_per_floor":[111,111,16,28,28,56,56,56,80,94,94],"floor_reached":11,"playtime":4184,"items_purged":[],"score":142,"play_id":"b2b99419-3c3c-4f24-80ab-b159e10a0b15","local_time":"20190512120822","is_ascension_mode":true,"campfire_choices":[{"floor":7.0,"key":"REST"}],"neow_cost":"NONE","seed_source_timestamp":4813750990800,"circlet_count":0,"master_deck":["AscendersBane","Defend_G","Defend_G","Defend_G","Defend_G","Defend_G","Strike_G","Strike_G","Strike_G","Strike_G","Survivor","Neutralize","Die Die Die","Backflip","Predator","Blur","Blur","Acrobatics"],"special_seed":0,"relics":["Ring of the Snake","Blood Vial","PreservedInsect"],"potions_floor_usage":[],"damage_taken":[{"damage":0.0,"enemies":"Cultist","floor":1.0,"turns":4.0},{"damage":0.0,"enemies":"Small Slimes","floor":4.0,"turns":2.0},{"damage":53.0,"enemies":"Gremlin Nob","floor":6.0,"turns":6.0},{"damage":2.0,"enemies":"Jaw Worm","floor":10.0,"turns":3.0},{"damage":37,"enemies":"Lagavulin","floor":11,"turns":6}],"seed_played":"4322277059385803629","potions_obtained":[{"floor":6.0,"key":"Poison Potion"}],"is_trial":false,"path_per_floor":["M","?","$","M","$","E","R","?","T","M","E"],"character_chosen":"THE_SILENT","items_purchased":["Predator","AttackPotion"],"campfire_rested":1,"item_purchase_floors":[3,3],"current_hp_per_floor":[59,59,59,59,59,6,25,25,25,25,0],"gold":94,"neow_bonus":"ONE_RANDOM_RARE_CARD","is_prod":false,"is_daily":false,"chose_seed":false,"campfire_upgraded":0,"win_rate":0,"timestamp":1557688102,"path_taken":["M","?","?","M","$","E","R","?","T","M","E"],"build_version":"2019-01-23","purchased_purges":0,"victory":false,"max_hp_per_floor":[66,66,66,66,66,66,66,66,66,66,66],"card_choices":[{"not_picked":["Slice","Prepared"],"picked":"Backflip","floor":1.0},{"not_picked":["Flying Knee","Dodge and Roll"],"picked":"Blur","floor":4.0},{"not_picked":["Flying Knee","Heel Hook"],"picked":"Blur","floor":6.0},{"not_picked":["Quick Slash","Prepared"],"picked":"Acrobatics","floor":10.0}],"player_experience":1278687,"relics_obtained":[{"floor":6.0,"key":"Blood Vial"},{"floor":9.0,"key":"PreservedInsect"}],"event_choices":[{"cards_removed":["Strike_G"],"damage_healed":0.0,"max_hp_gain":0.0,"max_hp_loss":0.0,"gold_gain":0.0,"event_name":"Purifier","player_choice":"Purged","floor":2.0,"gold_loss":0.0,"damage_taken":0.0},{"damage_healed":0.0,"max_hp_gain":0.0,"max_hp_loss":0.0,"gold_gain":0.0,"event_name":"Dead Adventurer","player_choice":"Searched \u00270\u0027 times","floor":8.0,"gold_loss":0.0,"damage_taken":0.0}],"is_beta":false,"boss_relics":[],"items_purged_floors":[],"is_endless":false,"potions_floor_spawned":[6],"killed_by":"Lagavulin","ascension_level":20}