{"gold_per_floor":[112,125,200,170,180,180,191,219,219,219,238,257,271,271,271,375,375,390,407,56,73,6,6,26,26,26,26,26,26,26,39,39,39],"floor_reached":33,"playtime":2536,"items_purged":["Defend_G"],"score":284,"play_id":"86cb8f2d-b3f9-40c8-8817-45b7cdb30d6f","local_time":"20181120235150","is_ascension_mode":false,"campfire_choices":[{"data":"Caltrops","floor":6,"key":"SMITH"},{"data":"Caltrops","floor":10,"key":"SMITH"},{"floor":15,"key":"REST"},{"data":"Caltrops","floor":23,"key":"SMITH"},{"data":"Caltrops","floor":25,"key":"SMITH"},{"floor":27,"key":"REST"},{"floor":32,"key":"REST"}],"neow_cost":"NONE","seed_source_timestamp":7969077643507,"circlet_count":0,"master_deck":["Defend_G","Defend_G","Defend_G","Defend_G","Strike_G","Strike_G","Strike_G","Strike_G","Strike_G","Survivor","Neutralize","Prepared","Dagger Throw","Caltrops+1","Eviscerate","Caltrops+1","Eviscerate","Acrobatics","Infinite Blades","A Thousand Cuts","Endless Agony","Caltrops+1","Prepared","Caltrops+1","Tactician","Shame","Footwork+1"],"relics":["Ring of the Snake","Mummified Hand","Bottled Lightning","WristBlade","Medical Kit","FossilizedHelix","Anchor","Enchiridion"],"potions_floor_usage":[8,13,13,14,16,24,31,31],"damage_taken":[{"damage":3,"enemies":"Jaw Worm","floor":1,"turns":3},{"damage":0,"enemies":"Small Slimes","floor":2,"turns":3},{"damage":0,"enemies":"Cultist","floor":5,"turns":3},{"damage":7,"enemies":"3 Louse","floor":7,"turns":4},{"damage":23,"enemies":"3 Sentries","floor":8,"turns":9},{"damage":10,"enemies":"Exordium Wildlife","floor":11,"turns":4},{"damage":8,"enemies":"Lots of Slimes","floor":12,"turns":3},{"damage":0,"enemies":"Looter","floor":13,"turns":3},{"damage":0,"enemies":"Lagavulin","floor":14,"turns":1},{"damage":20,"enemies":"Hexaghost","floor":16,"turns":9},{"damage":13,"enemies":"Chosen","floor":18,"turns":5},{"damage":10,"enemies":"Shell Parasite","floor":19,"turns":3},{"damage":16,"enemies":"Snake Plant","floor":21,"turns":3},{"damage":17,"enemies":"Cultist and Chosen","floor":24,"turns":5},{"damage":0,"enemies":"Centurion and Healer","floor":31,"turns":7},{"damage":71,"enemies":"Champ","floor":33,"turns":14}],"seed_played":"5287820589313749026","potions_obtained":[{"floor":2,"key":"Block Potion"},{"floor":4,"key":"SpeedPotion"},{"floor":4,"key":"SneckoOil"},{"floor":7,"key":"SmokeBomb"},{"floor":11,"key":"Poison Potion"},{"floor":13,"key":"Block Potion"},{"floor":19,"key":"EssenceOfSteel"},{"floor":24,"key":"Strength Potion"},{"floor":31,"key":"Fruit Juice"}],"is_trial":false,"path_per_floor":["M","M","?","?","M","R","M","E","T","R","M","M","M","E","R","B",null,"M","M","$","M","$","R","M","R","T","R","$","?","?","M","R","B"],"character_chosen":"THE_SILENT","items_purchased":["Caltrops","Medical Kit","Caltrops"],"campfire_rested":3,"item_purchase_floors":[20,20,22],"current_hp_per_floor":[74,74,63,63,63,63,56,33,33,33,23,15,15,15,38,18,77,64,54,54,38,38,38,21,21,21,44,44,44,28,33,57,0],"gold":39,"neow_bonus":"TEN_PERCENT_HP_BONUS","is_prod":false,"is_daily":false,"chose_seed":false,"campfire_upgraded":4,"win_rate":0,"timestamp":1542779510,"path_taken":["M","M","?","?","M","R","M","E","T","R","M","M","M","E","R","BOSS","M","M","$","M","$","R","M","R","T","R","$","?","?","M","R","BOSS"],"build_version":"2018-11-15","purchased_purges":1,"victory":false,"max_hp_per_floor":[77,77,77,77,77,77,77,77,77,77,77,77,77,77,77,77,77,77,77,77,77,77,77,77,77,77,77,77,77,77,82,82,82],"card_choices":[{"not_picked":["Slice","Flying Knee"],"picked":"Prepared","floor":1},{"not_picked":["All Out Attack","Bane"],"picked":"Dagger Throw","floor":2},{"not_picked":["Deflect","Accuracy"],"picked":"Caltrops","floor":5},{"not_picked":["PiercingWail","Flechettes"],"picked":"Eviscerate","floor":7},{"not_picked":["Dodge and Roll","Blur"],"picked":"Caltrops","floor":8},{"not_picked":["Flying Knee","Cloak And Dagger"],"picked":"Eviscerate","floor":11},{"not_picked":["Catalyst","Bouncing Flask"],"picked":"Acrobatics","floor":12},{"not_picked":["Bane","Cloak And Dagger"],"picked":"Infinite Blades","floor":13},{"not_picked":["Malaise","Phantasmal Killer"],"picked":"A Thousand Cuts","floor":16},{"not_picked":["Flying Knee","Eviscerate"],"picked":"Endless Agony","floor":18},{"not_picked":["Dodge and Roll","Backflip","PiercingWail"],"picked":"SKIP","floor":19},{"not_picked":["Acrobatics","Quick Slash"],"picked":"Prepared","floor":21},{"not_picked":["Prepared","Dash"],"picked":"Tactician","floor":24},{"not_picked":["Infinite Blades","Sucker Punch"],"picked":"Footwork+1","floor":31}],"player_experience":149558,"relics_obtained":[{"floor":8,"key":"Mummified Hand"},{"floor":9,"key":"Bottled Lightning"},{"floor":26,"key":"FossilizedHelix"},{"floor":30,"key":"Enchiridion"}],"event_choices":[{"damage_healed":0,"gold_gain":75,"player_choice":"Gather Gold","damage_taken":11,"max_hp_gain":0,"max_hp_loss":0,"event_name":"World of Goop","floor":3,"gold_loss":0},{"damage_healed":0,"gold_gain":0,"player_choice":"Bought 2 Potions","damage_taken":0,"max_hp_gain":0,"max_hp_loss":0,"event_name":"The Woman in Blue","floor":4,"gold_loss":0},{"damage_healed":0,"gold_gain":0,"player_choice":"Stole Relic","damage_taken":0,"relics_obtained":["Anchor"],"max_hp_gain":0,"max_hp_loss":0,"event_name":"Addict","floor":29,"gold_loss":0,"cards_obtained":["Shame"]},{"damage_healed":0,"gold_gain":0,"player_choice":"Obtained Book","damage_taken":16,"max_hp_gain":0,"max_hp_loss":0,"event_name":"Cursed Tome","floor":30,"gold_loss":0}],"is_beta":false,"boss_relics":[{"not_picked":["Runic Pyramid","White Beast Statue"],"picked":"WristBlade"}],"items_purged_floors":[20],"is_endless":false,"potions_floor_spawned":[2,7,11,13,14,19,24,31],"killed_by":"Champ","ascension_level":0}