{"gold_per_floor":[114,125,139,37,37,64,64,84,84,94,114,132,151,161,161,161],"floor_reached":16,"playtime":712,"items_purged":["Strike_R"],"score":108,"play_id":"6ceada64-f1f1-4eba-a271-ea2901778c4e","local_time":"20181128225751","is_ascension_mode":false,"campfire_choices":[{"data":"Thunderclap","floor":15,"key":"SMITH"}],"neow_cost":"TEN_PERCENT_HP_LOSS","seed_source_timestamp":697779708421700,"circlet_count":0,"master_deck":["Strike_R","Strike_R","Defend_R","Defend_R","Defend_R","Defend_R","Bash","Sword Boomerang","Twin Strike","Thunderclap+1","Sword Boomerang","Thunderclap+1","Pommel Strike+1","Searing Blow+1","Heavy Blade+1","Thunderclap+1"],"relics":["Burning Blood","Pear","Molten Egg 2","Kunai"],"potions_floor_usage":[6,12,12,16],"damage_taken":[{"damage":12,"enemies":"2 Louse","floor":1,"turns":3},{"damage":0,"enemies":"Small Slimes","floor":2,"turns":3},{"damage":6,"enemies":"Cultist","floor":3,"turns":3},{"damage":40,"enemies":"3 Sentries","floor":6,"turns":6},{"damage":0,"enemies":"Large Slime","floor":8,"turns":4},{"damage":29,"enemies":"Exordium Wildlife","floor":10,"turns":4},{"damage":18,"enemies":"Lots of Slimes","floor":11,"turns":2},{"damage":0,"enemies":"Blue Slaver","floor":12,"turns":1},{"damage":8,"enemies":"Large Slime","floor":13,"turns":3},{"damage":6,"enemies":"Gremlin Gang","floor":14,"turns":2},{"damage":17,"enemies":"Slime Boss","floor":16,"turns":6}],"seed_played":"-2133878461655489677","potions_obtained":[{"floor":2,"key":"FearPotion"},{"floor":10,"key":"PowerPotion"},{"floor":11,"key":"Fire Potion"},{"floor":14,"key":"Energy Potion"}],"is_trial":false,"path_per_floor":["M","M","M","$","?","E","$","M","T","M","M","M","M","M","R","B"],"character_chosen":"IRONCLAD","items_purchased":["Sword Boomerang"],"campfire_rested":0,"item_purchase_floors":[4],"current_hp_per_floor":[66,72,72,72,70,36,36,42,42,19,7,13,11,11,11,0],"gold":161,"neow_bonus":"REMOVE_TWO","is_prod":false,"is_daily":false,"chose_seed":false,"campfire_upgraded":1,"win_rate":0.0,"timestamp":1543467471,"path_taken":["M","M","M","$","?","E","$","M","T","M","M","M","M","M","R","BOSS"],"build_version":"2018-11-15","purchased_purges":1,"victory":false,"max_hp_per_floor":[72,72,72,72,82,82,82,82,82,82,82,82,82,82,82,82],"card_choices":[{"not_picked":["Seeing Red","Fire Breathing"],"picked":"Sword Boomerang","floor":1},{"not_picked":["Flex","True Grit"],"picked":"Twin Strike","floor":2},{"not_picked":["True Grit","Flex"],"picked":"Thunderclap","floor":3},{"not_picked":["Offering","Pommel Strike"],"picked":"Thunderclap","floor":6},{"not_picked":["Heavy Blade+1","Evolve"],"picked":"Pommel Strike+1","floor":8},{"not_picked":["True Grit","Warcry"],"picked":"Searing Blow+1","floor":10},{"not_picked":["Hemokinesis+1","Iron Wave+1"],"picked":"Heavy Blade+1","floor":11},{"not_picked":["Havoc","Twin Strike+1"],"picked":"Thunderclap+1","floor":12},{"not_picked":["Armaments","Rage","Burning Pact"],"picked":"SKIP","floor":13},{"not_picked":["Inflame","Sentinel","Demon Form"],"picked":"SKIP","floor":14}],"player_experience":170886,"relics_obtained":[{"floor":6,"key":"Molten Egg 2"},{"floor":9,"key":"Kunai"}],"event_choices":[{"damage_healed":0,"gold_gain":0,"player_choice":"Success","damage_taken":12,"relics_obtained":["Pear"],"max_hp_gain":0,"max_hp_loss":0,"event_name":"Scrap Ooze","floor":5,"gold_loss":0}],"is_beta":false,"boss_relics":[],"items_purged_floors":[4],"is_endless":false,"potions_floor_spawned":[2,10,11,14],"killed_by":"Slime Boss","ascension_level":0}