{"gold_per_floor":[111,36,111,156,20,52,52,66,93,104,120,136,36,70,82,168,180,208,231,258,280,113,113,113,113,136,136,136,148,176,188,188,188],"floor_reached":33,"playtime":2150,"items_purged":["Strike_G","Strike_G","Strike_G"],"score":654,"play_id":"4cc78f20-a8ca-4f85-842b-c2bc2028dae8","local_time":"20190515214722","is_ascension_mode":true,"campfire_choices":[{"data":"Terror","floor":7.0,"key":"SMITH"},{"floor":15.0,"key":"REST"},{"floor":23.0,"key":"REST"},{"data":"Dagger Spray","floor":25.0,"key":"SMITH"},{"data":"Noxious Fumes","floor":27.0,"key":"SMITH"},{"floor":32.0,"key":"REST"}],"neow_cost":"NONE","seed_source_timestamp":10743741567600,"circlet_count":0,"master_deck":["AscendersBane","Defend_G","Defend_G","Defend_G","Defend_G","Defend_G","Strike_G","Strike_G","Survivor","Neutralize","Escape Plan","Terror+1","Bullet Time","Flying Knee","Dodge and Roll","Noxious Fumes+1","Leg Sweep","Catalyst","PiercingWail","Adrenaline","Dagger Spray+1","Caltrops","Blade Dance+1","Endless Agony","Quick Slash","Ghostly","Ghostly","Ghostly","Well Laid Plans","Backflip+1"],"special_seed":0,"relics":["Ring of the Snake","NeowsBlessing","Dream Catcher","Darkstone Periapt","Boot","MawBank","White Beast Statue","PreservedInsect","Omamori"],"potions_floor_usage":[33,33],"damage_taken":[{"damage":0.0,"enemies":"Small Slimes","floor":1.0,"turns":1.0},{"damage":0.0,"enemies":"3 Sentries","floor":6.0,"turns":1.0},{"damage":0.0,"enemies":"Jaw Worm","floor":8.0,"turns":1.0},{"damage":0.0,"enemies":"Cultist","floor":10.0,"turns":4.0},{"damage":2.0,"enemies":"Gremlin Gang","floor":11.0,"turns":6.0},{"damage":10.0,"enemies":"Lots of Slimes","floor":12.0,"turns":4.0},{"damage":19.0,"enemies":"Gremlin Nob","floor":14.0,"turns":4.0},{"damage":8.0,"enemies":"The Guardian","floor":16.0,"turns":14.0},{"damage":3.0,"enemies":"Spheric Guardian","floor":18.0,"turns":5.0},{"damage":15.0,"enemies":"Chosen","floor":19.0,"turns":8.0},{"damage":6.0,"enemies":"Snake Plant","floor":20.0,"turns":5.0},{"damage":11.0,"enemies":"Centurion and Healer","floor":21.0,"turns":9.0},{"damage":4.0,"enemies":"Snecko","floor":29.0,"turns":6.0},{"damage":0.0,"enemies":"Gremlin Leader","floor":30.0,"turns":4.0},{"damage":23.0,"enemies":"Chosen and Byrds","floor":31.0,"turns":8.0},{"damage":43,"enemies":"Automaton","floor":33,"turns":6}],"seed_played":"5841834174346564351","potions_obtained":[{"floor":8.0,"key":"SpeedPotion"},{"floor":11.0,"key":"Strength Potion"},{"floor":12.0,"key":"Poison Potion"},{"floor":14.0,"key":"Swift Potion"},{"floor":16.0,"key":"Poison Potion"},{"floor":18.0,"key":"GamblersBrew"},{"floor":19.0,"key":"Block Potion"},{"floor":20.0,"key":"Swift Potion"},{"floor":21.0,"key":"SkillPotion"},{"floor":29.0,"key":"Poison Potion"},{"floor":30.0,"key":"Regen Potion"},{"floor":31.0,"key":"Poison Potion"}],"is_trial":false,"path_per_floor":["M","$","?","T","$","E","R","M","T","M","M","M","$","E","R","B",null,"M","M","M","M","$","R","$","R","T","R","?","M","E","M","R","B"],"character_chosen":"THE_SILENT","items_purchased":["Terror","FearPotion","Explosive Potion"],"campfire_rested":3,"item_purchase_floors":[5,5,22],"current_hp_per_floor":[59,59,48,48,48,48,48,48,48,48,46,36,36,17,36,28,57,54,39,33,22,22,41,41,41,41,41,33,29,29,6,15,0],"gold":188,"neow_bonus":"THREE_ENEMY_KILL","is_prod":false,"is_daily":false,"chose_seed":false,"campfire_upgraded":3,"win_rate":0,"timestamp":1557982042,"path_taken":["M","$","?","?","$","E","R","M","T","M","?","M","$","E","R","BOSS","M","?","M","?","$","R","?","R","T","R","?","M","E","M","R","BOSS"],"build_version":"2019-01-23","purchased_purges":3,"victory":false,"max_hp_per_floor":[66,66,66,66,66,66,66,66,66,66,66,66,66,66,66,66,66,66,66,66,66,66,66,66,66,66,66,33,33,33,33,33,33],"card_choices":[{"not_picked":["Underhanded Strike","Flechettes"],"picked":"Escape Plan","floor":1.0},{"not_picked":["Dagger Throw","Bane"],"picked":"Bullet Time","floor":6.0},{"not_picked":["Backflip","Underhanded Strike"],"picked":"Flying Knee","floor":8.0},{"not_picked":["Escape Plan","Expertise"],"picked":"Dodge and Roll","floor":10.0},{"not_picked":["Leg Sweep","Prepared"],"picked":"Noxious Fumes","floor":11.0},{"not_picked":["Dodge and Roll","Acrobatics"],"picked":"Leg Sweep","floor":12.0},{"not_picked":["Riddle With Holes","Dodge and Roll"],"picked":"Catalyst","floor":14.0},{"not_picked":["Underhanded Strike","Outmaneuver"],"picked":"PiercingWail","floor":15.0},{"not_picked":["Storm of Steel","Grand Finale"],"picked":"Adrenaline","floor":16.0},{"not_picked":["Tactician","Predator"],"picked":"Dagger Spray","floor":18.0},{"not_picked":["Setup","Accuracy+1"],"picked":"Caltrops","floor":19.0},{"not_picked":["Acrobatics","Dash"],"picked":"Blade Dance+1","floor":20.0},{"not_picked":["Blur","Concentrate"],"picked":"Endless Agony","floor":21.0},{"not_picked":["Poisoned Stab","Reflex"],"picked":"Quick Slash","floor":23.0},{"not_picked":["Slice","Accuracy","Predator"],"picked":"SKIP","floor":29.0},{"not_picked":["All Out Attack","Flying Knee"],"picked":"Well Laid Plans","floor":30.0},{"not_picked":["Riddle With Holes","Deflect"],"picked":"Backflip+1","floor":31.0}],"player_experience":1323623,"relics_obtained":[{"floor":4.0,"key":"Dream Catcher"},{"floor":6.0,"key":"Darkstone Periapt"},{"floor":9.0,"key":"Boot"},{"floor":14.0,"key":"MawBank"},{"floor":26.0,"key":"PreservedInsect"},{"floor":30.0,"key":"Omamori"}],"event_choices":[{"damage_healed":0.0,"max_hp_gain":0.0,"max_hp_loss":0.0,"gold_gain":75.0,"event_name":"World of Goop","player_choice":"Gather Gold","floor":3.0,"gold_loss":0.0,"damage_taken":11.0},{"damage_healed":0.0,"max_hp_gain":0.0,"max_hp_loss":33.0,"gold_gain":0.0,"event_name":"Ghosts","player_choice":"Became a Ghost","floor":28.0,"gold_loss":0.0,"damage_taken":0.0,"cards_obtained":["Ghostly","Ghostly","Ghostly"]}],"is_beta":false,"boss_relics":[{"not_picked":["Philosopher\u0027s Stone","Black Star"],"picked":"White Beast Statue"}],"items_purged_floors":[2,13,22],"is_endless":false,"potions_floor_spawned":[8,11,12,14,16,18,19,20,21,29,30,31],"killed_by":"Automaton","ascension_level":20}