{"gold_per_floor":[12,22,40,40,55,55,82,82,108,133,133,153,511,66,66,161,161,181,191,191],"floor_reached":20,"playtime":1003,"items_purged":["Strike_B"],"score":276,"play_id":"babf1863-42bc-4967-984d-fa8a141d73b1","local_time":"20181105225339","is_ascension_mode":true,"campfire_choices":[{"data":"Doom and Gloom","floor":6,"key":"SMITH"},{"floor":8,"key":"REST"},{"data":"Redo","floor":11,"key":"SMITH"},{"floor":15,"key":"REST"}],"neow_cost":"NO_GOLD","seed_source_timestamp":789027810809891,"circlet_count":0,"master_deck":["AscendersBane","Strike_B","Defend_B","Defend_B","Defend_B","Defend_B","Zap","Dualcast","Doom and Gloom+1","Redo+1","Turbo","Seek","Skim","FTL","Chill","Meteor Strike","Reinforced Body"],"relics":["Cracked Core","Omamori","Bag of Marbles","Pen Nib","Old Coin","Emotion Chip","Sozu"],"potions_floor_usage":[10,13,13,13,13,16],"damage_taken":[{"damage":7,"enemies":"2 Louse","floor":1,"turns":3},{"damage":12,"enemies":"Small Slimes","floor":2,"turns":3},{"damage":2,"enemies":"Jaw Worm","floor":3,"turns":3},{"damage":11,"enemies":"Blue Slaver","floor":5,"turns":4},{"damage":25,"enemies":"Lagavulin","floor":7,"turns":5},{"damage":10,"enemies":"3 Sentries","floor":10,"turns":4},{"damage":9,"enemies":"2 Fungi Beasts","floor":12,"turns":2},{"damage":5,"enemies":"3 Sentries","floor":13,"turns":3},{"damage":12,"enemies":"Hexaghost","floor":16,"turns":8},{"damage":0,"enemies":"Spheric Guardian","floor":18,"turns":3},{"damage":0,"enemies":"2 Thieves","floor":19,"turns":4},{"damage":27,"enemies":"Colosseum Slavers","floor":20,"turns":4},{"damage":47,"enemies":"Colosseum Nobs","floor":20,"turns":3}],"seed_played":"6873189355069972813","potions_obtained":[{"floor":1,"key":"GamblersBrew"},{"floor":2,"key":"Poison Potion"},{"floor":10,"key":"EntropicBrew"},{"floor":16,"key":"SpeedPotion"}],"is_trial":false,"path_per_floor":["M","M","M","?","M","R","E","R","T","E","R","M","?","$","R","B",null,"M","M","?"],"character_chosen":"DEFECT","items_purchased":["Chill","Emotion Chip"],"campfire_rested":2,"item_purchase_floors":[14,14],"current_hp_per_floor":[61,49,47,47,36,36,11,33,33,23,23,14,9,9,31,19,61,61,61,0],"gold":191,"neow_bonus":"REMOVE_TWO","is_prod":false,"is_daily":false,"chose_seed":false,"campfire_upgraded":2,"win_rate":0,"timestamp":1541476419,"path_taken":["M","M","M","?","M","R","E","R","T","E","R","M","?","$","R","BOSS","M","M","?"],"build_version":"2018-11-01","purchased_purges":1,"victory":false,"max_hp_per_floor":[75,75,75,75,75,75,75,75,75,75,75,75,75,75,75,75,75,75,75,75],"card_choices":[{"not_picked":["Go for the Eyes","Gash"],"picked":"Doom and Gloom","floor":1},{"not_picked":["Skim","Leap"],"picked":"Redo","floor":2},{"not_picked":["Redo","Stack"],"picked":"Turbo","floor":3},{"not_picked":["Ball Lightning","Blizzard","Leap"],"picked":"SKIP","floor":5},{"not_picked":["Rebound","Scrape"],"picked":"Seek","floor":7},{"not_picked":["Stack","Leap"],"picked":"Skim","floor":10},{"not_picked":["Turbo","Barrage"],"picked":"FTL","floor":12},{"not_picked":["Buffer","Machine Learning"],"picked":"Meteor Strike","floor":16},{"not_picked":["Beam Cell","White Noise+1"],"picked":"Reinforced Body","floor":18},{"not_picked":["Tempest+1","Streamline","Stack"],"picked":"SKIP","floor":19}],"player_experience":627342,"relics_obtained":[{"floor":7,"key":"Omamori"},{"floor":9,"key":"Bag of Marbles"},{"floor":10,"key":"Pen Nib"}],"event_choices":[{"damage_healed":0,"gold_gain":0,"player_choice":"Ignored","damage_taken":0,"max_hp_gain":0,"max_hp_loss":0,"event_name":"Liars Game","floor":4,"gold_loss":0},{"damage_healed":0,"gold_gain":0,"player_choice":"Searched \u00272\u0027 times","damage_taken":0,"relics_obtained":["Old Coin"],"max_hp_gain":0,"max_hp_loss":0,"event_name":"Dead Adventurer","floor":13,"gold_loss":0},{"damage_healed":0,"gold_gain":0,"player_choice":"Fight","damage_taken":0,"max_hp_gain":0,"max_hp_loss":0,"event_name":"Colosseum","floor":20,"gold_loss":0},{"damage_healed":0,"gold_gain":0,"player_choice":"Fought Nobs","damage_taken":0,"max_hp_gain":0,"max_hp_loss":0,"event_name":"Colosseum","floor":20,"gold_loss":0}],"is_beta":false,"boss_relics":[{"not_picked":["Black Star","Coffee Dripper"],"picked":"Sozu"}],"items_purged_floors":[14],"is_endless":false,"potions_floor_spawned":[1,2,10,16,19],"killed_by":"Colosseum Nobs","ascension_level":10}