{"gold_per_floor":[119,119,132,151,164,198,198,229,229,252,264,292,324,336,348,457,469,501,109,122,122,122,122,136,136,136,136,136,136,148,164,164,265,265,277,45,0,0,20,20],"floor_reached":40,"playtime":4704,"items_purged":["Strike_R","Bite"],"score":423,"play_id":"20fd6566-c677-4923-9c5a-37a9038b7663","local_time":"20190902100347","is_ascension_mode":false,"campfire_choices":[{"floor":7,"key":"REST"},{"data":"Armaments","floor":15,"key":"SMITH"},{"data":"Whirlwind","floor":23,"key":"SMITH"},{"data":"Bash","floor":25,"key":"SMITH"},{"floor":27,"key":"RECALL"},{"data":"Battle Trance","floor":32,"key":"SMITH"}],"neow_cost":"NONE","seed_source_timestamp":3208685287300,"circlet_count":0,"master_deck":["Defend_R+1","Defend_R+1","Defend_R+1","Defend_R+1","Bash+1","Iron Wave","Battle Trance+1","Armaments+1","Headbutt","Feed","Shrug It Off","Disarm","Whirlwind+1","Bite","Bite","Bite","Bite","Offering"],"relics":["Burning Blood","Oddly Smooth Stone","Unceasing Top","Happy Flower","MawBank","Letter Opener","Velvet Choker","Membership Card","Sundial","Self Forming Clay","PreservedInsect","Medical Kit","Red Mask"],"potions_floor_usage":[6,16,33,33,33],"damage_taken":[{"damage":3,"enemies":"Cultist","floor":1,"turns":4},{"damage":1,"enemies":"Small Slimes","floor":3,"turns":3},{"damage":0,"enemies":"Jaw Worm","floor":4,"turns":3},{"damage":4,"enemies":"Looter","floor":5,"turns":5},{"damage":37,"enemies":"Lagavulin","floor":6,"turns":11},{"damage":18,"enemies":"3 Sentries","floor":8,"turns":11},{"damage":1,"enemies":"2 Fungi Beasts","floor":10,"turns":3},{"damage":19,"enemies":"Gremlin Gang","floor":12,"turns":4},{"damage":0,"enemies":"Exordium Wildlife","floor":13,"turns":3},{"damage":30,"enemies":"The Guardian","floor":16,"turns":16},{"damage":7,"enemies":"Spheric Guardian","floor":18,"turns":7},{"damage":0,"enemies":"3 Byrds","floor":20,"turns":3},{"damage":6,"enemies":"Snake Plant","floor":24,"turns":6},{"damage":6,"enemies":"Snecko","floor":30,"turns":6},{"damage":3,"enemies":"3 Cultists","floor":31,"turns":4},{"damage":98,"enemies":"Collector","floor":33,"turns":13},{"damage":7,"enemies":"Orb Walker","floor":35,"turns":3},{"damage":10,"enemies":"3 Darklings","floor":39,"turns":4},{"damage":115,"enemies":"Giant Head","floor":40,"turns":9}],"seed_played":"634447879076664400","potions_obtained":[{"floor":3,"key":"Swift Potion"},{"floor":5,"key":"Swift Potion"},{"floor":8,"key":"BloodPotion"},{"floor":16,"key":"Swift Potion"},{"floor":20,"key":"LiquidBronze"},{"floor":33,"key":"Regen Potion"},{"floor":35,"key":"SpeedPotion"}],"is_trial":false,"path_per_floor":["M","?","M","M","M","E","R","E","T","M","?","M","M","T","R","B",null,"M","$","M","?","?","R","M","R","T","R","?","?","M","M","R","B",null,"M","$","?","?","M","E"],"character_chosen":"IRONCLAD","items_purchased":["Membership Card","Sundial","Whirlwind","PreservedInsect","Medical Kit"],"campfire_rested":1,"item_purchase_floors":[19,19,19,36,36],"current_hp_per_floor":[80,72,77,80,80,49,73,61,61,69,57,47,56,56,56,32,89,91,91,92,92,92,92,92,92,92,92,92,64,64,68,68,39,68,68,68,68,68,68,0],"gold":20,"neow_bonus":"RANDOM_COMMON_RELIC","is_prod":false,"is_daily":false,"chose_seed":false,"campfire_upgraded":4,"win_rate":0,"timestamp":1567415027,"path_taken":["M","?","M","?","M","E","R","E","T","M","?","M","M","?","R","BOSS","M","$","M","?","?","R","?","R","T","R","?","?","M","M","R","BOSS","M","$","?","?","M","E"],"build_version":"2019-07-17","purchased_purges":2,"victory":false,"max_hp_per_floor":[80,80,80,80,80,80,80,80,80,83,83,86,89,89,89,89,89,92,92,92,92,92,92,92,92,92,92,92,64,64,68,68,68,68,68,68,68,68,68,68],"card_choices":[{"not_picked":["Wild Strike","Rupture"],"picked":"Iron Wave","floor":1},{"not_picked":["Heavy Blade","Havoc"],"picked":"Battle Trance","floor":3},{"not_picked":["Battle Trance","Shockwave"],"picked":"Armaments","floor":4},{"not_picked":["Clash","True Grit","Sword Boomerang"],"picked":"SKIP","floor":5},{"not_picked":["Clothesline","Twin Strike"],"picked":"Headbutt","floor":6},{"not_picked":["Combust","Clothesline"],"picked":"Feed","floor":8},{"not_picked":["Corruption","Heavy Blade","Entrench"],"picked":"SKIP","floor":10},{"not_picked":["Sword Boomerang","Armaments"],"picked":"Shrug It Off","floor":12},{"not_picked":["Rupture","Second Wind","Anger"],"picked":"SKIP","floor":13},{"not_picked":["Wild Strike","Blood for Blood"],"picked":"Disarm","floor":18},{"not_picked":["Sword Boomerang","Headbutt","Clash"],"picked":"SKIP","floor":20},{"not_picked":["Clash+1","Twin Strike","Heavy Blade+1"],"picked":"SKIP","floor":24},{"not_picked":["Entrench","Sword Boomerang","Carnage"],"picked":"SKIP","floor":30},{"not_picked":["Wild Strike+1","Body Slam+1","Warcry"],"picked":"SKIP","floor":31},{"not_picked":["Immolate","Exhume"],"picked":"Offering","floor":33},{"not_picked":["Carnage+1","Warcry","Heavy Blade"],"picked":"SKIP","floor":35},{"not_picked":["Heavy Blade+1","Wild Strike+1","Sentinel"],"picked":"SKIP","floor":39}],"player_experience":129294,"relics_obtained":[{"floor":6,"key":"Unceasing Top"},{"floor":8,"key":"Happy Flower"},{"floor":9,"key":"MawBank"},{"floor":26,"key":"Self Forming Clay"}],"event_choices":[{"damage_healed":0,"gold_gain":0,"player_choice":"Damaged","damage_taken":8,"max_hp_gain":0,"max_hp_loss":0,"event_name":"Wheel of Change","floor":2,"gold_loss":0},{"damage_healed":0,"gold_gain":0,"player_choice":"Success","damage_taken":12,"relics_obtained":["Letter Opener"],"max_hp_gain":0,"max_hp_loss":0,"event_name":"Scrap Ooze","floor":11,"gold_loss":0},{"damage_healed":0,"gold_gain":0,"player_choice":"Ignored","damage_taken":0,"max_hp_gain":0,"max_hp_loss":0,"event_name":"Ghosts","floor":21,"gold_loss":0},{"cards_removed":["Strike_R"],"damage_healed":0,"gold_gain":0,"player_choice":"Purged","damage_taken":0,"max_hp_gain":0,"max_hp_loss":0,"event_name":"Purifier","floor":22,"gold_loss":0},{"damage_healed":0,"gold_gain":0,"player_choice":"Simplicity","damage_taken":0,"max_hp_gain":0,"max_hp_loss":0,"event_name":"Back to Basics","floor":28,"gold_loss":0,"cards_upgraded":["Strike_R","Strike_R","Strike_R","Defend_R","Defend_R","Defend_R","Defend_R"]},{"damage_healed":0,"gold_gain":0,"player_choice":"Became a vampire","damage_taken":0,"max_hp_gain":0,"max_hp_loss":28,"event_name":"Vampires","floor":29,"gold_loss":0,"cards_obtained":["Bite","Bite","Bite","Bite","Bite"]},{"damage_healed":0,"gold_gain":0,"player_choice":"Paid","damage_taken":0,"relics_obtained":["Red Mask"],"max_hp_gain":0,"max_hp_loss":0,"event_name":"Tomb of Lord Red Mask","floor":37,"gold_loss":45},{"damage_healed":0,"gold_gain":0,"player_choice":"Ignored","damage_taken":0,"max_hp_gain":0,"max_hp_loss":0,"event_name":"Mysterious Sphere","floor":38,"gold_loss":0}],"is_beta":false,"boss_relics":[{"not_picked":["Calling Bell","Black Blood"],"picked":"Velvet Choker"},{"not_picked":["Coffee Dripper","Snecko Eye","Philosopher\u0027s Stone"]}],"items_purged_floors":[19,36],"is_endless":false,"potions_floor_spawned":[3,5,8,16,20,30,33,35],"killed_by":"Giant Head","ascension_level":0}