{"gold_per_floor":[117,129,148,163,179,213,226,226,226,238,238,253,105,119,119,220,220,231,231,231,231,231,231,6,6,30,45,45,45,58,75,75,175,175,193,293,293,99,117,117,117,117,143,143,159,176,176,176,176,176,176,176,176,176],"floor_reached":54,"playtime":3485,"items_purged":["Writhe"],"score":787,"play_id":"ecf7eb2a-6648-4781-be51-419732ff9f61","local_time":"20190911012730","is_ascension_mode":true,"campfire_choices":[{"floor":8,"key":"REST"},{"floor":11,"key":"REST"},{"floor":15,"key":"REST"},{"floor":23,"key":"REST"},{"floor":25,"key":"RECALL"},{"data":"BootSequence","floor":29,"key":"SMITH"},{"data":"Glacier","floor":32,"key":"SMITH"},{"floor":40,"key":"REST"},{"floor":42,"key":"REST"},{"data":"Glacier","floor":44,"key":"SMITH"},{"data":"Coolheaded","floor":49,"key":"SMITH"},{"data":"Defragment","floor":52,"key":"SMITH"}],"neow_cost":"NONE","seed_source_timestamp":36317624999700,"circlet_count":0,"master_deck":["Strike_B","Strike_B","Strike_B","Defend_B","Defend_B","Defend_B","Zap+1","Dualcast","Doom and Gloom","Ball Lightning","Defragment+1","Capacitor","Coolheaded+1","Hologram","Heatsinks","Barrage","Defragment","FTL","Machine Learning","Gash+1","Glacier+1","Aggregate","BootSequence+1","Gash+1","Glacier+1","Go for the Eyes","Capacitor+1","Seek","Sunder","Hologram","Gash+1","Loop+1","Chill+1","Blizzard+1","Chill+1","Finesse"],"relics":["Cracked Core","Bronze Scales","Bag of Marbles","Sozu","Lantern","Dream Catcher","Oddly Smooth Stone","Runic Dome","Thread and Needle","ClockworkSouvenir","PreservedInsect","Singing Bowl"],"potions_floor_usage":[6,14,33],"damage_taken":[{"damage":0,"enemies":"Cultist","floor":1,"turns":3},{"damage":5,"enemies":"2 Louse","floor":2,"turns":2},{"damage":0,"enemies":"Small Slimes","floor":3,"turns":2},{"damage":8,"enemies":"Red Slaver","floor":4,"turns":4},{"damage":13,"enemies":"Blue Slaver","floor":5,"turns":3},{"damage":27,"enemies":"Lagavulin","floor":6,"turns":5},{"damage":3,"enemies":"Looter","floor":7,"turns":4},{"damage":6,"enemies":"Exordium Wildlife","floor":10,"turns":3},{"damage":3,"enemies":"2 Fungi Beasts","floor":12,"turns":3},{"damage":9,"enemies":"Exordium Thugs","floor":14,"turns":3},{"damage":25,"enemies":"The Guardian","floor":16,"turns":9},{"damage":5,"enemies":"Chosen","floor":18,"turns":4},{"damage":7,"enemies":"Spheric Guardian","floor":27,"turns":4},{"damage":1,"enemies":"Centurion and Healer","floor":30,"turns":6},{"damage":10,"enemies":"Shelled Parasite and Fungi","floor":31,"turns":4},{"damage":38,"enemies":"Automaton","floor":33,"turns":12},{"damage":12,"enemies":"3 Shapes","floor":35,"turns":8},{"damage":17,"enemies":"Mind Bloom Boss Battle","floor":36,"turns":9},{"damage":23,"enemies":"3 Darklings","floor":39,"turns":6},{"damage":0,"enemies":"Maw","floor":45,"turns":8},{"damage":7,"enemies":"Writhing Mass","floor":46,"turns":6},{"damage":34,"enemies":"Donu and Deca","floor":50,"turns":12},{"damage":79,"enemies":"Shield and Spear","floor":54,"turns":4}],"seed_played":"-5890999593733071030","potions_obtained":[{"floor":1,"key":"Fire Potion"},{"floor":2,"key":"Poison Potion"},{"floor":6,"key":"Swift Potion"},{"floor":10,"key":"Weak Potion"},{"floor":16,"key":"FearPotion"}],"is_trial":false,"path_per_floor":["M","M","M","M","M","E","M","R","T","M","R","M","$","M","R","B",null,"M","?","?","?","?","R","$","R","T","M","?","R","M","M","R","B",null,"M","?","?","$","M","R","?","R","T","R","M","M","?","T","R","B",null,"R","$","E"],"character_chosen":"DEFECT","items_purchased":["Bag of Marbles","Dream Catcher","ClockworkSouvenir"],"campfire_rested":6,"item_purchase_floors":[13,24,38],"current_hp_per_floor":[75,70,70,62,49,22,19,41,41,35,57,54,54,45,67,42,75,70,70,56,56,56,80,80,80,80,73,73,73,72,62,62,24,80,68,51,51,51,28,52,52,74,74,74,74,67,67,67,67,33,76,76,76,0],"gold":176,"neow_bonus":"UPGRADE_CARD","is_prod":false,"is_daily":false,"chose_seed":false,"campfire_upgraded":5,"win_rate":0,"timestamp":1568183250,"path_taken":["M","?","M","?","M","E","?","R","T","M","R","M","?","M","R","BOSS","M","?","?","?","?","R","$","R","T","M","?","R","M","M","R","BOSS","M","?","?","?","M","R","?","R","T","R","?","M","?","?","R","BOSS","R","$","E"],"build_version":"2019-07-17","purchased_purges":1,"victory":false,"max_hp_per_floor":[75,75,75,75,75,75,75,75,75,75,75,75,75,75,75,75,75,75,75,80,80,80,80,80,80,80,80,80,80,80,80,80,80,80,80,80,80,80,80,80,76,76,76,76,76,76,76,76,76,76,76,76,76,76],"card_choices":[{"not_picked":["Stack","Rebound"],"picked":"Doom and Gloom","floor":1},{"not_picked":["Conserve Battery","Fusion"],"picked":"Ball Lightning","floor":2},{"not_picked":["Force Field","Steam"],"picked":"Defragment","floor":3},{"not_picked":["Beam Cell","Ball Lightning"],"picked":"Capacitor","floor":4},{"not_picked":["Leap","Rebound"],"picked":"Coolheaded","floor":5},{"not_picked":["Amplify","Turbo"],"picked":"Hologram","floor":6},{"not_picked":["Ball Lightning","Steam"],"picked":"Heatsinks","floor":7},{"not_picked":["Skim","Compile Driver"],"picked":"Barrage","floor":10},{"not_picked":["Cold Snap","Stack"],"picked":"Defragment","floor":12},{"not_picked":["Tempest","Reprogram"],"picked":"FTL","floor":14},{"not_picked":["Rainbow","Amplify"],"picked":"Machine Learning","floor":16},{"not_picked":["Sunder","Self Repair+1"],"picked":"Gash+1","floor":18},{"not_picked":["Streamline","Go for the Eyes+1"],"picked":"Gash+1","floor":27},{"not_picked":["Rebound","Reprogram"],"picked":"Go for the Eyes","floor":30},{"not_picked":["Recycle","Force Field+1"],"picked":"Capacitor+1","floor":31},{"not_picked":["Hyperbeam","Creative AI"],"picked":"Seek","floor":33},{"not_picked":["Self Repair","Steam"],"picked":"Sunder","floor":35},{"not_picked":["Steam","Rebound+1"],"picked":"Hologram","floor":36},{"not_picked":["Scrape+1","Rebound+1"],"picked":"Gash+1","floor":39},{"not_picked":["Hello World","Lockon"],"picked":"Loop+1","floor":40},{"not_picked":["Leap+1","Scrape+1"],"picked":"Chill+1","floor":42},{"not_picked":["Hello World+1","Sweeping Beam"],"picked":"Blizzard+1","floor":45},{"not_picked":["Reprogram","Rebound"],"picked":"Chill+1","floor":46},{"not_picked":["Flash of Steel","Violence"],"picked":"Finesse","floor":47}],"player_experience":322376,"relics_obtained":[{"floor":6,"key":"Bronze Scales"},{"floor":26,"key":"Oddly Smooth Stone"},{"floor":36,"key":"Thread and Needle"},{"floor":43,"key":"PreservedInsect"},{"floor":48,"key":"Singing Bowl"}],"event_choices":[{"damage_healed":0,"gold_gain":0,"player_choice":"Read","damage_taken":0,"max_hp_gain":0,"max_hp_loss":0,"event_name":"The Library","floor":19,"gold_loss":0,"cards_obtained":["Glacier"]},{"damage_healed":0,"gold_gain":0,"player_choice":"Shed Blood","damage_taken":19,"max_hp_gain":5,"max_hp_loss":0,"event_name":"Forgotten Altar","floor":20,"gold_loss":0},{"damage_healed":0,"gold_gain":0,"player_choice":"Opened","damage_taken":0,"relics_obtained":["Lantern"],"max_hp_gain":0,"max_hp_loss":0,"event_name":"The Mausoleum","floor":21,"gold_loss":0,"cards_obtained":["Writhe"]},{"damage_healed":0,"gold_gain":0,"cards_transformed":["Defend_B","Strike_B"],"player_choice":"Became Test Subject","damage_taken":0,"max_hp_gain":0,"max_hp_loss":0,"event_name":"Drug Dealer","floor":22,"gold_loss":0,"cards_obtained":["Aggregate","BootSequence"]},{"damage_healed":0,"gold_gain":0,"player_choice":"Copied","damage_taken":0,"max_hp_gain":0,"max_hp_loss":0,"event_name":"Duplicator","floor":28,"gold_loss":0,"cards_obtained":["Glacier"]},{"damage_healed":0,"gold_gain":0,"player_choice":"Fight","damage_taken":0,"max_hp_gain":0,"max_hp_loss":0,"event_name":"MindBloom","floor":36,"gold_loss":0},{"damage_healed":0,"gold_gain":0,"player_choice":"Ignored","damage_taken":0,"max_hp_gain":0,"max_hp_loss":0,"event_name":"Tomb of Lord Red Mask","floor":37,"gold_loss":0},{"damage_healed":0,"gold_gain":0,"player_choice":"Max HP","damage_taken":0,"max_hp_gain":0,"max_hp_loss":4,"event_name":"Winding Halls","floor":41,"gold_loss":0},{"damage_healed":0,"gold_gain":0,"player_choice":"Memory 1","damage_taken":0,"max_hp_gain":0,"max_hp_loss":0,"event_name":"SensoryStone","floor":47,"gold_loss":0}],"is_beta":false,"boss_relics":[{"not_picked":["Pandora\u0027s Box","Nuclear Battery"],"picked":"Sozu"},{"not_picked":["FrozenCore","Velvet Choker"],"picked":"Runic Dome"}],"items_purged_floors":[24],"is_endless":false,"potions_floor_spawned":[1,2,6,10,12,16,30,33,35,46],"killed_by":"Shield and Spear","ascension_level":4}