{"gold_per_floor":[110,185,205,223,373,373,373,373,399,414,414,434,454,480,480,554,554,570,582,42,42,42,42,59,59],"floor_reached":25,"playtime":931,"items_purged":[],"score":365,"play_id":"7d3a5654-7998-4597-a811-8463fe170bc0","local_time":"20190808043906","is_ascension_mode":true,"campfire_choices":[{"data":"Zap","floor":6,"key":"SMITH"},{"data":"Hologram","floor":8,"key":"SMITH"},{"data":"Dualcast","floor":11,"key":"SMITH"},{"floor":15,"key":"REST"},{"data":"Defragment","floor":23,"key":"SMITH"}],"neow_cost":"NONE","seed_source_timestamp":86576071074307,"circlet_count":0,"master_deck":["AscendersBane","Strike_B+1","Defend_B+1","Defend_B+1","Defend_B+1","Defend_B+1","Zap+1","Dualcast+1","Stack","Conserve Battery","Hologram+1","Cold Snap","Undo","Core Surge","Ball Lightning","Echo Form","Capacitor+1","Fission+1","BootSequence+1","Doom and Gloom","Defragment+1","Reinforced Body","RitualDagger","Go for the Eyes"],"relics":["Cracked Core","Anchor","Pen Nib","Dead Branch","Astrolabe","PreservedInsect","Strange Spoon"],"potions_floor_usage":[14,18],"damage_taken":[{"damage":0,"enemies":"2 Louse","floor":1,"turns":2},{"damage":2,"enemies":"Jaw Worm","floor":3,"turns":3},{"damage":0,"enemies":"Small Slimes","floor":4,"turns":3},{"damage":1,"enemies":"2 Fungi Beasts","floor":10,"turns":5},{"damage":3,"enemies":"Exordium Wildlife","floor":12,"turns":4},{"damage":0,"enemies":"Blue Slaver","floor":13,"turns":4},{"damage":11,"enemies":"Lagavulin","floor":14,"turns":9},{"damage":9,"enemies":"The Guardian","floor":16,"turns":13},{"damage":17,"enemies":"Spheric Guardian","floor":18,"turns":5},{"damage":0,"enemies":"Chosen","floor":19,"turns":3},{"damage":23,"enemies":"Centurion and Healer","floor":24,"turns":9}],"seed_played":"6300954471237857994","potions_obtained":[{"floor":10,"key":"Energy Potion"},{"floor":12,"key":"Explosive Potion"},{"floor":16,"key":"Energy Potion"},{"floor":18,"key":"Strength Potion"}],"is_trial":false,"path_per_floor":["M","?","M","M","?","R","?","R","T","M","R","M","M","E","R","B",null,"M","M","$","?","?","R","M","?"],"character_chosen":"DEFECT","items_purchased":["Defragment","PreservedInsect","Strange Spoon","Reinforced Body"],"campfire_rested":1,"item_purchase_floors":[20,20,20,20],"current_hp_per_floor":[64,53,51,51,51,51,51,51,51,50,50,47,47,36,57,48,65,48,48,48,42,42,42,19,0],"gold":59,"neow_bonus":"RANDOM_COMMON_RELIC","is_prod":false,"is_daily":false,"chose_seed":false,"campfire_upgraded":4,"win_rate":0,"timestamp":1565203146,"path_taken":["M","?","M","M","?","R","?","R","T","M","R","M","M","E","R","BOSS","M","M","$","?","?","R","M","?"],"build_version":"2019-07-17","purchased_purges":0,"victory":false,"max_hp_per_floor":[71,71,71,71,71,71,71,71,71,71,71,71,71,71,71,71,71,71,71,71,71,71,71,71,71],"card_choices":[{"not_picked":["Turbo","BootSequence"],"picked":"Stack","floor":1},{"not_picked":["Rebound","Aggregate"],"picked":"Conserve Battery","floor":3},{"not_picked":["Fission","Barrage"],"picked":"Hologram","floor":4},{"not_picked":["Sweeping Beam","Lockon"],"picked":"Cold Snap","floor":10},{"not_picked":["Capacitor","Steam"],"picked":"Undo","floor":12},{"not_picked":["Streamline","Capacitor"],"picked":"Core Surge","floor":13},{"not_picked":["Conserve Battery","Sunder"],"picked":"Ball Lightning","floor":14},{"not_picked":["Creative AI","Hyperbeam"],"picked":"Echo Form","floor":16},{"not_picked":["Gash","Streamline"],"picked":"Doom and Gloom","floor":18},{"not_picked":["Blizzard+1","Beam Cell","Barrage+1"],"picked":"SKIP","floor":19},{"not_picked":["Sweeping Beam","BootSequence"],"picked":"Go for the Eyes","floor":24}],"player_experience":1164668,"relics_obtained":[{"floor":9,"key":"Pen Nib"},{"floor":14,"key":"Dead Branch"}],"event_choices":[{"damage_healed":0,"gold_gain":75,"player_choice":"Gather Gold","damage_taken":11,"max_hp_gain":0,"max_hp_loss":0,"event_name":"World of Goop","floor":2,"gold_loss":0},{"damage_healed":0,"gold_gain":150,"player_choice":"AGREE","damage_taken":0,"max_hp_gain":0,"max_hp_loss":0,"event_name":"Liars Game","floor":5,"gold_loss":0,"cards_obtained":["Doubt"]},{"cards_removed":["Doubt"],"damage_healed":0,"gold_gain":0,"player_choice":"Forget","damage_taken":0,"max_hp_gain":0,"max_hp_loss":0,"event_name":"Living Wall","floor":7,"gold_loss":0},{"damage_healed":0,"gold_gain":0,"player_choice":"Joined the Cult","damage_taken":6,"max_hp_gain":0,"max_hp_loss":0,"event_name":"Nest","floor":21,"gold_loss":0,"cards_obtained":["RitualDagger"]},{"damage_healed":0,"gold_gain":0,"player_choice":"Simplicity","damage_taken":0,"max_hp_gain":0,"max_hp_loss":0,"event_name":"Back to Basics","floor":22,"gold_loss":0,"cards_upgraded":["Strike_B","Defend_B","Defend_B","Defend_B","Defend_B"]}],"is_beta":false,"boss_relics":[{"not_picked":["Ectoplasm","Orrery"],"picked":"Astrolabe"}],"items_purged_floors":[],"is_endless":false,"potions_floor_spawned":[10,12,13,16,18],"ascension_level":16}