{"gold_per_floor":[114,189,208,228,158,190,190,200,200,215,215,226,237,237,237,339,339,357,44,44,58,74,74,0,24,24,24,56,70,70,95,95,198,198,210,210,230,242,32,43,76,89,89,89,106,106,106,121,121,121],"floor_reached":50,"playtime":1726,"items_purged":[],"score":882,"play_id":"14906138-0a17-433c-86f1-727b00719020","local_time":"20180823113329","is_ascension_mode":true,"campfire_choices":[{"floor":7,"key":"REST"},{"data":"Perfected Strike","floor":11,"key":"SMITH"},{"floor":15,"key":"REST"},{"data":"Flex","floor":23,"key":"SMITH"},{"data":"Twin Strike","floor":27,"key":"SMITH"},{"data":"Dropkick","floor":30,"key":"SMITH"},{"data":"Pommel Strike","floor":32,"key":"SMITH"},{"floor":44,"key":"DIG"},{"floor":49,"key":"REST"}],"neow_cost":"NONE","seed_source_timestamp":322157193700185,"circlet_count":0,"master_deck":["Strike_R+1","Strike_R","Strike_R","Strike_R","Defend_R","Defend_R","Defend_R","Defend_R","Bash+1","Perfected Strike+1","Perfected Strike+1","Pommel Strike+1","Twin Strike+1","Flex+1","Dropkick+1","Flex+1","Flame Barrier+1","True Grit+1","Limit Break+1","Battle Trance+1","Pommel Strike","Madness+1","Madness+1"],"relics":["Burning Blood","Whetstone","Toxic Egg 2","Busted Crown","Nunchaku","Ancient Tea Set","Pear","Thread and Needle","Letter Opener","Sozu","Lee\u0027s Waffle","Happy Flower","Shovel","Mummified Hand","Bird Faced Urn"],"potions_floor_usage":[12,16,29,33,33,33],"damage_taken":[{"damage":11,"enemies":"Small Slimes","floor":1,"turns":6},{"damage":8,"enemies":"2 Louse","floor":3,"turns":4},{"damage":1,"enemies":"Cultist","floor":4,"turns":3},{"damage":41,"enemies":"Lagavulin","floor":6,"turns":6},{"damage":16,"enemies":"Lots of Slimes","floor":8,"turns":4},{"damage":8,"enemies":"Blue Slaver","floor":10,"turns":3},{"damage":0,"enemies":"Large Slime","floor":12,"turns":5},{"damage":11,"enemies":"Looter","floor":13,"turns":2},{"damage":0,"enemies":"Slime Boss","floor":16,"turns":4},{"damage":2,"enemies":"Chosen","floor":18,"turns":3},{"damage":10,"enemies":"3 Byrds","floor":21,"turns":3},{"damage":0,"enemies":"Centurion and Healer","floor":22,"turns":3},{"damage":10,"enemies":"Gremlin Leader","floor":28,"turns":2},{"damage":0,"enemies":"Snecko","floor":29,"turns":2},{"damage":23,"enemies":"Slavers","floor":31,"turns":5},{"damage":41,"enemies":"Champ","floor":33,"turns":6},{"damage":0,"enemies":"3 Shapes","floor":35,"turns":4},{"damage":2,"enemies":"Orb Walker","floor":37,"turns":2},{"damage":39,"enemies":"Maw","floor":38,"turns":6},{"damage":13,"enemies":"4 Shapes","floor":40,"turns":2},{"damage":22,"enemies":"Giant Head","floor":41,"turns":6},{"damage":24,"enemies":"3 Darklings","floor":42,"turns":7},{"damage":23,"enemies":"Maw","floor":45,"turns":5},{"damage":30,"enemies":"Flame Bruiser 2 Orb","floor":48,"turns":3},{"damage":57,"enemies":"Awakened One","floor":50,"turns":5}],"seed_played":"1136503202329830446","potions_obtained":[{"floor":6,"key":"AttackPotion"},{"floor":8,"key":"Regen Potion"},{"floor":13,"key":"EssenceOfSteel"},{"floor":18,"key":"Poison Potion"},{"floor":21,"key":"LiquidBronze"},{"floor":31,"key":"FearPotion"}],"is_trial":false,"path_per_floor":["M","?","M","M","$","E","R","M","T","M","R","M","M","?","R","B",null,"M","$","?","M","M","R","?","T","T","R","E","M","R","E","R","B",null,"M","?","M","M","$","M","E","M","T","R","M","T","?","M","R"],"character_chosen":"IRONCLAD","items_purchased":["Twin Strike","Flex","Nunchaku","Lee\u0027s Waffle"],"campfire_rested":3,"item_purchase_floors":[5,5,19,39],"current_hp_per_floor":[67,56,54,59,59,24,48,38,38,36,36,56,51,51,75,80,80,80,80,80,76,80,80,80,80,90,90,86,90,90,73,73,38,77,83,72,76,43,97,90,74,56,56,56,39,39,39,15,44,0],"gold":121,"neow_bonus":"UPGRADE_CARD","is_prod":false,"is_daily":false,"chose_seed":false,"campfire_upgraded":5,"win_rate":0,"timestamp":1535038409,"path_taken":["M","?","?","M","$","E","R","M","T","M","R","?","M","?","R","BOSS","M","$","?","M","M","R","?","?","T","R","E","?","R","E","R","BOSS","M","?","?","M","$","M","E","M","T","R","M","?","?","M","R","BOSS"],"build_version":"2018-08-16","purchased_purges":0,"victory":false,"max_hp_per_floor":[80,80,80,80,80,80,80,80,80,80,80,80,80,80,80,80,80,80,80,80,80,80,80,80,80,90,90,90,90,90,90,90,90,90,90,90,90,90,97,97,97,97,97,97,97,97,97,97,97,97],"card_choices":[{"not_picked":["Headbutt","Rampage"],"picked":"Perfected Strike","floor":1},{"not_picked":["Warcry","Bloodletting"],"picked":"Perfected Strike","floor":3},{"not_picked":["Disarm","Second Wind"],"picked":"Pommel Strike","floor":4},{"not_picked":["Headbutt","Body Slam","Blood for Blood"],"picked":"SKIP","floor":6},{"not_picked":["Dark Embrace","Anger"],"picked":"Dropkick","floor":8},{"not_picked":["Combust","Twin Strike"],"picked":"Flex+1","floor":10},{"not_picked":["Flex+1","Havoc+1"],"picked":"Flame Barrier+1","floor":12},{"not_picked":["Body Slam","Iron Wave"],"picked":"True Grit+1","floor":13},{"not_picked":["Juggernaut","Demon Form"],"picked":"Limit Break+1","floor":16},{"not_picked":[],"picked":"Battle Trance+1","floor":18},{"not_picked":["Feel No Pain+1"],"picked":"SKIP","floor":21},{"not_picked":["Sword Boomerang"],"picked":"SKIP","floor":22},{"not_picked":["Inflame"],"picked":"SKIP","floor":28},{"not_picked":["Armaments+1"],"picked":"SKIP","floor":29},{"not_picked":["Sword Boomerang+1"],"picked":"SKIP","floor":31},{"not_picked":[],"picked":"Pommel Strike","floor":35},{"not_picked":["Bloodletting+1"],"picked":"SKIP","floor":37},{"not_picked":["Wild Strike+1"],"picked":"SKIP","floor":38},{"not_picked":["Sentinel+1"],"picked":"SKIP","floor":40},{"not_picked":["Headbutt"],"picked":"SKIP","floor":41},{"not_picked":["Uppercut+1"],"picked":"SKIP","floor":42},{"not_picked":["Clash+1"],"picked":"SKIP","floor":45},{"not_picked":["Clash"],"picked":"SKIP","floor":48}],"player_experience":493167,"relics_obtained":[{"floor":6,"key":"Whetstone"},{"floor":9,"key":"Toxic Egg 2"},{"floor":25,"key":"Ancient Tea Set"},{"floor":26,"key":"Pear"},{"floor":28,"key":"Thread and Needle"},{"floor":31,"key":"Letter Opener"},{"floor":41,"key":"Happy Flower"},{"floor":43,"key":"Shovel"},{"floor":44,"key":"Mummified Hand"},{"floor":46,"key":"Bird Faced Urn"}],"event_choices":[{"event_name":"World of Goop","player_choice":"Gather Gold","floor":2,"damage_taken":0},{"event_name":"Living Wall","player_choice":"Grow","floor":14,"damage_taken":0},{"event_name":"Beggar","player_choice":"Ignored","floor":20,"damage_taken":0},{"event_name":"Masked Bandits","player_choice":"Paid Fearfully","floor":24,"damage_taken":0},{"event_name":"Winding Halls","player_choice":"Embrace Madness","floor":36,"damage_taken":0},{"event_name":"Falling","player_choice":"Removed Attack","floor":47,"damage_taken":0}],"is_beta":false,"boss_relics":[{"not_picked":["Orrery","Empty Cage"],"picked":"Busted Crown"},{"not_picked":["Black Blood","Pandora\u0027s Box"],"picked":"Sozu"}],"items_purged_floors":[],"is_endless":false,"potions_floor_spawned":[6,8,13,18,21,31,35,37,40,41,48],"killed_by":"Awakened One","ascension_level":9}