{"gold_per_floor":[217,232,250,70,145,145,179,193,218,295,295,295],"floor_reached":12,"playtime":595,"items_purged":["Strike_R"],"score":113,"play_id":"bb2b6a89-3154-48c0-bab1-b28e8866a0fc","local_time":"20180905003928","is_ascension_mode":true,"campfire_choices":[{"data":"True Grit","floor":6,"key":"SMITH"}],"neow_cost":"NONE","seed_source_timestamp":1407268334713789,"circlet_count":0,"master_deck":["Strike_R","Strike_R","Strike_R","Strike_R","Defend_R","Defend_R","Defend_R","Defend_R","Bash","Havoc","True Grit+1","Carnage","Sentinel","Warcry","Sever Soul"],"relics":["Burning Blood","Juzu Bracelet","Omamori","Golden Idol"],"potions_floor_usage":[8],"damage_taken":[{"damage":10,"enemies":"Jaw Worm","floor":1,"turns":6},{"damage":2,"enemies":"2 Louse","floor":2,"turns":3},{"damage":13,"enemies":"Small Slimes","floor":3,"turns":5},{"damage":53,"enemies":"Lagavulin","floor":7,"turns":9},{"damage":5,"enemies":"Looter","floor":8,"turns":5},{"damage":13,"enemies":"Blue Slaver","floor":12,"turns":3}],"seed_played":"2294876301212642006","potions_obtained":[{"floor":1,"key":"GamblersBrew"},{"floor":8,"key":"Ancient Potion"}],"is_trial":false,"path_per_floor":["M","M","M","$","?","R","E","M","T","?","?"],"character_chosen":"IRONCLAD","items_purchased":["Sentinel","Warcry"],"campfire_rested":0,"item_purchase_floors":[4,4],"current_hp_per_floor":[68,72,65,65,54,54,7,8,8,8,8,0],"gold":295,"neow_bonus":"HUNDRED_GOLD","is_prod":false,"is_daily":false,"chose_seed":false,"campfire_upgraded":1,"win_rate":0,"timestamp":1536122368,"path_taken":["M","M","M","$","?","R","E","M","T","?","?","M"],"build_version":"2018-08-30","purchased_purges":1,"victory":false,"max_hp_per_floor":[80,80,80,80,80,80,80,80,80,80,74,74],"card_choices":[{"not_picked":["Thunderclap","Pommel Strike"],"picked":"Havoc","floor":1},{"not_picked":["Headbutt","Twin Strike"],"picked":"True Grit","floor":2},{"not_picked":["Dual Wield","Heavy Blade"],"picked":"Carnage","floor":3},{"not_picked":["Rampage","Headbutt"],"picked":"Sever Soul","floor":7},{"not_picked":["Thunderclap","Twin Strike","Brutality"],"picked":"SKIP","floor":8}],"player_experience":520950,"relics_obtained":[{"floor":7,"key":"Juzu Bracelet"},{"floor":9,"key":"Omamori"}],"event_choices":[{"event_name":"World of Goop","player_choice":"Gather Gold","floor":5,"damage_taken":0},{"event_name":"Golden Wing","player_choice":"Gained Gold","floor":10,"damage_taken":0},{"event_name":"Golden Idol","player_choice":"Lose Max HP","floor":11,"damage_taken":0}],"is_beta":false,"boss_relics":[],"items_purged_floors":[4],"is_endless":false,"potions_floor_spawned":[1,8],"killed_by":"Blue Slaver","ascension_level":9}