{"path_per_floor":["M","M","M","?","?","E","M","M","T","R","M","?","R","$","R","B",null,"M","M","?","$","M","R","E","R","T","E","M","$","E","$","R","B",null,"M","?","?","$","?","R","E","R","T","M","E","M","M","M","R","B"],"character_chosen":"THE_SILENT","items_purchased":["Riddle With Holes","Regen Potion","Prayer Wheel","Prepared","War Paint","Underhanded Strike","Footwork"],"gold_per_floor":[112,127,142,142,142,186,211,235,260,260,273,273,273,122,122,243,243,262,281,206,7,20,20,51,51,77,118,143,43,87,39,39,165,165,179,179,279,10,10,10,54,54,54,69,108,133,149,169,169,169],"floor_reached":51,"campfire_rested":5,"playtime":3201,"current_hp_per_floor":[68,66,66,65,65,47,42,38,38,57,56,56,56,56,56,36,65,41,21,21,21,28,47,40,59,59,34,34,34,30,30,49,11,65,55,55,55,55,55,55,54,54,54,56,47,53,47,32,51,35],"items_purged":["Regret","Pain"],"gold":169,"score":872,"play_id":"006c1fed-8cbf-449a-ac75-6440aaf080b9","local_time":"20180406123655","is_prod":false,"is_daily":false,"is_ascension_mode":true,"campfire_upgraded":1,"timestamp":1523032615,"path_taken":["M","M","M","?","?","E","M","M","T","R","?","?","R","$","R","BOSS","M","M","?","$","?","R","E","R","T","E","M","$","E","$","R","BOSS","M","?","?","$","?","R","E","R","T","M","E","M","M","M","R","BOSS"],"build_version":"2018-04-05v2","purchased_purges":2,"victory":true,"master_deck":["Defend_G","Defend_G","Defend_G","Defend_G","Strike_G","Strike_G+1","Strike_G","Strike_G+1","Strike_G","Survivor","Neutralize","Escape Plan","Acrobatics","Calculated Gamble","Quick Slash","Dagger Spray","Predator","Dagger Spray","Riddle With Holes+1","Storm of Steel","Quick Slash+1","Escape Plan+1","Deflect+1","Backflip+1","Slice+1","Reflex+1","Adrenaline","Prepared","Dagger Throw","After Image","Backflip","Backflip+1","Outmaneuver","Predator","PiercingWail+1","Deadly Poison+1","Expertise","Underhanded Strike","Footwork","Tactician","Deflect+1","Slice+1","Slice+1","Prepared+1","Quick Slash+1","Finisher+1","Backstab+1"],"max_hp_per_floor":[70,70,70,65,65,65,65,65,65,65,65,65,65,65,65,65,65,65,65,65,65,65,65,65,65,65,65,65,65,65,65,65,65,65,65,65,65,65,65,65,65,65,65,65,65,65,65,65,65,65],"relics":["Cursed Key","Golden Idol","Girya","Whetstone","Dream Catcher","Black Star","Prayer Wheel","Tough Bandages","Ornamental Fan","Pen Nib","Omamori","Bag of Marbles","Thread and Needle","Tingsha","Orrery","War Paint","Blood Vial","Bird Faced Urn","Calipers","Unceasing Top","Vajra","Bronze Scales"],"card_choices":[{"not_picked":["Calculated Gamble","All Out Attack"],"picked":"Escape Plan","floor":1},{"not_picked":["Cloak And Dagger","Endless Agony"],"picked":"Acrobatics","floor":2},{"not_picked":["Underhanded Strike","Blur"],"picked":"Calculated Gamble","floor":3},{"not_picked":["Caltrops","Underhanded Strike"],"picked":"Quick Slash","floor":6},{"not_picked":["PiercingWail","Slice"],"picked":"Dagger Spray","floor":7},{"not_picked":["Dagger Throw","Slice"],"picked":"Predator","floor":8},{"not_picked":["Bane","Predator"],"picked":"Dagger Spray","floor":11},{"not_picked":["Wraith Form","Bullet Time"],"picked":"Storm of Steel","floor":16},{"not_picked":["Escape Plan","Heel Hook"],"picked":"Quick Slash","floor":18},{"not_picked":["Calculated Gamble","Backflip"],"picked":"Escape Plan","floor":19},{"not_picked":["Caltrops","Dodge and Roll"],"picked":"Deflect","floor":23},{"not_picked":["Setup","Quick Slash"],"picked":"Backflip","floor":24},{"not_picked":["Dagger Throw","Acrobatics"],"picked":"Slice","floor":25},{"not_picked":["Terror","PiercingWail"],"picked":"Reflex","floor":28},{"not_picked":["Flechettes","Malaise"],"picked":"Adrenaline","floor":30},{"not_picked":["Underhanded Strike","Backflip"],"picked":"Dagger Throw","floor":32},{"not_picked":["Tools of the Trade","Envenom"],"picked":"After Image","floor":33},{"not_picked":["Deadly Poison","Outmaneuver"],"picked":"Backflip","floor":34},{"not_picked":["Predator","Sucker Punch"],"picked":"Backflip","floor":34},{"not_picked":["Bane","Caltrops"],"picked":"Outmaneuver","floor":34},{"not_picked":["Slice","Outmaneuver"],"picked":"Predator","floor":34},{"not_picked":["Prepared","Masterful Stab"],"picked":"PiercingWail","floor":34},{"not_picked":["Bane","Doppelganger"],"picked":"Deadly Poison","floor":35},{"not_picked":["Footwork","Dagger Throw"],"picked":"Tactician","floor":41},{"not_picked":["Predator","Cloak And Dagger"],"picked":"Deflect","floor":43},{"not_picked":["Poisoned Stab","Concentrate"],"picked":"Slice","floor":44},{"not_picked":["Dagger Spray","Poisoned Stab"],"picked":"Slice","floor":45},{"not_picked":["Dagger Spray","Underhanded Strike"],"picked":"Prepared","floor":46},{"not_picked":["Accuracy","Catalyst"],"picked":"Quick Slash","floor":47},{"not_picked":["Deflect","Slice"],"picked":"Finisher","floor":48},{"not_picked":["Flechettes","Skewer"],"picked":"Backstab","floor":49}],"player_experience":177597,"potions_floor_usage":[6,16,16,22,24,24,24,27,45,48,50,50],"damage_taken":[{"damage":2,"enemies":"2 Louse","floor":1,"turns":3},{"damage":2,"enemies":"Jaw Worm","floor":2,"turns":4},{"damage":0,"enemies":"Small Slimes","floor":3,"turns":3},{"damage":33,"enemies":"3 Sentries","floor":6,"turns":13},{"damage":5,"enemies":"3 Louse","floor":7,"turns":3},{"damage":4,"enemies":"Large Slime","floor":8,"turns":5},{"damage":1,"enemies":"Exordium Thugs","floor":11,"turns":3},{"damage":20,"enemies":"Slime Boss","floor":16,"turns":7},{"damage":24,"enemies":"Shell Parasite","floor":18,"turns":6},{"damage":20,"enemies":"2 Thieves","floor":19,"turns":3},{"damage":5,"enemies":"Centurion and Healer","floor":22,"turns":5},{"damage":7,"enemies":"Book of Stabbing","floor":24,"turns":5},{"damage":25,"enemies":"Gremlin Leader","floor":27,"turns":5},{"damage":0,"enemies":"Cultist and Chosen","floor":28,"turns":4},{"damage":4,"enemies":"Slavers","floor":30,"turns":3},{"damage":38,"enemies":"Champ","floor":33,"turns":11},{"damage":10,"enemies":"3 Darklings","floor":35,"turns":5},{"damage":3,"enemies":"2 Orb Walkers","floor":41,"turns":4},{"damage":0,"enemies":"Orb Walker","floor":44,"turns":1},{"damage":15,"enemies":"Giant Head","floor":45,"turns":7},{"damage":0,"enemies":"Maw","floor":46,"turns":5},{"damage":8,"enemies":"3 Darklings","floor":47,"turns":2},{"damage":19,"enemies":"4 Shapes","floor":48,"turns":5},{"damage":22,"enemies":"Donu and Deca","floor":50,"turns":9}],"event_choices":[{"event_name":"Golden Idol","player_choice":"Lose Max HP","floor":4,"damage_taken":0},{"event_name":"Golden Wing","player_choice":"Ignored","floor":5,"damage_taken":0},{"event_name":"Big Fish","player_choice":"Box","floor":12,"damage_taken":0},{"event_name":"Beggar","player_choice":"Gave Gold","floor":20,"damage_taken":0},{"event_name":"Transmorgrifier","player_choice":"Transform","floor":36,"damage_taken":0},{"event_name":"Golden Shrine","player_choice":"Pray","floor":37,"damage_taken":0},{"event_name":"Accursed Blacksmith","player_choice":"Rummage","floor":39,"damage_taken":0}],"boss_relics":[{"not_picked":["Lizard Tail","Sozu"],"picked":"Black Star"},{"not_picked":["Eternal Feather","Runic Dome"],"picked":"Orrery"}],"potions_floor_spawned":[1,2,3,8,11,18,22,24,33,35,41,47],"seed_played":"4960102229276090105","ascension_level":3,"is_trial":false}