{"gold_per_floor":[19,30,30,51,1,1,39,214,295,8,8,41,56,56,56,149,149,164,179,94,14,45,45,45,45],"floor_reached":25,"playtime":1268,"items_purged":["Doubt","Injury"],"score":342,"play_id":"292c6d9b-e58c-4694-93f4-40c053f2834c","local_time":"20190704232831","is_ascension_mode":true,"campfire_choices":[{"data":"True Grit","floor":6.0,"key":"SMITH"},{"data":"Body Slam","floor":11.0,"key":"SMITH"},{"data":"Hemokinesis","floor":15.0,"key":"SMITH"},{"floor":23.0,"key":"REST"}],"neow_cost":"NO_GOLD","seed_source_timestamp":0,"circlet_count":0,"master_deck":["AscendersBane","Strike_R","Strike_R","Strike_R","Strike_R","Defend_R","Defend_R","Defend_R+1","Defend_R+1","Bash","Heavy Blade","True Grit+1","Seeing Red","Power Through","True Grit+1","Hemokinesis+1","Body Slam+1","Juggernaut","Offering","Warcry","Anger","Shrug It Off"],"special_seed":0,"relics":["Burning Blood","FossilizedHelix","Golden Idol","War Paint","The Courier","DollysMirror","Bottled Flame","Runic Cube","Lantern","Red Mask","Molten Egg 2"],"potions_floor_usage":[25],"damage_taken":[{"damage":3.0,"enemies":"Small Slimes","floor":1.0,"turns":4.0},{"damage":9.0,"enemies":"Jaw Worm","floor":2.0,"turns":4.0},{"damage":0.0,"enemies":"Cultist","floor":4.0,"turns":5.0},{"damage":53.0,"enemies":"3 Sentries","floor":7.0,"turns":14.0},{"damage":16.0,"enemies":"Lagavulin","floor":12.0,"turns":10.0},{"damage":0.0,"enemies":"Exordium Wildlife","floor":13.0,"turns":4.0},{"damage":51.0,"enemies":"The Guardian","floor":16.0,"turns":12.0},{"damage":16.0,"enemies":"2 Thieves","floor":18.0,"turns":4.0},{"damage":2.0,"enemies":"Spheric Guardian","floor":19.0,"turns":4.0},{"damage":43.0,"enemies":"Masked Bandits","floor":22.0,"turns":6.0},{"damage":47,"enemies":"Gremlin Leader","floor":25,"turns":5}],"seed_played":"-8077546798441362952","potions_obtained":[{"floor":4.0,"key":"GamblersBrew"},{"floor":7.0,"key":"EssenceOfSteel"},{"floor":12.0,"key":"Energy Potion"},{"floor":16.0,"key":"SpeedPotion"},{"floor":18.0,"key":"SpeedPotion"},{"floor":22.0,"key":"PowerPotion"}],"is_trial":false,"path_per_floor":["M","M","?","M","?","R","E","?","T","$","R","E","M","?","R","B",null,"M","M","?","$","?","R","?","E"],"character_chosen":"IRONCLAD","items_purchased":["DollysMirror","Hemokinesis","Body Slam"],"campfire_rested":1,"item_purchase_floors":[10,10,10],"current_hp_per_floor":[75,72,72,78,78,78,31,31,31,31,31,21,27,53,53,8,62,52,56,56,56,19,43,43,0],"gold":45,"neow_bonus":"ONE_RARE_RELIC","is_prod":false,"is_daily":false,"chose_seed":false,"campfire_upgraded":3,"win_rate":0,"timestamp":1562246911,"path_taken":["M","M","?","M","?","R","E","?","T","?","R","E","?","?","R","BOSS","M","M","?","$","?","R","?","E"],"build_version":"2019-07-01","purchased_purges":2,"victory":false,"max_hp_per_floor":[80,80,80,80,80,80,80,80,80,80,80,80,80,80,80,80,80,80,80,80,80,80,80,80,80],"card_choices":[{"not_picked":["True Grit","Sword Boomerang"],"picked":"Heavy Blade","floor":1.0},{"not_picked":["Second Wind","Searing Blow"],"picked":"True Grit","floor":2.0},{"not_picked":["Armaments","Flex"],"picked":"Seeing Red","floor":4.0},{"not_picked":["Carnage","Dual Wield"],"picked":"Power Through","floor":7.0},{"not_picked":["Carnage","Headbutt"],"picked":"Juggernaut","floor":12.0},{"not_picked":["Thunderclap","Warcry"],"picked":"Headbutt","floor":13.0},{"not_picked":["Dark Embrace","Double Tap"],"picked":"Offering","floor":16.0},{"not_picked":["Clash","Anger"],"picked":"Warcry","floor":18.0},{"not_picked":["Seeing Red","Dual Wield"],"picked":"Anger","floor":19.0},{"not_picked":["Bloodletting","Wild Strike"],"picked":"Shrug It Off","floor":22.0}],"player_experience":918858,"relics_obtained":[{"floor":7.0,"key":"War Paint"},{"floor":9.0,"key":"The Courier"},{"floor":12.0,"key":"Bottled Flame"},{"floor":22.0,"key":"Red Mask"}],"event_choices":[{"damage_healed":0.0,"max_hp_gain":0.0,"max_hp_loss":0.0,"gold_gain":0.0,"event_name":"Golden Idol","player_choice":"Take Wound","floor":3.0,"gold_loss":0.0,"damage_taken":0.0,"relics_obtained":["Golden Idol"],"cards_obtained":["Injury"]},{"cards_removed":["Strike_R"],"damage_healed":0.0,"max_hp_gain":0.0,"max_hp_loss":0.0,"gold_gain":0.0,"event_name":"The Cleric","player_choice":"Card Removal","floor":5.0,"gold_loss":50.0,"damage_taken":0.0},{"damage_healed":0.0,"max_hp_gain":0.0,"max_hp_loss":0.0,"gold_gain":175.0,"event_name":"Liars Game","player_choice":"AGREE","floor":8.0,"gold_loss":0.0,"damage_taken":0.0,"cards_obtained":["Doubt"]},{"damage_healed":26.0,"max_hp_gain":0.0,"max_hp_loss":0.0,"gold_gain":0.0,"event_name":"Big Fish","player_choice":"Banana","floor":14.0,"gold_loss":0.0,"damage_taken":0.0},{"damage_healed":0.0,"max_hp_gain":0.0,"max_hp_loss":0.0,"gold_gain":0.0,"event_name":"Addict","player_choice":"Obtained Relic","floor":20.0,"gold_loss":85.0,"damage_taken":0.0,"relics_obtained":["Lantern"]},{"damage_healed":0.0,"max_hp_gain":0.0,"max_hp_loss":0.0,"gold_gain":0.0,"event_name":"Masked Bandits","player_choice":"Fought Bandits","floor":22.0,"gold_loss":0.0,"damage_taken":0.0},{"cards_removed":["Headbutt"],"damage_healed":0.0,"max_hp_gain":0.0,"max_hp_loss":0.0,"gold_gain":0.0,"event_name":"WeMeetAgain","player_choice":"Gave Card","floor":24.0,"gold_loss":0.0,"damage_taken":0.0,"relics_obtained":["Molten Egg 2"]}],"is_beta":false,"boss_relics":[{"not_picked":["Sozu","Runic Dome"],"picked":"Runic Cube"}],"items_purged_floors":[10,21],"is_endless":false,"potions_floor_spawned":[4,7,12,16,18,22],"killed_by":"Gremlin Leader","ascension_level":13}