{"gold_per_floor":[118,132,146,34,34,34,54,54,54,67,67,86,86,105,105,202,202,217,236,336,369,78,78,96,96,96,96,96,114,114,134,134,235,235,252,270,1,101,101,101,131,145,145,145,162,196,212,241,241,241],"floor_reached":51,"playtime":3100,"items_purged":["Strike_R"],"score":1194,"play_id":"9aea5056-bf1c-456b-a822-bd3295723fc7","local_time":"20181112174858","is_ascension_mode":true,"campfire_choices":[{"data":"Armaments","floor":6,"key":"SMITH"},{"data":"Searing Blow+1","floor":8,"key":"SMITH"},{"data":"Searing Blow+2","floor":11,"key":"SMITH"},{"data":"Searing Blow+3","floor":13,"key":"SMITH"},{"data":"Searing Blow+4","floor":15,"key":"SMITH"},{"data":"Corruption","floor":23,"key":"SMITH"},{"data":"Searing Blow+5","floor":25,"key":"SMITH"},{"floor":28,"key":"REST"},{"data":"Searing Blow+6","floor":30,"key":"SMITH"},{"floor":32,"key":"REST"},{"data":"Searing Blow+7","floor":40,"key":"SMITH"},{"data":"Searing Blow+8","floor":44,"key":"SMITH"},{"data":"Searing Blow+9","floor":49,"key":"SMITH"}],"neow_cost":"TEN_PERCENT_HP_LOSS","seed_source_timestamp":359235271802672,"circlet_count":0,"master_deck":["AscendersBane","Strike_R","Strike_R","Strike_R","Defend_R","Defend_R","Defend_R","Bash","Intimidate","Armaments+1","Havoc","Searing Blow+10","Corruption+1","Whirlwind","Warcry","Flex","Impervious","Flame Barrier+1","True Grit","Infernal Blade","True Grit+1","Shrug It Off+1","Feel No Pain+1","Master of Strategy","Headbutt+1","Warcry+1","Warcry+1"],"relics":["Burning Blood","Vajra","Busted Crown","Du-Vu Doll","Self Forming Clay","Red Mask","Paper Frog","Pear","Enchiridion","Black Star","Unceasing Top","Gremlin Horn","Toxic Egg 2","Darkstone Periapt","Bag of Preparation","Bag of Marbles","Question Card","Letter Opener"],"potions_floor_usage":[3,7,16,16,20,24,24,33,41,50,50],"damage_taken":[{"damage":5,"enemies":"2 Louse","floor":1,"turns":4},{"damage":9,"enemies":"Cultist","floor":2,"turns":5},{"damage":1,"enemies":"Small Slimes","floor":3,"turns":3},{"damage":23,"enemies":"Exordium Wildlife","floor":7,"turns":5},{"damage":8,"enemies":"Looter","floor":10,"turns":2},{"damage":8,"enemies":"Lots of Slimes","floor":12,"turns":3},{"damage":0,"enemies":"Large Slime","floor":14,"turns":5},{"damage":30,"enemies":"The Guardian","floor":16,"turns":7},{"damage":23,"enemies":"Shell Parasite","floor":18,"turns":5},{"damage":6,"enemies":"Spheric Guardian","floor":19,"turns":4},{"damage":0,"enemies":"Colosseum Slavers","floor":20,"turns":4},{"damage":19,"enemies":"Colosseum Nobs","floor":20,"turns":4},{"damage":20,"enemies":"Masked Bandits","floor":21,"turns":6},{"damage":8,"enemies":"Centurion and Healer","floor":24,"turns":5},{"damage":3,"enemies":"Chosen and Byrds","floor":29,"turns":6},{"damage":0,"enemies":"Snake Plant","floor":31,"turns":1},{"damage":52,"enemies":"Collector","floor":33,"turns":9},{"damage":0,"enemies":"3 Shapes","floor":35,"turns":5},{"damage":0,"enemies":"3 Darklings","floor":36,"turns":5},{"damage":0,"enemies":"Mind Bloom Boss Battle","floor":38,"turns":2},{"damage":10,"enemies":"Reptomancer","floor":41,"turns":5},{"damage":0,"enemies":"Writhing Mass","floor":42,"turns":3},{"damage":0,"enemies":"4 Shapes","floor":45,"turns":3},{"damage":0,"enemies":"Nemesis","floor":46,"turns":7},{"damage":0,"enemies":"Transient","floor":47,"turns":5},{"damage":0,"enemies":"Reptomancer","floor":48,"turns":3},{"damage":30,"enemies":"Donu and Deca","floor":50,"turns":7}],"seed_played":"1602932513714056928","potions_obtained":[{"floor":2,"key":"Explosive Potion"},{"floor":3,"key":"PowerPotion"},{"floor":10,"key":"Block Potion"},{"floor":14,"key":"Explosive Potion"},{"floor":19,"key":"PowerPotion"},{"floor":21,"key":"LiquidBronze"},{"floor":29,"key":"EssenceOfSteel"},{"floor":35,"key":"PowerPotion"},{"floor":41,"key":"PowerPotion"},{"floor":46,"key":"SpeedPotion"},{"floor":47,"key":"Block Potion"}],"is_trial":false,"path_per_floor":["M","M","M","$","?","R","M","R","T","M","R","M","R","M","R","B",null,"M","M","?","?","$","R","M","R","T","?","R","M","R","M","R","B",null,"M","M","$","?","?","R","E","M","T","R","M","E","M","E","R","B",null],"character_chosen":"IRONCLAD","items_purchased":["Searing Blow","Corruption","Paper Frog","FearPotion","Master of Strategy"],"campfire_rested":2,"item_purchase_floors":[4,4,22,22,37],"current_hp_per_floor":[72,69,72,72,72,72,55,55,55,53,53,51,51,57,57,33,62,45,45,38,24,24,24,22,22,32,16,40,43,43,49,73,27,68,74,80,80,82,82,82,78,82,82,82,82,82,82,82,82,58],"gold":241,"neow_bonus":"REMOVE_TWO","is_prod":false,"is_daily":false,"chose_seed":false,"campfire_upgraded":11,"win_rate":0,"timestamp":1542062938,"path_taken":["M","M","M","$","?","R","M","R","T","M","R","?","R","M","R","BOSS","M","M","?","?","$","R","M","R","T","?","R","M","R","M","R","BOSS","M","M","$","?","?","R","E","?","T","R","M","E","M","E","R","BOSS"],"build_version":"2018-11-08","purchased_purges":1,"victory":true,"max_hp_per_floor":[72,72,72,72,72,72,72,72,72,72,72,72,72,72,72,72,72,72,72,72,72,72,72,72,72,82,82,82,82,82,82,82,82,82,82,82,82,82,82,82,82,82,82,82,82,82,82,82,82,82],"card_choices":[{"not_picked":["Thunderclap","Anger"],"picked":"Intimidate","floor":1},{"not_picked":["Perfected Strike","Clash"],"picked":"Armaments","floor":2},{"not_picked":["Rupture","Wild Strike"],"picked":"Havoc","floor":3},{"not_picked":["Cleave","Twin Strike"],"picked":"Whirlwind","floor":7},{"not_picked":["Searing Blow","Evolve"],"picked":"Warcry","floor":10},{"not_picked":["Body Slam","Carnage"],"picked":"Flex","floor":12},{"not_picked":["Immolate","Headbutt","Pummel"],"picked":"SKIP","floor":14},{"not_picked":["Demon Form","Dark Embrace"],"picked":"Impervious","floor":16},{"not_picked":["Cleave"],"picked":"SKIP","floor":18},{"not_picked":[],"picked":"Flame Barrier+1","floor":19},{"not_picked":[],"picked":"True Grit","floor":20},{"not_picked":[],"picked":"Infernal Blade","floor":24},{"not_picked":[],"picked":"True Grit+1","floor":29},{"not_picked":["Sword Boomerang+1"],"picked":"SKIP","floor":31},{"not_picked":[],"picked":"Shrug It Off+1","floor":35},{"not_picked":[],"picked":"Feel No Pain+1","floor":36},{"not_picked":["Metallicize"],"picked":"SKIP","floor":41},{"not_picked":[],"picked":"Headbutt+1","floor":42},{"not_picked":["Clash+1"],"picked":"SKIP","floor":45},{"not_picked":["Heavy Blade"],"picked":"SKIP","floor":46},{"not_picked":[],"picked":"Warcry+1","floor":47},{"not_picked":[],"picked":"Warcry+1","floor":48}],"player_experience":670029,"relics_obtained":[{"floor":9,"key":"Vajra"},{"floor":20,"key":"Du-Vu Doll"},{"floor":20,"key":"Self Forming Clay"},{"floor":21,"key":"Red Mask"},{"floor":26,"key":"Pear"},{"floor":27,"key":"Enchiridion"},{"floor":38,"key":"Unceasing Top"},{"floor":41,"key":"Gremlin Horn"},{"floor":41,"key":"Toxic Egg 2"},{"floor":43,"key":"Darkstone Periapt"},{"floor":46,"key":"Bag of Preparation"},{"floor":46,"key":"Bag of Marbles"},{"floor":48,"key":"Question Card"},{"floor":48,"key":"Letter Opener"}],"event_choices":[{"damage_healed":0,"gold_gain":0,"player_choice":"Upgraded","damage_taken":0,"max_hp_gain":0,"max_hp_loss":0,"event_name":"Upgrade Shrine","floor":5,"gold_loss":0,"cards_upgraded":["Searing Blow"]},{"damage_healed":0,"gold_gain":0,"player_choice":"Fight","damage_taken":0,"max_hp_gain":0,"max_hp_loss":0,"event_name":"Colosseum","floor":20,"gold_loss":0},{"damage_healed":0,"gold_gain":0,"player_choice":"Fought Nobs","damage_taken":0,"max_hp_gain":0,"max_hp_loss":0,"event_name":"Colosseum","floor":20,"gold_loss":0},{"damage_healed":0,"gold_gain":0,"player_choice":"Fought Bandits","damage_taken":0,"max_hp_gain":0,"max_hp_loss":0,"event_name":"Masked Bandits","floor":21,"gold_loss":0},{"damage_healed":0,"gold_gain":0,"player_choice":"Obtained Book","damage_taken":16,"max_hp_gain":0,"max_hp_loss":0,"event_name":"Cursed Tome","floor":27,"gold_loss":0},{"damage_healed":0,"gold_gain":0,"player_choice":"Fight","damage_taken":0,"max_hp_gain":0,"max_hp_loss":0,"event_name":"MindBloom","floor":38,"gold_loss":0},{"damage_healed":0,"gold_gain":0,"player_choice":"Ignored","damage_taken":0,"max_hp_gain":0,"max_hp_loss":0,"event_name":"Transmorgrifier","floor":39,"gold_loss":0}],"is_beta":false,"boss_relics":[{"not_picked":["Lizard Tail","White Beast Statue"],"picked":"Busted Crown"},{"not_picked":["Astrolabe","Fusion Hammer"],"picked":"Black Star"}],"items_purged_floors":[37],"is_endless":false,"potions_floor_spawned":[2,3,10,14,19,20,21,29,35,41,46,47],"ascension_level":11}