{"gold_per_floor":[114,114,114,38,53,53,92,107,159,193,193,207,222,32,32,162,162,180,169,169,190,190,206,131,131,131,131],"floor_reached":27,"playtime":3070,"items_purged":[],"score":223,"play_id":"2fb0b0db-22c6-404d-9213-9e0a05eb7a19","local_time":"20190911004004","is_ascension_mode":false,"campfire_choices":[{"data":"Hologram","floor":6.0,"key":"SMITH"},{"floor":11.0,"key":"REST"},{"data":"Hologram","floor":15.0,"key":"SMITH"},{"floor":25.0,"key":"REST"}],"neow_cost":"PERCENT_DAMAGE","seed_source_timestamp":0,"circlet_count":0,"master_deck":["Strike_B","Strike_B","Strike_B","Strike_B","Defend_B","Defend_B","Defend_B","Defend_B","Zap","Dualcast","Coolheaded","Injury","Hologram+1","Ball Lightning","Static Discharge","Recycle","Redo","Heatsinks","Turbo","Go for the Eyes","Stack","Hologram+1","All For One","Go for the Eyes","Hologram","Doom and Gloom+1","Glacier","Scrape","Undo"],"special_seed":0,"relics":["Cracked Core","Thread and Needle","Golden Idol","Ancient Tea Set","Dream Catcher","Regal Pillow","Orichalcum","Runic Pyramid","Ornamental Fan","Oddly Smooth Stone"],"potions_floor_usage":[],"damage_taken":[{"damage":0.0,"enemies":"2 Louse","floor":1.0,"turns":3.0},{"damage":0.0,"enemies":"Jaw Worm","floor":5.0,"turns":4.0},{"damage":14.0,"enemies":"Lagavulin","floor":7.0,"turns":10.0},{"damage":0.0,"enemies":"Cultist","floor":8.0,"turns":4.0},{"damage":31.0,"enemies":"Gremlin Nob","floor":10.0,"turns":5.0},{"damage":7.0,"enemies":"Large Slime","floor":12.0,"turns":5.0},{"damage":7.0,"enemies":"Lots of Slimes","floor":13.0,"turns":5.0},{"damage":36.0,"enemies":"Slime Boss","floor":16.0,"turns":8.0},{"damage":10.0,"enemies":"3 Byrds","floor":18.0,"turns":5.0},{"damage":7.0,"enemies":"2 Thieves","floor":19.0,"turns":4.0},{"damage":19.0,"enemies":"Sentry and Sphere","floor":21.0,"turns":9.0},{"damage":10.0,"enemies":"Snake Plant","floor":23.0,"turns":6.0},{"damage":70,"enemies":"Book of Stabbing","floor":27,"turns":10}],"seed_played":"-855196214559113970","potions_obtained":[{"floor":1.0,"key":"Poison Potion"},{"floor":7.0,"key":"Swift Potion"},{"floor":10.0,"key":"SmokeBomb"},{"floor":13.0,"key":"PowerPotion"}],"is_trial":false,"path_per_floor":["M","?","?","$","M","R","E","M","T","E","R","M","M","$","R","B",null,"M","M","?","M","?","M","$","R","T","E"],"character_chosen":"DEFECT","items_purchased":["Hologram","Ball Lightning","Hologram","Orichalcum","Scrape"],"campfire_rested":2,"item_purchase_floors":[4,4,14,14,24],"current_hp_per_floor":[54,54,75,75,75,75,61,61,61,30,67,60,53,53,53,17,75,65,58,58,39,39,29,29,66,66,0],"gold":131,"neow_bonus":"ONE_RARE_RELIC","is_prod":false,"is_daily":false,"chose_seed":false,"campfire_upgraded":2,"win_rate":0,"timestamp":1568173204,"path_taken":["M","?","?","$","M","R","E","M","T","E","R","M","M","$","R","BOSS","M","M","?","M","?","M","?","R","T","E"],"build_version":"2019-07-17","purchased_purges":0,"victory":false,"max_hp_per_floor":[75,75,75,75,75,75,75,75,75,75,75,75,75,75,75,75,75,75,75,75,75,75,75,75,75,75,75],"card_choices":[{"not_picked":["Self Repair","Streamline"],"picked":"Coolheaded","floor":1.0},{"not_picked":["Aggregate","Sweeping Beam"],"picked":"Static Discharge","floor":5.0},{"not_picked":["Rip and Tear","Chaos"],"picked":"Recycle","floor":7.0},{"not_picked":["Coolheaded","Hologram"],"picked":"Redo","floor":8.0},{"not_picked":["Amplify","Tempest"],"picked":"Heatsinks","floor":10.0},{"not_picked":["Doom and Gloom","Compile Driver"],"picked":"Turbo","floor":11.0},{"not_picked":["Rebound","Skim"],"picked":"Go for the Eyes","floor":12.0},{"not_picked":["Coolheaded","Loop"],"picked":"Stack","floor":13.0},{"not_picked":["Electrodynamics","Hyperbeam"],"picked":"All For One","floor":16.0},{"not_picked":["Tempest","Compile Driver"],"picked":"Go for the Eyes","floor":18.0},{"not_picked":["Sweeping Beam","Leap"],"picked":"Hologram","floor":19.0},{"not_picked":["Streamline","Force Field"],"picked":"Doom and Gloom+1","floor":21.0},{"not_picked":["Skim","Sweeping Beam+1"],"picked":"Glacier","floor":23.0},{"not_picked":["Beam Cell+1","Tempest"],"picked":"Undo","floor":25.0}],"player_experience":106788,"relics_obtained":[{"floor":7.0,"key":"Ancient Tea Set"},{"floor":9.0,"key":"Dream Catcher"},{"floor":10.0,"key":"Regal Pillow"},{"floor":26.0,"key":"Oddly Smooth Stone"}],"event_choices":[{"damage_healed":0.0,"max_hp_gain":0.0,"max_hp_loss":0.0,"gold_gain":0.0,"event_name":"Golden Idol","player_choice":"Take Wound","floor":2.0,"gold_loss":0.0,"damage_taken":0.0,"relics_obtained":["Golden Idol"],"cards_obtained":["Injury"]},{"damage_healed":25.0,"max_hp_gain":0.0,"max_hp_loss":0.0,"gold_gain":0.0,"event_name":"Big Fish","player_choice":"Banana","floor":3.0,"gold_loss":0.0,"damage_taken":0.0},{"damage_healed":0.0,"max_hp_gain":0.0,"max_hp_loss":0.0,"gold_gain":0.0,"event_name":"The Mausoleum","player_choice":"Opened","floor":20.0,"gold_loss":0.0,"damage_taken":0.0,"relics_obtained":["Ornamental Fan"]}],"is_beta":false,"boss_relics":[{"not_picked":["Empty Cage","Black Star"],"picked":"Runic Pyramid"}],"items_purged_floors":[],"is_endless":false,"potions_floor_spawned":[1,7,10,12,13,19,21],"killed_by":"Book of Stabbing","ascension_level":0}