{"gold_per_floor":[115,130,147,6,26,56,56,75,102,102,119,89],"floor_reached":12,"playtime":429,"items_purged":[],"score":90,"play_id":"4a88fe3b-aec1-4e2a-a8e2-9df811f5d947","local_time":"20190912151059","is_ascension_mode":true,"campfire_choices":[{"floor":7,"key":"REST"},{"floor":10,"key":"REST"}],"neow_cost":"NONE","seed_source_timestamp":16425800319535,"circlet_count":0,"master_deck":["Strike_P","Strike_P","Strike_P","Defend_P","Defend_P","Defend_P","Defend_P","Eruption","Vigilance","Pray","ForeignInfluence","EmptyMind","FlyingSleeves","FearNoEvil","FollowUp","Protect","Conclude","Crescendo"],"relics":["PureWater","TeardropLocket","MealTicket"],"potions_floor_usage":[6,11,12],"damage_taken":[{"damage":11,"enemies":"Cultist","floor":1,"turns":4},{"damage":0,"enemies":"Small Slimes","floor":2,"turns":3},{"damage":2,"enemies":"Jaw Worm","floor":3,"turns":3},{"damage":3,"enemies":"3 Louse","floor":5,"turns":2},{"damage":48,"enemies":"3 Sentries","floor":6,"turns":9},{"damage":8,"enemies":"Blue Slaver","floor":8,"turns":4},{"damage":13,"enemies":"Large Slime","floor":11,"turns":4},{"damage":18,"enemies":"Exordium Thugs","floor":12,"turns":2}],"seed_played":"4479018301866884216","potions_obtained":[{"floor":1,"key":"Weak Potion"},{"floor":5,"key":"SmokeBomb"},{"floor":8,"key":"SkillPotion"}],"is_trial":false,"path_per_floor":["M","M","M","$","M","E","R","M","T","R","M","M"],"character_chosen":"WATCHER","items_purchased":["FearNoEvil","StancePotion"],"campfire_rested":2,"item_purchase_floors":[4,4],"current_hp_per_floor":[54,54,52,52,49,1,20,12,12,31,18,0],"gold":89,"neow_bonus":"TRANSFORM_CARD","is_prod":false,"is_daily":false,"chose_seed":false,"campfire_upgraded":0,"win_rate":0,"timestamp":1568265059,"path_taken":["M","M","?","$","M","E","R","M","T","R","M","?"],"build_version":"2019-09-10","purchased_purges":0,"victory":false,"max_hp_per_floor":[65,65,65,65,65,65,65,65,65,65,65,65],"card_choices":[{"not_picked":["CleanseEvil","Consecrate"],"picked":"ForeignInfluence","floor":1},{"not_picked":["Scrawl","Weave"],"picked":"EmptyMind","floor":2},{"not_picked":["BowlingBash","Prostrate"],"picked":"FlyingSleeves","floor":3},{"not_picked":["Worship","CrushJoints"],"picked":"FollowUp","floor":5},{"not_picked":["CutThroughFate","ThirdEye"],"picked":"Protect","floor":6},{"not_picked":["ClearTheMind","Consecrate"],"picked":"Conclude","floor":8},{"not_picked":["FollowUp","FearNoEvil"],"picked":"Crescendo","floor":11}],"player_experience":1312383,"relics_obtained":[{"floor":6,"key":"TeardropLocket"},{"floor":9,"key":"MealTicket"}],"event_choices":[],"is_beta":true,"boss_relics":[],"items_purged_floors":[],"is_endless":false,"potions_floor_spawned":[1,5,8],"killed_by":"Exordium Thugs","ascension_level":2}