{"gold_per_floor":[117,132,146,157,168,187,43,43,43,43,75,75,102,67,67,67],"floor_reached":16,"playtime":706,"items_purged":["Strike_G"],"score":190,"play_id":"ade8b761-a31b-4268-aad0-6d0b6436f3b3","local_time":"20181219115057","is_ascension_mode":true,"campfire_choices":[{"floor":8,"key":"REST"},{"floor":12,"key":"REST"},{"data":"Backflip","floor":15,"key":"SMITH"}],"neow_cost":"NONE","seed_source_timestamp":490850928718389,"circlet_count":0,"master_deck":["AscendersBane","Defend_G","Defend_G","Defend_G","Defend_G","Defend_G","Strike_G","Strike_G","Strike_G","Strike_G","Survivor","Neutralize","Cloak And Dagger","Dagger Spray","Quick Slash","Poisoned Stab","Backstab","Crippling Poison","Die Die Die","Backflip+1"],"relics":["Black Star","Art of War","Calipers","Letter Opener","Vajra"],"potions_floor_usage":[16,16],"damage_taken":[{"damage":5,"enemies":"Cultist","floor":1,"turns":5},{"damage":6,"enemies":"Jaw Worm","floor":2,"turns":4},{"damage":0,"enemies":"2 Louse","floor":3,"turns":4},{"damage":11,"enemies":"Looter","floor":4,"turns":4},{"damage":11,"enemies":"Exordium Thugs","floor":5,"turns":5},{"damage":3,"enemies":"Blue Slaver","floor":6,"turns":4},{"damage":36,"enemies":"Gremlin Nob","floor":11,"turns":5},{"damage":10,"enemies":"3 Sentries","floor":13,"turns":6},{"damage":36,"enemies":"Hexaghost","floor":16,"turns":11}],"seed_played":"3943891836609437496","potions_obtained":[{"floor":3,"key":"GhostInAJar"},{"floor":5,"key":"LiquidBronze"},{"floor":6,"key":"Dexterity Potion"}],"is_trial":false,"path_per_floor":["M","M","M","M","M","M","$","R","T","$","E","R","E","?","R","B"],"character_chosen":"THE_SILENT","items_purchased":["Die Die Die"],"campfire_rested":2,"item_purchase_floors":[7],"current_hp_per_floor":[54,48,48,37,26,23,23,42,42,42,6,25,15,31,31,0],"gold":67,"neow_bonus":"BOSS_RELIC","is_prod":false,"is_daily":false,"chose_seed":false,"campfire_upgraded":1,"win_rate":0,"timestamp":1545238257,"path_taken":["M","M","M","M","M","M","$","R","T","?","E","R","E","?","R","BOSS"],"build_version":"2018-12-13","purchased_purges":1,"victory":false,"max_hp_per_floor":[66,66,66,66,66,66,66,66,66,66,66,66,66,66,66,66],"card_choices":[{"not_picked":["Blade Dance","Deadly Poison"],"picked":"Cloak And Dagger","floor":1},{"not_picked":["Underhanded Strike","Leg Sweep"],"picked":"Dagger Spray","floor":2},{"not_picked":["Flechettes","Dodge and Roll"],"picked":"Quick Slash","floor":3},{"not_picked":["Bane","Setup"],"picked":"Poisoned Stab","floor":4},{"not_picked":["Slice","Prepared"],"picked":"Backstab","floor":5},{"not_picked":["Poisoned Stab","Expertise"],"picked":"Crippling Poison","floor":6},{"not_picked":["After Image","Distraction","Underhanded Strike"],"picked":"SKIP","floor":11},{"not_picked":["Outmaneuver","Sucker Punch"],"picked":"Backflip","floor":13}],"player_experience":903356,"relics_obtained":[{"floor":11,"key":"Art of War"},{"floor":11,"key":"Calipers"},{"floor":13,"key":"Letter Opener"},{"floor":13,"key":"Vajra"}],"event_choices":[{"damage_healed":16,"gold_gain":0,"player_choice":"Healed","damage_taken":0,"max_hp_gain":0,"max_hp_loss":0,"event_name":"The Cleric","floor":14,"gold_loss":35}],"is_beta":false,"boss_relics":[],"items_purged_floors":[7],"is_endless":false,"potions_floor_spawned":[3,5,6,13],"killed_by":"Hexaghost","ascension_level":14}