{"gold_per_floor":[119,138,148,168,188,188,202,202,229,245,265,283,283,283],"floor_reached":14,"playtime":641,"items_purged":[],"score":132,"play_id":"869eda62-eeda-4019-a259-505fe2e10f86","local_time":"20181106012202","is_ascension_mode":true,"campfire_choices":[{"data":"Genetic Algorithm","floor":6,"key":"SMITH"}],"neow_cost":"PERCENT_DAMAGE","seed_source_timestamp":798292000887898,"circlet_count":0,"master_deck":["AscendersBane","Strike_B","Defend_B","Defend_B","Defend_B","Defend_B","Zap","Dualcast","Conserve Battery","Genetic Algorithm+1","Rainbow+1","Fusion","Gash+1","Reinforced Body","Gash"],"relics":["Cracked Core","Bag of Marbles"],"potions_floor_usage":[7,14,14],"damage_taken":[{"damage":0,"enemies":"2 Louse","floor":1,"turns":2},{"damage":0,"enemies":"Cultist","floor":2,"turns":4},{"damage":4,"enemies":"Small Slimes","floor":3,"turns":4},{"damage":25,"enemies":"Exordium Wildlife","floor":4,"turns":9},{"damage":4,"enemies":"2 Fungi Beasts","floor":5,"turns":4},{"damage":4,"enemies":"3 Louse","floor":7,"turns":5},{"damage":0,"enemies":"Large Slime","floor":10,"turns":5},{"damage":0,"enemies":"2 Fungi Beasts","floor":11,"turns":4},{"damage":1,"enemies":"Blue Slaver","floor":12,"turns":4},{"damage":15,"enemies":"3 Sentries","floor":14,"turns":4}],"seed_played":"-7925391070553982915","potions_obtained":[{"floor":4,"key":"Regen Potion"},{"floor":5,"key":"Energy Potion"},{"floor":10,"key":"Poison Potion"}],"is_trial":false,"path_per_floor":["M","M","M","M","M","R","M","?","T","M","M","M","?","E"],"character_chosen":"DEFECT","items_purchased":[],"campfire_rested":0,"item_purchase_floors":[],"current_hp_per_floor":[50,50,46,21,17,17,27,27,27,27,27,26,11,0],"gold":283,"neow_bonus":"REMOVE_TWO","is_prod":false,"is_daily":false,"chose_seed":false,"campfire_upgraded":1,"win_rate":0,"timestamp":1541485322,"path_taken":["M","M","M","M","M","R","M","?","T","M","?","M","?","E"],"build_version":"2018-11-01","purchased_purges":0,"victory":false,"max_hp_per_floor":[75,75,75,75,75,75,75,75,75,75,75,75,75,75],"card_choices":[{"not_picked":["Ball Lightning","Beam Cell"],"picked":"Conserve Battery","floor":1},{"not_picked":["Reprogram","Steam Power","Redo"],"picked":"SKIP","floor":2},{"not_picked":["Go for the Eyes","Leap"],"picked":"Genetic Algorithm","floor":3},{"not_picked":["Conserve Battery","Reinforced Body"],"picked":"Rainbow","floor":4},{"not_picked":["Go for the Eyes","Undo"],"picked":"Fusion","floor":5},{"not_picked":["Rebound","Redo"],"picked":"Gash","floor":7},{"not_picked":["Hologram","Chaos"],"picked":"Reinforced Body","floor":10},{"not_picked":["Stack","White Noise","Go for the Eyes"],"picked":"SKIP","floor":11},{"not_picked":["Barrage","Cold Snap"],"picked":"Gash","floor":12}],"player_experience":630119,"relics_obtained":[{"floor":9,"key":"Bag of Marbles"}],"event_choices":[{"cards_removed":["Strike_B"],"damage_healed":0,"gold_gain":0,"player_choice":"Offered Basic","damage_taken":0,"max_hp_gain":0,"max_hp_loss":0,"event_name":"Bonfire Elementals","floor":8,"gold_loss":0},{"damage_healed":0,"gold_gain":0,"player_choice":"Entered Light","damage_taken":15,"max_hp_gain":0,"max_hp_loss":0,"event_name":"Shining Light","floor":13,"gold_loss":0,"cards_upgraded":["Rainbow","Gash"]}],"is_beta":false,"boss_relics":[],"items_purged_floors":[],"is_endless":false,"potions_floor_spawned":[4,5,10],"killed_by":"3 Sentries","ascension_level":10}