{"gold_per_floor":[366,381,381,32,49,49,49,60,60,70,70,87,109,122,122,221,221,231,250,39,55,55,55,55,65,117,216,233,233,233,247,247,352,352,363,383,85,85,35,54,74,93,93,93,109,209,228,228,228,228],"floor_reached":51,"playtime":3930,"items_purged":[],"score":645,"play_id":"469b0ec1-cc3a-43ce-9522-2643c208efdc","local_time":"20190323053024","is_ascension_mode":false,"campfire_choices":[{"floor":6,"key":"REST"},{"data":"Defragment","floor":11,"key":"SMITH"},{"floor":15,"key":"REST"},{"floor":23,"key":"REST"},{"data":"Redo","floor":24,"key":"SMITH"},{"data":"Zap","floor":29,"key":"SMITH"},{"data":"Echo Form","floor":32,"key":"SMITH"},{"floor":44,"key":"REST"},{"data":"Storm","floor":49,"key":"SMITH"}],"neow_cost":"PERCENT_DAMAGE","seed_source_timestamp":23630762647214,"circlet_count":0,"master_deck":["Strike_B","Strike_B","Strike_B","Strike_B","Defend_B","Defend_B","Defend_B","Defend_B","Zap+1","Dualcast","Ball Lightning","Electrodynamics","Defragment+1","Amplify","Redo+1","Hologram","Turbo","Scrape","Dark Shackles","Conserve Battery","Force Field","Doom and Gloom","Hologram","Self Repair","Thunder Strike","Rebound","Beam Cell","Storm+1","Flash of Steel","Leap","Cold Snap","Tempest","Echo Form+1","Streamline+1","Biased Cognition","Streamline+1","Defragment+1","Conserve Battery","Apotheosis","Finesse","Hologram","Self Repair+1","Steam Power+1","Hello World+1","Steam+1","Steam Power","Force Field+1"],"relics":["FrozenCore","Thread and Needle","Lantern","WingedGreaves","Odd Mushroom","Inserter","Ancient Tea Set","Membership Card","Omamori","Smiling Mask","Prayer Wheel"],"potions_floor_usage":[16,18,19,33,36,36,40,42,47],"damage_taken":[{"damage":2,"enemies":"Small Slimes","floor":1,"turns":3},{"damage":1,"enemies":"Cultist","floor":2,"turns":3},{"damage":0,"enemies":"2 Louse","floor":5,"turns":1},{"damage":3,"enemies":"Blue Slaver","floor":8,"turns":3},{"damage":0,"enemies":"3 Louse","floor":10,"turns":1},{"damage":6,"enemies":"Exordium Thugs","floor":12,"turns":2},{"damage":15,"enemies":"The Mushroom Lair","floor":13,"turns":3},{"damage":0,"enemies":"2 Fungi Beasts","floor":14,"turns":2},{"damage":2,"enemies":"Slime Boss","floor":16,"turns":6},{"damage":0,"enemies":"Chosen","floor":18,"turns":5},{"damage":13,"enemies":"Spheric Guardian","floor":19,"turns":5},{"damage":28,"enemies":"Cultist and Chosen","floor":21,"turns":7},{"damage":17,"enemies":"Snake Plant","floor":25,"turns":3},{"damage":11,"enemies":"Chosen and Byrds","floor":28,"turns":3},{"damage":5,"enemies":"Centurion and Healer","floor":31,"turns":7},{"damage":46,"enemies":"Champ","floor":33,"turns":9},{"damage":23,"enemies":"3 Darklings","floor":35,"turns":6},{"damage":10,"enemies":"3 Shapes","floor":36,"turns":4},{"damage":8,"enemies":"Spire Growth","floor":40,"turns":8},{"damage":0,"enemies":"Writhing Mass","floor":41,"turns":7},{"damage":13,"enemies":"Transient","floor":42,"turns":5},{"damage":14,"enemies":"Jaw Worm Horde","floor":45,"turns":3},{"damage":0,"enemies":"Mind Bloom Boss Battle","floor":46,"turns":7},{"damage":14,"enemies":"Spire Growth","floor":47,"turns":7},{"damage":42,"enemies":"Time Eater","floor":50,"turns":11}],"seed_played":"2746465740858960160","potions_obtained":[{"floor":2,"key":"Dexterity Potion"},{"floor":8,"key":"Energy Potion"},{"floor":12,"key":"FearPotion"},{"floor":16,"key":"Block Potion"},{"floor":21,"key":"FairyPotion"},{"floor":28,"key":"SteroidPotion"},{"floor":35,"key":"PowerPotion"},{"floor":36,"key":"GamblersBrew"},{"floor":41,"key":"SpeedPotion"},{"floor":46,"key":"Poison Potion"}],"is_trial":false,"path_per_floor":["M","M","?","$","M","R","?","M","T","M","R","M","?","M","R","B",null,"M","M","$","M","?","R","R","M","T","?","M","R","?","M","R","B",null,"M","M","$","?","?","M","M","M","T","R","M","?","M","?","R","B",null],"character_chosen":"DEFECT","items_purchased":["Lantern","Defragment","Amplify","Redo","Storm","Flash of Steel","Leap","Conserve Battery","Go for the Eyes","Membership Card"],"campfire_rested":4,"item_purchase_floors":[4,4,4,4,20,20,20,37,37,37],"current_hp_per_floor":[52,51,26,26,26,48,48,45,45,45,45,39,24,24,46,51,75,75,69,69,48,48,70,70,60,60,60,56,56,56,51,51,19,75,59,56,56,51,51,43,53,40,40,62,48,58,74,74,74,39],"gold":228,"neow_bonus":"TWO_FIFTY_GOLD","is_prod":false,"is_daily":false,"chose_seed":false,"campfire_upgraded":5,"win_rate":0.0,"timestamp":1553283024,"path_taken":["M","M","?","$","M","R","?","M","T","?","R","M","?","M","R","BOSS","M","M","$","M","?","R","R","M","T","?","M","R","?","?","R","BOSS","M","M","$","?","?","M","M","?","T","R","M","?","M","?","R","BOSS"],"build_version":"2019-01-23","purchased_purges":0,"victory":true,"max_hp_per_floor":[75,75,75,75,75,75,75,75,75,75,75,75,75,75,75,75,75,75,75,75,75,75,75,75,75,75,75,75,75,75,75,75,75,75,75,75,75,75,75,75,75,75,75,75,75,75,75,75,75,75],"card_choices":[{"not_picked":["Go for the Eyes","Stack"],"picked":"Ball Lightning","floor":1},{"not_picked":["Compile Driver","Turbo"],"picked":"Electrodynamics","floor":2},{"not_picked":["Steam","Leap"],"picked":"Hologram","floor":5},{"not_picked":["Compile Driver","Ball Lightning"],"picked":"Conserve Battery","floor":8},{"not_picked":["Aggregate","Rip and Tear"],"picked":"Force Field","floor":10},{"not_picked":["Stack","Turbo"],"picked":"Doom and Gloom","floor":12},{"not_picked":["Streamline","Reinforced Body"],"picked":"Hologram","floor":13},{"not_picked":["Scrape","Turbo"],"picked":"Self Repair","floor":14},{"not_picked":["Reboot","All For One"],"picked":"Thunder Strike","floor":16},{"not_picked":["Sweeping Beam","Rip and Tear"],"picked":"Rebound","floor":18},{"not_picked":["Auto Shields","Turbo"],"picked":"Beam Cell","floor":19},{"not_picked":["Turbo+1","Double Energy"],"picked":"Cold Snap","floor":21},{"not_picked":["Beam Cell","Gash"],"picked":"Tempest","floor":25},{"not_picked":["Skim","Melter"],"picked":"Echo Form","floor":28},{"not_picked":["Beam Cell","Blizzard"],"picked":"Streamline+1","floor":31},{"not_picked":["Hyperbeam","Buffer"],"picked":"Biased Cognition","floor":33},{"not_picked":["Recycle","Turbo+1"],"picked":"Streamline+1","floor":35},{"not_picked":["Gash","Fusion+1"],"picked":"Defragment+1","floor":36},{"not_picked":["Dramatic Entrance","PanicButton"],"picked":"Apotheosis","floor":38},{"not_picked":["Mind Blast","Good Instincts"],"picked":"Finesse","floor":38},{"not_picked":["Gash+1","Leap"],"picked":"Hologram","floor":40},{"not_picked":["Echo Form","Steam Power"],"picked":"Self Repair+1","floor":41},{"not_picked":["Gash+1","Rebound"],"picked":"Steam Power+1","floor":42},{"not_picked":["Coolheaded+1","Ball Lightning+1"],"picked":"Hello World+1","floor":45},{"not_picked":["Turbo","Scrape"],"picked":"Steam+1","floor":46},{"not_picked":["Coolheaded","Beam Cell+1"],"picked":"Steam Power","floor":47},{"not_picked":["Sunder+1","Streamline+1"],"picked":"Force Field+1","floor":47}],"player_experience":60197,"relics_obtained":[{"floor":9,"key":"WingedGreaves"},{"floor":13,"key":"Odd Mushroom"},{"floor":26,"key":"Ancient Tea Set"},{"floor":43,"key":"Smiling Mask"},{"floor":46,"key":"Prayer Wheel"}],"event_choices":[{"damage_healed":0,"gold_gain":0,"player_choice":"Success","damage_taken":25,"relics_obtained":["Thread and Needle"],"max_hp_gain":0,"max_hp_loss":0,"event_name":"Scrap Ooze","floor":3,"gold_loss":0},{"damage_healed":0,"gold_gain":0,"player_choice":"3 cards matched","damage_taken":0,"max_hp_gain":0,"max_hp_loss":0,"event_name":"Match and Keep!","floor":7,"gold_loss":0,"cards_obtained":["Turbo","Scrape","Dark Shackles"]},{"damage_healed":0,"gold_gain":0,"player_choice":"Fought Mushrooms","damage_taken":0,"max_hp_gain":0,"max_hp_loss":0,"event_name":"Mushrooms","floor":13,"gold_loss":0},{"damage_healed":0,"gold_gain":0,"player_choice":"Ignored","damage_taken":0,"max_hp_gain":0,"max_hp_loss":0,"event_name":"Vampires","floor":22,"gold_loss":0},{"damage_healed":0,"gold_gain":99,"player_choice":"Stole From Cult","damage_taken":0,"max_hp_gain":0,"max_hp_loss":0,"event_name":"Nest","floor":27,"gold_loss":0},{"damage_healed":0,"gold_gain":0,"player_choice":"Ignored","damage_taken":0,"max_hp_gain":0,"max_hp_loss":0,"event_name":"NoteForYourself","floor":30,"gold_loss":0},{"damage_healed":0,"gold_gain":0,"player_choice":"Memory 2","damage_taken":5,"max_hp_gain":0,"max_hp_loss":0,"event_name":"SensoryStone","floor":38,"gold_loss":0},{"damage_healed":0,"gold_gain":0,"player_choice":"Paid Gold","damage_taken":0,"relics_obtained":["Omamori"],"max_hp_gain":0,"max_hp_loss":0,"event_name":"WeMeetAgain","floor":39,"gold_loss":50},{"damage_healed":0,"gold_gain":0,"player_choice":"Fight","damage_taken":0,"max_hp_gain":0,"max_hp_loss":0,"event_name":"MindBloom","floor":46,"gold_loss":0},{"cards_removed":["Go for the Eyes"],"damage_healed":0,"gold_gain":0,"player_choice":"Removed Attack","damage_taken":0,"max_hp_gain":0,"max_hp_loss":0,"event_name":"Falling","floor":48,"gold_loss":0}],"is_beta":false,"boss_relics":[{"not_picked":["Snecko Eye","Calling Bell"],"picked":"Inserter"},{"not_picked":["Sozu","Tiny House"],"picked":"FrozenCore"}],"items_purged_floors":[],"is_endless":false,"potions_floor_spawned":[2,8,12,13,16,21,28,31,35,36,41,46],"ascension_level":0}