{"gold_per_floor":[109,119,134,144,160,193,193,223,223,238,254,254,204,204,204,204],"floor_reached":16,"playtime":605,"items_purged":[],"score":171,"play_id":"55681454-d140-4d3b-b4bb-d70ae9b3911d","local_time":"20190607054553","is_ascension_mode":true,"campfire_choices":[{"data":"Armaments","floor":7,"key":"SMITH"},{"floor":12,"key":"REST"},{"data":"Uppercut","floor":15,"key":"SMITH"}],"neow_cost":"NONE","seed_source_timestamp":38707573996914,"circlet_count":0,"master_deck":["AscendersBane","Strike_R","Strike_R","Strike_R","Strike_R","Strike_R","Defend_R","Defend_R","Defend_R+1","Defend_R","Bash","Limit Break","Intimidate+1","Power Through","Hemokinesis","Armaments+1","Metallicize","Pommel Strike","Metallicize","Immolate","Uppercut+1"],"relics":["Burning Blood","War Paint","Potion Belt"],"potions_floor_usage":[6,6,16],"damage_taken":[{"damage":6,"enemies":"2 Louse","floor":1,"turns":5},{"damage":6,"enemies":"Small Slimes","floor":2,"turns":5},{"damage":11,"enemies":"Jaw Worm","floor":3,"turns":4},{"damage":12,"enemies":"Red Slaver","floor":4,"turns":4},{"damage":9,"enemies":"Large Slime","floor":5,"turns":8},{"damage":17,"enemies":"Gremlin Nob","floor":6,"turns":4},{"damage":22,"enemies":"Lagavulin","floor":8,"turns":7},{"damage":2,"enemies":"2 Fungi Beasts","floor":10,"turns":6},{"damage":15,"enemies":"Lots of Slimes","floor":11,"turns":4},{"damage":50,"enemies":"Slime Boss","floor":16,"turns":9}],"seed_played":"6301741726218868297","potions_obtained":[{"floor":2,"key":"Energy Potion"},{"floor":3,"key":"SteroidPotion"},{"floor":6,"key":"Ancient Potion"},{"floor":8,"key":"GamblersBrew"}],"is_trial":false,"path_per_floor":["M","M","M","M","M","E","R","E","T","M","M","R","?","?","R","B"],"character_chosen":"IRONCLAD","items_purchased":[],"campfire_rested":1,"item_purchase_floors":[],"current_hp_per_floor":[72,72,67,61,58,47,47,31,31,35,26,50,50,50,50,0],"gold":204,"neow_bonus":"ONE_RANDOM_RARE_CARD","is_prod":false,"is_daily":false,"chose_seed":false,"campfire_upgraded":2,"win_rate":0,"timestamp":1559850353,"path_taken":["M","M","M","M","M","E","R","E","T","M","M","R","?","?","R","BOSS"],"build_version":"2019-01-23","purchased_purges":0,"victory":false,"max_hp_per_floor":[80,80,80,80,80,80,80,80,80,80,80,80,80,80,80,80],"card_choices":[{"not_picked":["Warcry","Sever Soul"],"picked":"Intimidate","floor":1},{"not_picked":["Reckless Charge","Shrug It Off"],"picked":"Power Through","floor":2},{"not_picked":["Searing Blow","Body Slam"],"picked":"Hemokinesis","floor":3},{"not_picked":["Wild Strike","Rupture"],"picked":"Armaments","floor":4},{"not_picked":["Sword Boomerang","Flex"],"picked":"Metallicize","floor":5},{"not_picked":["Anger","Dropkick"],"picked":"Pommel Strike","floor":6},{"not_picked":["Havoc","Iron Wave"],"picked":"Metallicize","floor":8},{"not_picked":["Wild Strike","Anger"],"picked":"Immolate","floor":10},{"not_picked":["Intimidate","Iron Wave"],"picked":"Uppercut","floor":11}],"player_experience":822317,"relics_obtained":[{"floor":6,"key":"War Paint"},{"floor":8,"key":"Potion Belt"}],"event_choices":[{"damage_healed":0,"gold_gain":0,"player_choice":"Left Gold","damage_taken":0,"max_hp_gain":0,"max_hp_loss":0,"event_name":"World of Goop","floor":13,"gold_loss":50},{"damage_healed":0,"gold_gain":0,"player_choice":"Ignored","damage_taken":0,"max_hp_gain":0,"max_hp_loss":0,"event_name":"Liars Game","floor":14,"gold_loss":0}],"is_beta":false,"boss_relics":[],"items_purged_floors":[],"is_endless":false,"potions_floor_spawned":[2,3,6,8],"killed_by":"Slime Boss","ascension_level":10}