{"gold_per_floor":[111,111,135,210,226,226,265,265,265,230,274,31,75,89,89,184,184,203,221,244,244],"floor_reached":21,"playtime":864,"items_purged":["Injury"],"score":348,"play_id":"4835453b-44c9-45ad-a057-edf88aadee96","local_time":"20190723035237","is_ascension_mode":true,"campfire_choices":[{"data":"Leap","floor":6,"key":"SMITH"},{"data":"Zap","floor":8,"key":"SMITH"},{"floor":15,"key":"REST"}],"neow_cost":"NONE","seed_source_timestamp":29380088026242,"circlet_count":0,"master_deck":["AscendersBane","Strike_B","Strike_B","Strike_B","Strike_B","Defend_B","Defend_B","Defend_B","Defend_B","Zap+1","Dualcast","Leap+1","Cold Snap","Conserve Battery","Ball Lightning","Electrodynamics","Loop","Turbo","Sunder","Cold Snap","Creative AI","Coolheaded","Capacitor","Consume+1"],"relics":["Cracked Core","NeowsBlessing","Golden Idol","Meat on the Bone","Singing Bowl","Smiling Mask","Potion Belt","Sozu"],"potions_floor_usage":[7,13,21],"damage_taken":[{"damage":0,"enemies":"2 Louse","floor":1,"turns":1},{"damage":0,"enemies":"Jaw Worm","floor":3,"turns":1},{"damage":0,"enemies":"Cultist","floor":5,"turns":1},{"damage":13,"enemies":"3 Sentries","floor":7,"turns":10},{"damage":3,"enemies":"Gremlin Nob","floor":11,"turns":4},{"damage":18,"enemies":"Lagavulin","floor":13,"turns":5},{"damage":0,"enemies":"Gremlin Gang","floor":14,"turns":2},{"damage":25,"enemies":"Hexaghost","floor":16,"turns":13},{"damage":11,"enemies":"2 Thieves","floor":18,"turns":3},{"damage":6,"enemies":"Spheric Guardian","floor":19,"turns":3},{"damage":31,"enemies":"Centurion and Healer","floor":20,"turns":7},{"damage":37,"enemies":"Cultist and Chosen","floor":21,"turns":5}],"seed_played":"-1775518409390826363","potions_obtained":[{"floor":1,"key":"SkillPotion"},{"floor":11,"key":"AttackPotion"},{"floor":13,"key":"LiquidBronze"},{"floor":16,"key":"GamblersBrew"}],"is_trial":false,"path_per_floor":["M","?","M","?","M","R","E","R","T","?","E","$","E","M","R","B",null,"M","M","M","M"],"character_chosen":"DEFECT","items_purchased":["Loop","Turbo","Sunder"],"campfire_rested":1,"item_purchase_floors":[12,12,12],"current_hp_per_floor":[64,64,64,53,53,53,40,40,40,57,54,54,36,38,59,46,66,55,49,30,0],"gold":244,"neow_bonus":"THREE_ENEMY_KILL","is_prod":false,"is_daily":false,"chose_seed":false,"campfire_upgraded":2,"win_rate":0,"timestamp":1563817957,"path_taken":["M","?","M","?","M","R","E","R","T","?","E","$","E","M","R","BOSS","M","M","M","M"],"build_version":"2019-07-17","purchased_purges":1,"victory":false,"max_hp_per_floor":[71,71,71,71,71,71,71,71,71,71,71,71,71,73,73,73,73,73,73,73,73],"card_choices":[{"not_picked":["Double Energy","Hologram"],"picked":"Leap","floor":1},{"not_picked":["Rip and Tear","Steam"],"picked":"Cold Snap","floor":3},{"not_picked":["Beam Cell","Redo"],"picked":"Conserve Battery","floor":5},{"not_picked":["Turbo","Stack"],"picked":"Ball Lightning","floor":7},{"not_picked":["Turbo","Hologram"],"picked":"Electrodynamics","floor":11},{"not_picked":["Turbo","Fission"],"picked":"Cold Snap","floor":13},{"not_picked":["Double Energy","Auto Shields","Beam Cell"],"picked":"Singing Bowl","floor":14},{"not_picked":["Buffer","Amplify"],"picked":"Creative AI","floor":16},{"not_picked":["Rip and Tear","Double Energy"],"picked":"Coolheaded","floor":18},{"not_picked":["Lockon","FTL"],"picked":"Capacitor","floor":19},{"not_picked":["Hologram+1","Beam Cell"],"picked":"Consume+1","floor":20}],"player_experience":1069334,"relics_obtained":[{"floor":7,"key":"Meat on the Bone"},{"floor":9,"key":"Singing Bowl"},{"floor":11,"key":"Smiling Mask"},{"floor":13,"key":"Potion Belt"}],"event_choices":[{"damage_healed":0,"gold_gain":0,"player_choice":"Take Wound","damage_taken":0,"relics_obtained":["Golden Idol"],"max_hp_gain":0,"max_hp_loss":0,"event_name":"Golden Idol","floor":2,"gold_loss":0,"cards_obtained":["Injury"]},{"damage_healed":0,"gold_gain":75,"player_choice":"Gather Gold","damage_taken":11,"max_hp_gain":0,"max_hp_loss":0,"event_name":"World of Goop","floor":4,"gold_loss":0},{"damage_healed":17,"gold_gain":0,"player_choice":"Healed","damage_taken":0,"max_hp_gain":0,"max_hp_loss":0,"event_name":"The Cleric","floor":10,"gold_loss":35}],"is_beta":false,"boss_relics":[{"not_picked":["Tiny House","Inserter"],"picked":"Sozu"}],"items_purged_floors":[12],"is_endless":false,"potions_floor_spawned":[1,11,13,16],"killed_by":"Cultist and Chosen","ascension_level":15}