{"gold_per_floor":[113,113,130,95,108,140,140,140],"floor_reached":8,"playtime":279,"items_purged":[],"score":112,"play_id":"43e383d8-10e6-4899-9793-675cd6937279","local_time":"20190828180339","is_ascension_mode":true,"campfire_choices":[{"data":"Go for the Eyes","floor":7,"key":"SMITH"}],"neow_cost":"NONE","seed_source_timestamp":2774594958454346,"circlet_count":0,"master_deck":["AscendersBane","Strike_B","Strike_B","Strike_B","Strike_B","Defend_B","Defend_B","Defend_B","Defend_B","Zap","Dualcast","Scrape","Ball Lightning","Go for the Eyes+1","Stack+1"],"relics":["Cracked Core","Toxic Egg 2","Prayer Wheel"],"potions_floor_usage":[6,8],"damage_taken":[{"damage":19,"enemies":"Jaw Worm","floor":1,"turns":4},{"damage":0,"enemies":"2 Louse","floor":3,"turns":2},{"damage":7,"enemies":"Small Slimes","floor":5,"turns":3},{"damage":15,"enemies":"Lagavulin","floor":6,"turns":7},{"damage":35,"enemies":"3 Sentries","floor":8,"turns":6}],"seed_played":"4624091079221998602","potions_obtained":[{"floor":1,"key":"Weak Potion"},{"floor":6,"key":"Energy Potion"}],"is_trial":false,"path_per_floor":["M","?","M","?","M","E","R","E"],"character_chosen":"DEFECT","items_purchased":[],"campfire_rested":0,"item_purchase_floors":[],"current_hp_per_floor":[52,34,34,53,46,31,31,0],"gold":140,"neow_bonus":"TEN_PERCENT_HP_BONUS","is_prod":false,"is_daily":false,"chose_seed":false,"campfire_upgraded":1,"win_rate":0,"timestamp":1567029819,"path_taken":["M","?","M","?","M","E","R","E"],"build_version":"2019-07-17","purchased_purges":0,"victory":false,"max_hp_per_floor":[78,78,78,78,78,78,78,78],"card_choices":[{"not_picked":["Steam Power","Auto Shields"],"picked":"Scrape","floor":1},{"not_picked":["Force Field+1","Self Repair"],"picked":"Ball Lightning","floor":3},{"not_picked":["Sweeping Beam","Recycle+1"],"picked":"Go for the Eyes","floor":5},{"not_picked":["Conserve Battery+1","Static Discharge"],"picked":"Stack+1","floor":6}],"player_experience":1875272,"relics_obtained":[{"floor":6,"key":"Prayer Wheel"}],"event_choices":[{"damage_healed":0,"gold_gain":0,"player_choice":"Success","damage_taken":18,"relics_obtained":["Toxic Egg 2"],"max_hp_gain":0,"max_hp_loss":0,"event_name":"Scrap Ooze","floor":2,"gold_loss":0},{"damage_healed":19,"gold_gain":0,"player_choice":"Healed","damage_taken":0,"max_hp_gain":0,"max_hp_loss":0,"event_name":"The Cleric","floor":4,"gold_loss":35}],"is_beta":false,"boss_relics":[],"items_purged_floors":[],"is_endless":false,"potions_floor_spawned":[1,6],"killed_by":"3 Sentries","ascension_level":20}