{"gold_per_floor":[114,124,124,138,154,154,187,187,187,213,229,248,248,260,260,334,334,348,368,384,384],"floor_reached":21,"playtime":1327,"items_purged":[],"score":390,"play_id":"a9a7d259-365c-4485-9e9b-4fc4bf8c7b41","local_time":"20190113235337","is_ascension_mode":true,"campfire_choices":[{"data":"Neutralize","floor":6,"key":"SMITH"},{"data":"Dash","floor":8,"key":"SMITH"},{"data":"Malaise","floor":15,"key":"SMITH"}],"neow_cost":"NONE","seed_source_timestamp":411962099250407,"circlet_count":0,"master_deck":["AscendersBane","Defend_G","Defend_G","Defend_G","Defend_G","Defend_G","Strike_G","Strike_G","Strike_G","Strike_G","Strike_G","Survivor","Neutralize+1","Underhanded Strike","Dash+1","Dagger Spray","Dodge and Roll","Dagger Throw","Predator+1","PiercingWail","Blur","Malaise+1","Glass Knife+1","Cloak And Dagger","Noxious Fumes"],"relics":["Ring of the Snake","Vajra","Juzu Bracelet","Omamori","Molten Egg 2","Sozu"],"potions_floor_usage":[7,10,16],"damage_taken":[{"damage":0,"enemies":"Cultist","floor":1,"turns":3},{"damage":1,"enemies":"2 Louse","floor":2,"turns":3},{"damage":5,"enemies":"Small Slimes","floor":4,"turns":3},{"damage":2,"enemies":"3 Louse","floor":5,"turns":3},{"damage":22,"enemies":"Gremlin Nob","floor":7,"turns":4},{"damage":24,"enemies":"Lagavulin","floor":10,"turns":9},{"damage":0,"enemies":"2 Fungi Beasts","floor":11,"turns":2},{"damage":3,"enemies":"Exordium Thugs","floor":12,"turns":4},{"damage":11,"enemies":"Gremlin Gang","floor":14,"turns":5},{"damage":8,"enemies":"The Guardian","floor":16,"turns":16},{"damage":5,"enemies":"3 Byrds","floor":18,"turns":5},{"damage":20,"enemies":"Chosen","floor":19,"turns":4},{"damage":12,"enemies":"Snake Plant","floor":20,"turns":6},{"damage":15,"enemies":"Shelled Parasite and Fungi","floor":21,"turns":5}],"seed_played":"1859070035481074956","potions_obtained":[{"floor":2,"key":"Poison Potion"},{"floor":4,"key":"GhostInAJar"},{"floor":5,"key":"Dexterity Potion"},{"floor":14,"key":"SteroidPotion"}],"is_trial":false,"path_per_floor":["M","M","?","M","M","R","E","R","T","E","M","M","?","M","R","B",null,"M","M","M","M"],"character_chosen":"THE_SILENT","items_purchased":[],"campfire_rested":0,"item_purchase_floors":[],"current_hp_per_floor":[59,58,66,61,59,59,37,37,37,13,13,10,26,15,15,7,51,46,26,14,0],"gold":384,"neow_bonus":"RANDOM_COMMON_RELIC","is_prod":false,"is_daily":false,"chose_seed":false,"campfire_upgraded":3,"win_rate":0,"timestamp":1547441617,"path_taken":["M","M","?","?","M","R","E","R","T","E","M","M","?","M","R","BOSS","M","M","M","M"],"build_version":"2019-01-10","purchased_purges":0,"victory":false,"max_hp_per_floor":[66,66,66,66,66,66,66,66,66,66,66,66,66,66,66,66,66,66,66,66,66],"card_choices":[{"not_picked":["Blade Dance","Bouncing Flask"],"picked":"Underhanded Strike","floor":1},{"not_picked":["Escape Plan","Quick Slash"],"picked":"Dash","floor":2},{"not_picked":["Poisoned Stab","Dash"],"picked":"Dagger Spray","floor":4},{"not_picked":["Tactician","Deadly Poison"],"picked":"Dodge and Roll","floor":5},{"not_picked":["Dagger Spray","Endless Agony"],"picked":"Dagger Throw","floor":7},{"not_picked":["Dodge and Roll","Dagger Throw"],"picked":"Predator","floor":10},{"not_picked":["Poisoned Stab+1","Slice+1"],"picked":"PiercingWail","floor":11},{"not_picked":["Deflect","Riddle With Holes+1"],"picked":"Blur","floor":12},{"not_picked":["Outmaneuver","Dagger Throw+1"],"picked":"Malaise","floor":14},{"not_picked":["Night Terror","Corpse Explosion"],"picked":"Glass Knife+1","floor":16},{"not_picked":["Acrobatics","Blur"],"picked":"Cloak And Dagger","floor":18},{"not_picked":["Crippling Poison","Dagger Throw+1"],"picked":"Noxious Fumes","floor":19},{"not_picked":["Quick Slash+1","PiercingWail","Finisher+1"],"picked":"SKIP","floor":20}],"player_experience":1180481,"relics_obtained":[{"floor":7,"key":"Juzu Bracelet"},{"floor":9,"key":"Omamori"},{"floor":10,"key":"Molten Egg 2"}],"event_choices":[{"damage_healed":8,"gold_gain":0,"player_choice":"Full Heal","damage_taken":0,"max_hp_gain":0,"max_hp_loss":0,"event_name":"Wheel of Change","floor":3,"gold_loss":0},{"damage_healed":16,"gold_gain":0,"player_choice":"Healed and dodged fight","damage_taken":0,"max_hp_gain":0,"max_hp_loss":0,"event_name":"Mushrooms","floor":13,"gold_loss":0,"cards_obtained":["Parasite"]}],"is_beta":false,"boss_relics":[{"not_picked":["Ectoplasm","Eternal Feather"],"picked":"Sozu"}],"items_purged_floors":[],"is_endless":false,"potions_floor_spawned":[2,4,5,14,20],"killed_by":"Shelled Parasite and Fungi","ascension_level":20}