{"gold_per_floor":[19,19,19,19,33,66,77,77,77,77,77,88,38,54,54,153,153,166,166,185,185,199,230,241,241,241,241,241,275,285,285,285,285],"floor_reached":33,"playtime":1531,"items_purged":[],"score":285,"play_id":"cc28af0c-96d6-4a51-b069-aba74e60dbb4","local_time":"20190329090928","is_ascension_mode":false,"campfire_choices":[{"floor":8,"key":"REST"},{"data":"Bash","floor":11,"key":"SMITH"},{"data":"Pommel Strike","floor":15,"key":"SMITH"},{"floor":25,"key":"REST"},{"floor":27,"key":"REST"},{"floor":32,"key":"REST"}],"neow_cost":"NO_GOLD","seed_source_timestamp":68097503696592,"circlet_count":0,"master_deck":["Strike_R","Strike_R","Strike_R","Strike_R","Strike_R","Defend_R","Defend_R","Defend_R","Defend_R","Bash+1","Iron Wave+1","Dropkick","Pommel Strike+1","Wild Strike","Flex","Flex","Double Tap","Heavy Blade","Demon Form","Spot Weakness","Disarm+1","Perfected Strike","Writhe","Flex+1","Spot Weakness","Decay"],"relics":["Burning Blood","FossilizedHelix","Magic Flower","Blue Candle","Torii","Black Star","Ginger","Bottled Tornado","Regal Pillow","Boot","Pantograph"],"potions_floor_usage":[22,29,29,29,29,29,29,30],"damage_taken":[{"damage":0,"enemies":"Small Slimes","floor":1,"turns":3},{"damage":0,"enemies":"2 Louse","floor":5,"turns":3},{"damage":60,"enemies":"3 Sentries","floor":6,"turns":15},{"damage":0,"enemies":"Cultist","floor":7,"turns":3},{"damage":0,"enemies":"2 Fungi Beasts","floor":12,"turns":3},{"damage":2,"enemies":"Exordium Wildlife","floor":14,"turns":4},{"damage":50,"enemies":"The Guardian","floor":16,"turns":11},{"damage":26,"enemies":"2 Thieves","floor":18,"turns":4},{"damage":0,"enemies":"Chosen","floor":20,"turns":4},{"damage":36,"enemies":"Snake Plant","floor":22,"turns":5},{"damage":18,"enemies":"Gremlin Leader","floor":23,"turns":9},{"damage":33,"enemies":"Chosen and Byrds","floor":24,"turns":6},{"damage":47,"enemies":"Slavers","floor":29,"turns":5},{"damage":14,"enemies":"Centurion and Healer","floor":30,"turns":5},{"damage":81,"enemies":"Champ","floor":33,"turns":10}],"seed_played":"5055832011346760909","potions_obtained":[{"floor":6,"key":"Dexterity Potion"},{"floor":16,"key":"EntropicBrew"},{"floor":18,"key":"Explosive Potion"},{"floor":23,"key":"SteroidPotion"},{"floor":29,"key":"AttackPotion"}],"is_trial":false,"path_per_floor":["M","?","?","?","M","E","M","R","T","?","R","M","$","M","R","B",null,"M","?","M","?","M","E","M","R","T","R","?","E","M","?","R","B"],"character_chosen":"IRONCLAD","items_purchased":["Flex"],"campfire_rested":4,"item_purchase_floors":[13],"current_hp_per_floor":[80,55,55,55,64,13,22,46,46,46,46,55,55,62,62,21,80,63,63,72,72,45,36,12,36,36,60,60,22,17,17,56,0],"gold":285,"neow_bonus":"ONE_RARE_RELIC","is_prod":false,"is_daily":false,"chose_seed":false,"campfire_upgraded":2,"win_rate":0,"timestamp":1553814568,"path_taken":["M","?","?","?","?","E","M","R","T","?","R","M","$","M","R","BOSS","M","?","M","?","M","E","M","R","T","R","?","E","M","?","R","BOSS"],"build_version":"2019-01-23","purchased_purges":0,"victory":false,"max_hp_per_floor":[80,80,80,80,80,80,80,80,80,80,80,80,80,80,80,80,80,80,80,80,80,80,80,80,80,80,80,80,80,80,80,80,80],"card_choices":[{"not_picked":["Clothesline","Shockwave"],"picked":"Iron Wave","floor":1},{"not_picked":["Clash","Headbutt"],"picked":"Dropkick","floor":5},{"not_picked":["Anger","Iron Wave"],"picked":"Pommel Strike","floor":6},{"not_picked":["Clash","Ghostly Armor"],"picked":"Wild Strike","floor":7},{"not_picked":["Clothesline","Immolate"],"picked":"Flex","floor":12},{"not_picked":["Warcry","Clothesline","Body Slam"],"picked":"SKIP","floor":14},{"not_picked":["Brutality","Juggernaut"],"picked":"Double Tap","floor":16},{"not_picked":["Body Slam","True Grit"],"picked":"Heavy Blade","floor":18},{"not_picked":["Sever Soul+1","Burning Pact"],"picked":"Spot Weakness","floor":20},{"not_picked":["Metallicize+1","Shockwave+1"],"picked":"Disarm+1","floor":22},{"not_picked":["Havoc","Flex+1"],"picked":"Perfected Strike","floor":23},{"not_picked":["Searing Blow","Carnage","Hemokinesis"],"picked":"SKIP","floor":24},{"not_picked":["Evolve","Iron Wave"],"picked":"Flex+1","floor":29},{"not_picked":["Headbutt","Sword Boomerang"],"picked":"Spot Weakness","floor":30}],"player_experience":284181,"relics_obtained":[{"floor":6,"key":"Blue Candle"},{"floor":9,"key":"Torii"},{"floor":23,"key":"Ginger"},{"floor":23,"key":"Bottled Tornado"},{"floor":29,"key":"Boot"},{"floor":29,"key":"Pantograph"}],"event_choices":[{"damage_healed":0,"gold_gain":0,"player_choice":"Success","damage_taken":25,"relics_obtained":["Magic Flower"],"max_hp_gain":0,"max_hp_loss":0,"event_name":"Scrap Ooze","floor":2,"gold_loss":0},{"damage_healed":0,"gold_gain":0,"player_choice":"Leave","damage_taken":0,"max_hp_gain":0,"max_hp_loss":0,"event_name":"The Cleric","floor":3,"gold_loss":0},{"damage_healed":0,"gold_gain":0,"player_choice":"Leave","damage_taken":0,"max_hp_gain":0,"max_hp_loss":0,"event_name":"FaceTrader","floor":4,"gold_loss":0},{"damage_healed":0,"gold_gain":0,"player_choice":"Grow","damage_taken":0,"max_hp_gain":0,"max_hp_loss":0,"event_name":"Living Wall","floor":10,"gold_loss":0,"cards_upgraded":["Iron Wave"]},{"damage_healed":0,"gold_gain":0,"player_choice":"Read","damage_taken":0,"max_hp_gain":0,"max_hp_loss":0,"event_name":"The Library","floor":19,"gold_loss":0,"cards_obtained":["Demon Form"]},{"damage_healed":0,"gold_gain":0,"player_choice":"Ignored","damage_taken":0,"max_hp_gain":0,"max_hp_loss":0,"event_name":"Beggar","floor":21,"gold_loss":0},{"damage_healed":0,"gold_gain":0,"player_choice":"Opened","damage_taken":0,"relics_obtained":["Regal Pillow"],"max_hp_gain":0,"max_hp_loss":0,"event_name":"The Mausoleum","floor":28,"gold_loss":0,"cards_obtained":["Writhe"]},{"damage_healed":0,"gold_gain":0,"player_choice":"Smashed Altar","damage_taken":0,"max_hp_gain":0,"max_hp_loss":0,"event_name":"Forgotten Altar","floor":31,"gold_loss":0,"cards_obtained":["Decay"]}],"is_beta":false,"boss_relics":[{"not_picked":["Busted Crown","Runic Pyramid"],"picked":"Black Star"}],"items_purged_floors":[],"is_endless":false,"potions_floor_spawned":[6,16,18,23,29],"killed_by":"Champ","ascension_level":0}