{"gold_per_floor":[109,59,134,309,309,53,116,116,116,116,143,156,44,74,74,169,169,180,180,195,207,207,207,207,207,233,247,247],"floor_reached":28,"playtime":1437,"items_purged":["Doubt"],"score":244,"play_id":"0bb6a09a-6952-422d-a771-a811fc92e858","local_time":"20190218161320","is_ascension_mode":true,"campfire_choices":[{"floor":8,"key":"REST"},{"data":"Creative AI","floor":10,"key":"SMITH"},{"floor":15,"key":"REST"},{"floor":23,"key":"REST"},{"floor":25,"key":"REST"}],"neow_cost":"NONE","seed_source_timestamp":502481551784400,"circlet_count":0,"master_deck":["Strike_B","Defend_B","Defend_B","Defend_B","Defend_B","Zap","Dualcast","Seek","Sunder","Creative AI+1","Go for the Eyes","Capacitor","Chaos","Rainbow","Fusion+1","Decay","Conserve Battery","Hologram+1"],"relics":["Cracked Core","Vajra","Mercury Hourglass","Tiny Chest","Mango","Bronze Scales","Odd Mushroom","Empty Cage","Question Card","Boot"],"potions_floor_usage":[27,28],"damage_taken":[{"damage":11,"enemies":"Small Slimes","floor":1,"turns":4},{"damage":26,"enemies":"Gremlin Nob","floor":7,"turns":4},{"damage":7,"enemies":"Jaw Worm","floor":12,"turns":2},{"damage":13,"enemies":"The Mushroom Lair","floor":14,"turns":3},{"damage":26,"enemies":"The Guardian","floor":16,"turns":8},{"damage":13,"enemies":"Chosen","floor":18,"turns":5},{"damage":32,"enemies":"2 Thieves","floor":20,"turns":4},{"damage":39,"enemies":"Shelled Parasite and Fungi","floor":21,"turns":6},{"damage":24,"enemies":"Sentry and Sphere","floor":27,"turns":4},{"damage":42,"enemies":"Centurion and Healer","floor":28,"turns":7}],"seed_played":"-2118698587298445097","potions_obtained":[{"floor":7,"key":"FocusPotion"},{"floor":16,"key":"Swift Potion"},{"floor":18,"key":"LiquidBronze"},{"floor":24,"key":"FocusPotion"},{"floor":27,"key":"EssenceOfSteel"}],"is_trial":false,"path_per_floor":["M","?","?","?","?","$","E","R","T","R","T","M","$","?","R","B",null,"M","?","M","M","T","R","?","R","T","M","M"],"character_chosen":"DEFECT","items_purchased":["Mercury Hourglass","Capacitor"],"campfire_rested":4,"item_purchase_floors":[6,13],"current_hp_per_floor":[64,64,53,53,41,41,15,37,51,51,51,44,44,31,57,31,89,76,76,44,5,5,31,31,57,57,33,0],"gold":247,"neow_bonus":"ONE_RANDOM_RARE_CARD","is_prod":false,"is_daily":false,"chose_seed":false,"campfire_upgraded":1,"win_rate":1,"timestamp":1550535200,"path_taken":["M","?","?","?","?","$","E","R","T","R","?","M","$","?","R","BOSS","M","?","M","M","?","R","?","R","T","M","M"],"build_version":"2019-01-23","purchased_purges":1,"victory":false,"max_hp_per_floor":[75,75,75,75,75,75,75,75,89,89,89,89,89,89,89,89,89,89,89,89,89,89,89,89,89,89,89,89],"card_choices":[{"not_picked":["Go for the Eyes","Barrage"],"picked":"Sunder","floor":1},{"not_picked":["Compile Driver","White Noise"],"picked":"Creative AI","floor":7},{"not_picked":["Static Discharge","Hologram"],"picked":"Go for the Eyes","floor":12},{"not_picked":["Double Energy","Conserve Battery"],"picked":"Chaos","floor":14},{"not_picked":["Seek","Creative AI"],"picked":"Rainbow","floor":16},{"not_picked":["Gash+1","Sunder"],"picked":"Fusion+1","floor":18},{"not_picked":["Blizzard","Steam Power","Redo"],"picked":"SKIP","floor":20},{"not_picked":["Beam Cell","Aggregate"],"picked":"Conserve Battery","floor":21},{"not_picked":["Redo+1","Storm","Doom and Gloom"],"picked":"Hologram+1","floor":27}],"player_experience":117569,"relics_obtained":[{"floor":7,"key":"Tiny Chest"},{"floor":9,"key":"Mango"},{"floor":11,"key":"Bronze Scales"},{"floor":14,"key":"Odd Mushroom"},{"floor":22,"key":"Question Card"},{"floor":26,"key":"Boot"}],"event_choices":[{"cards_removed":["Strike_B"],"damage_healed":0,"gold_gain":0,"player_choice":"Card Removal","damage_taken":0,"max_hp_gain":0,"max_hp_loss":0,"event_name":"The Cleric","floor":2,"gold_loss":50},{"damage_healed":0,"gold_gain":75,"player_choice":"Gather Gold","damage_taken":11,"max_hp_gain":0,"max_hp_loss":0,"event_name":"World of Goop","floor":3,"gold_loss":0},{"damage_healed":0,"gold_gain":175,"player_choice":"AGREE","damage_taken":0,"max_hp_gain":0,"max_hp_loss":0,"event_name":"Liars Game","floor":4,"gold_loss":0,"cards_obtained":["Doubt"]},{"damage_healed":0,"gold_gain":0,"player_choice":"Success","damage_taken":12,"relics_obtained":["Vajra"],"max_hp_gain":0,"max_hp_loss":0,"event_name":"Scrap Ooze","floor":5,"gold_loss":0},{"damage_healed":0,"gold_gain":0,"player_choice":"Fought Mushrooms","damage_taken":0,"max_hp_gain":0,"max_hp_loss":0,"event_name":"Mushrooms","floor":14,"gold_loss":0},{"damage_healed":0,"gold_gain":0,"player_choice":"Smashed Altar","damage_taken":0,"max_hp_gain":0,"max_hp_loss":0,"event_name":"Forgotten Altar","floor":19,"gold_loss":0,"cards_obtained":["Decay"]},{"damage_healed":0,"gold_gain":0,"player_choice":"Got Potions","damage_taken":0,"max_hp_gain":0,"max_hp_loss":0,"event_name":"Lab","floor":24,"gold_loss":0}],"is_beta":false,"boss_relics":[{"not_picked":["Coffee Dripper","Tiny House"],"picked":"Empty Cage"}],"items_purged_floors":[13],"is_endless":false,"potions_floor_spawned":[7,16,18,27],"killed_by":"Centurion and Healer","ascension_level":3}