{"gold_per_floor":[118,133,147,161,64,97,97,97,170,170,203,226,245,265,265,369,369,388,401,412,412,424,93,93,93,93,123,48,48,59,78,78,176,176,190,190,190,190,207,207,224,99,99,118,118,138,138,0,0,0],"floor_reached":51,"playtime":3966,"items_purged":["Strike_B","Strike_B","Hello World+1"],"score":629,"play_id":"b323bce3-59e8-4b8e-8f50-7b3ac8e4ab8b","local_time":"20190607194049","is_ascension_mode":false,"campfire_choices":[{"data":"Hello World","floor":7.0,"key":"SMITH"},{"floor":10.0,"key":"REST"},{"floor":15.0,"key":"REST"},{"floor":24.0,"key":"REST"},{"floor":29.0,"key":"REST"},{"floor":32,"key":"REST"},{"floor":40,"key":"REST"},{"floor":45,"key":"REST"},{"floor":49,"key":"REST"}],"neow_cost":"NONE","seed_source_timestamp":0,"circlet_count":0,"master_deck":["Defend_B","Defend_B","Defend_B","Dualcast","Lockon","Steam Power","Go for the Eyes","Melter","Go for the Eyes+1","Steam","Auto Shields","Thunder Strike+1","Defragment","Conserve Battery+1","FTL+1","Thinking Ahead","Tempest","Reboot","Compile Driver+1","Seek","FTL+1","Impatience","Ball Lightning+1","Scrape+1","Flash of Steel+1"],"special_seed":0,"relics":["Cracked Core","Incense Burner","Molten Egg 2","Bronze Scales","Odd Mushroom","Fusion Hammer","Bottled Flame","Kunai","Philosopher\u0027s Stone","Pear","StoneCalendar"],"potions_floor_usage":[44,50,50,50],"damage_taken":[{"damage":1.0,"enemies":"Cultist","floor":1.0,"turns":3.0},{"damage":1.0,"enemies":"Jaw Worm","floor":2.0,"turns":2.0},{"damage":0.0,"enemies":"2 Louse","floor":3.0,"turns":2.0},{"damage":4.0,"enemies":"Large Slime","floor":4.0,"turns":5.0},{"damage":12.0,"enemies":"Gremlin Nob","floor":6.0,"turns":4.0},{"damage":26.0,"enemies":"Lagavulin","floor":11.0,"turns":5.0},{"damage":9.0,"enemies":"The Mushroom Lair","floor":12.0,"turns":3.0},{"damage":2.0,"enemies":"Looter","floor":13.0,"turns":3.0},{"damage":0.0,"enemies":"Exordium Wildlife","floor":14.0,"turns":4.0},{"damage":17.0,"enemies":"The Guardian","floor":16.0,"turns":11.0},{"damage":9.0,"enemies":"3 Byrds","floor":18.0,"turns":3.0},{"damage":0.0,"enemies":"Spheric Guardian","floor":19.0,"turns":2.0},{"damage":15.0,"enemies":"Snake Plant","floor":20.0,"turns":3.0},{"damage":6.0,"enemies":"Cultist and Chosen","floor":22.0,"turns":5.0},{"damage":5.0,"enemies":"Book of Stabbing","floor":27.0,"turns":4.0},{"damage":14.0,"enemies":"Centurion and Healer","floor":30.0,"turns":5.0},{"damage":12.0,"enemies":"Chosen and Byrds","floor":31.0,"turns":4.0},{"damage":47,"enemies":"Automaton","floor":33,"turns":11},{"damage":2,"enemies":"Orb Walker","floor":35,"turns":3},{"damage":22,"enemies":"3 Darklings","floor":39,"turns":4},{"damage":0,"enemies":"Writhing Mass","floor":41,"turns":5},{"damage":20,"enemies":"Maw","floor":44,"turns":7},{"damage":3,"enemies":"3 Darklings","floor":46,"turns":3},{"damage":78,"enemies":"Time Eater","floor":50,"turns":13}],"seed_played":"-822489461860290704","potions_obtained":[{"floor":1.0,"key":"PowerPotion"},{"floor":4.0,"key":"SpeedPotion"},{"floor":12.0,"key":"EssenceOfSteel"},{"floor":13.0,"key":"Ancient Potion"},{"floor":18.0,"key":"Weak Potion"},{"floor":30.0,"key":"Regen Potion"},{"floor":44,"key":"SpeedPotion"}],"is_trial":false,"path_per_floor":["M","M","M","M","$","E","R","?","T","R","E","?","M","M","R","B",null,"M","M","M","?","M","$","R","?","T","E","?","R","M","M","R","B",null,"M","?","?","?","M","R","M","$","T","M","R","M","T","$","R","B",null],"character_chosen":"DEFECT","items_purchased":["Go for the Eyes","FTL+1","Thinking Ahead","Flash of Steel+1","Poison Potion"],"campfire_rested":8,"item_purchase_floors":[5,23,23,48,48],"current_hp_per_floor":[74,73,73,69,69,57,57,50,50,72,46,37,35,35,57,40,75,66,66,51,51,45,45,67,67,67,62,62,75,61,49,71,24,75,73,73,73,73,51,73,73,73,83,63,85,82,82,82,85,22],"gold":0,"neow_bonus":"REMOVE_CARD","is_prod":false,"is_daily":false,"chose_seed":false,"campfire_upgraded":1,"win_rate":0.0,"timestamp":1559929249,"path_taken":["M","?","M","M","$","E","R","?","T","R","E","?","M","M","R","BOSS","M","M","M","?","M","$","R","?","T","E","?","R","?","M","R","BOSS","M","?","?","?","M","R","?","?","T","M","R","M","?","$","R","BOSS"],"build_version":"2019-01-23","purchased_purges":3,"victory":true,"max_hp_per_floor":[75,75,75,75,75,75,75,75,75,75,75,75,75,75,75,75,75,75,75,75,75,75,75,75,75,75,75,75,75,75,75,75,75,75,75,75,75,75,75,75,75,75,85,85,85,85,85,85,85,85],"card_choices":[{"not_picked":["Scrape","Cold Snap"],"picked":"Lockon","floor":1.0},{"not_picked":["Darkness","Reprogram"],"picked":"Steam Power","floor":2.0},{"not_picked":["Compile Driver","Beam Cell","Coolheaded"],"picked":"SKIP","floor":3.0},{"not_picked":["Coolheaded","Glacier"],"picked":"Hello World","floor":4.0},{"not_picked":["Self Repair","Go for the Eyes"],"picked":"Melter","floor":6.0},{"not_picked":["Creative AI","Beam Cell+1"],"picked":"Go for the Eyes+1","floor":11.0},{"not_picked":["Glacier","Lockon+1"],"picked":"Steam","floor":12.0},{"not_picked":["Go for the Eyes+1","Gash+1","Stack"],"picked":"SKIP","floor":13.0},{"not_picked":["Force Field","Static Discharge"],"picked":"Auto Shields","floor":14.0},{"not_picked":["All For One+1","Buffer"],"picked":"Thunder Strike+1","floor":16.0},{"not_picked":["Doom and Gloom+1","Coolheaded","Steam"],"picked":"SKIP","floor":18.0},{"not_picked":["Barrage+1","Coolheaded"],"picked":"Defragment","floor":19.0},{"not_picked":["Barrage+1","Sweeping Beam+1"],"picked":"Conserve Battery+1","floor":20.0},{"not_picked":["Force Field+1","Steam","Conserve Battery"],"picked":"SKIP","floor":22.0},{"not_picked":["Redo","Coolheaded"],"picked":"Reboot","floor":27.0},{"not_picked":["Go for the Eyes+1","BootSequence+1"],"picked":"Compile Driver+1","floor":30.0},{"not_picked":["Barrage+1","Gash+1","Cold Snap+1"],"picked":"SKIP","floor":31.0},{"not_picked":["All For One+1","Rainbow"],"picked":"Seek","floor":33},{"not_picked":["Sweeping Beam+1","Conserve Battery+1"],"picked":"FTL+1","floor":35},{"not_picked":["Purity","Chrysalis"],"picked":"Impatience","floor":38},{"not_picked":["Compile Driver+1","Aggregate","Hologram"],"picked":"SKIP","floor":39},{"not_picked":["Leap","Compile Driver+1","Cold Snap+1"],"picked":"SKIP","floor":41},{"not_picked":["Gash+1","Streamline+1"],"picked":"Ball Lightning+1","floor":44},{"not_picked":["Loop","Gash+1"],"picked":"Scrape+1","floor":46}],"player_experience":9132,"relics_obtained":[{"floor":6.0,"key":"Incense Burner"},{"floor":9.0,"key":"Molten Egg 2"},{"floor":11.0,"key":"Bronze Scales"},{"floor":12.0,"key":"Odd Mushroom"},{"floor":26.0,"key":"Bottled Flame"},{"floor":27.0,"key":"Kunai"},{"floor":43,"key":"Pear"},{"floor":47,"key":"StoneCalendar"}],"event_choices":[{"cards_removed":["Defend_B"],"damage_healed":0.0,"max_hp_gain":0.0,"max_hp_loss":0.0,"gold_gain":0.0,"event_name":"Golden Wing","player_choice":"Card Removal","floor":8.0,"gold_loss":0.0,"damage_taken":7.0},{"damage_healed":0.0,"max_hp_gain":0.0,"max_hp_loss":0.0,"gold_gain":0.0,"event_name":"Mushrooms","player_choice":"Fought Mushrooms","floor":12.0,"gold_loss":0.0,"damage_taken":0.0},{"damage_healed":0.0,"max_hp_gain":0.0,"max_hp_loss":0.0,"gold_gain":0.0,"event_name":"Ghosts","player_choice":"Ignored","floor":21.0,"gold_loss":0.0,"damage_taken":0.0},{"damage_healed":0.0,"max_hp_gain":0.0,"max_hp_loss":0.0,"gold_gain":0.0,"event_name":"The Library","player_choice":"Read","floor":25.0,"gold_loss":0.0,"damage_taken":0.0,"cards_obtained":["Tempest"]},{"cards_removed":["Strike_B"],"damage_healed":0.0,"max_hp_gain":0.0,"max_hp_loss":0.0,"gold_gain":0.0,"event_name":"Beggar","player_choice":"Gave Gold","floor":28.0,"gold_loss":75.0,"damage_taken":0.0},{"damage_healed":0,"gold_gain":0,"player_choice":"Ignored","damage_taken":0,"max_hp_gain":0,"max_hp_loss":0,"event_name":"Mysterious Sphere","floor":36,"gold_loss":0},{"cards_removed":["Zap"],"damage_healed":0,"gold_gain":0,"player_choice":"Removed Skill","damage_taken":0,"max_hp_gain":0,"max_hp_loss":0,"event_name":"Falling","floor":37,"gold_loss":0},{"damage_healed":0,"gold_gain":0,"player_choice":"Memory 1","damage_taken":0,"max_hp_gain":0,"max_hp_loss":0,"event_name":"SensoryStone","floor":38,"gold_loss":0}],"is_beta":false,"boss_relics":[{"not_picked":["Nuclear Battery","Astrolabe"],"picked":"Fusion Hammer"},{"not_picked":["Coffee Dripper","Velvet Choker"],"picked":"Philosopher\u0027s Stone"}],"items_purged_floors":[5,23,42],"is_endless":false,"potions_floor_spawned":[1,4,12,13,18,19,30,31,41,44],"ascension_level":0}