{"gold_per_floor":[113,113,128,145,160,192,192,226,226,226,242,272,272],"floor_reached":13,"playtime":678,"items_purged":[],"score":210,"play_id":"7820e14e-cf8b-4f88-b255-fa26ca04d334","local_time":"20190815010045","is_ascension_mode":true,"campfire_choices":[{"data":"Streamline","floor":7.0,"key":"SMITH"},{"floor":10.0,"key":"REST"}],"neow_cost":"NONE","seed_source_timestamp":1589584956932930,"circlet_count":0,"master_deck":["AscendersBane","Strike_B","Strike_B","Strike_B","Defend_B","Defend_B","Defend_B","Defend_B","Zap","Dualcast","Loop","Rebound","Undo","Streamline+1","Cold Snap","Chaos","Echo Form+1","Sweeping Beam"],"special_seed":0,"relics":["Cracked Core","Juzu Bracelet","Frozen Egg 2","Girya","StoneCalendar"],"potions_floor_usage":[],"damage_taken":[{"damage":2.0,"enemies":"Jaw Worm","floor":1.0,"turns":4.0},{"damage":6.0,"enemies":"Cultist","floor":3.0,"turns":3.0},{"damage":7.0,"enemies":"Small Slimes","floor":4.0,"turns":3.0},{"damage":0.0,"enemies":"2 Fungi Beasts","floor":5.0,"turns":3.0},{"damage":18.0,"enemies":"Lagavulin","floor":6.0,"turns":7.0},{"damage":27.0,"enemies":"Gremlin Nob","floor":8.0,"turns":4.0},{"damage":13,"enemies":"Gremlin Gang","floor":11,"turns":4},{"damage":13,"enemies":"3 Sentries","floor":12,"turns":11},{"damage":19,"enemies":"Exordium Wildlife","floor":13,"turns":1}],"seed_played":"-8835909616232816795","potions_obtained":[{"floor":1.0,"key":"LiquidBronze"},{"floor":5.0,"key":"LiquidBronze"},{"floor":6.0,"key":"SteroidPotion"}],"is_trial":false,"path_per_floor":["M","?","M","M","M","E","R","E","T","R","M","E","M"],"character_chosen":"DEFECT","items_purchased":[],"campfire_rested":1,"item_purchase_floors":[],"current_hp_per_floor":[69,69,63,56,56,38,38,11,11,34,21,8,0],"gold":272,"neow_bonus":"TEN_PERCENT_HP_BONUS","is_prod":false,"is_daily":false,"chose_seed":false,"campfire_upgraded":1,"win_rate":0,"timestamp":1565845245,"path_taken":["M","?","M","M","M","E","R","E","T","R","M","E","M"],"build_version":"2019-07-17","purchased_purges":0,"victory":false,"max_hp_per_floor":[78,78,78,78,78,78,78,78,78,78,78,78,78],"card_choices":[{"not_picked":["Darkness","Ball Lightning"],"picked":"Loop","floor":1.0},{"not_picked":["Blizzard","Fusion"],"picked":"Undo","floor":3.0},{"not_picked":["Cold Snap","Steam"],"picked":"Streamline","floor":4.0},{"not_picked":["Streamline","BootSequence"],"picked":"Cold Snap","floor":5.0},{"not_picked":["Static Discharge","Streamline"],"picked":"Chaos","floor":6.0},{"not_picked":["Redo","Stack"],"picked":"Echo Form","floor":8.0},{"not_picked":["Gash","Auto Shields"],"picked":"Sweeping Beam","floor":11},{"not_picked":["Streamline","Ball Lightning","Rip and Tear"],"picked":"SKIP","floor":12}],"player_experience":1805347,"relics_obtained":[{"floor":6.0,"key":"Juzu Bracelet"},{"floor":8.0,"key":"Frozen Egg 2"},{"floor":9.0,"key":"Girya"},{"floor":12,"key":"StoneCalendar"}],"event_choices":[{"damage_healed":0.0,"max_hp_gain":0.0,"max_hp_loss":0.0,"gold_gain":0.0,"cards_transformed":["Strike_B"],"event_name":"Transmorgrifier","player_choice":"Transformed","floor":2.0,"gold_loss":0.0,"damage_taken":0.0,"cards_obtained":["Rebound"]}],"is_beta":false,"boss_relics":[],"items_purged_floors":[],"is_endless":false,"potions_floor_spawned":[1,5,6],"killed_by":"Exordium Wildlife","ascension_level":20}