{"gold_per_floor":[112,130,31,106,106,131,131,164,187,187,187,208,208,126,126,222,222,239,158,170,70,70,70,70,70,70,102,102,121,135,135,135,232,232,252,270,145,145,55,55,66,66,66,95,107,107,107,107,107,107],"floor_reached":51,"playtime":3258,"items_purged":["Strike_B","Defend_B","Cold Snap"],"score":863,"play_id":"c4718487-c0d9-423f-8e11-6017780e1a52","local_time":"20190721184245","is_ascension_mode":true,"campfire_choices":[{"data":"Coolheaded","floor":7.0,"key":"SMITH"},{"data":"Fission","floor":10.0,"key":"SMITH"},{"data":"Dualcast","floor":15.0,"key":"SMITH"},{"data":"Defragment","floor":23.0,"key":"SMITH"},{"data":"Capacitor","floor":25.0,"key":"SMITH"},{"data":"Barrage","floor":28.0,"key":"SMITH"},{"floor":32.0,"key":"REST"},{"floor":40.0,"key":"REST"},{"floor":46,"key":"REST"},{"floor":49,"key":"REST"}],"neow_cost":"NONE","seed_source_timestamp":94732318809306,"circlet_count":0,"master_deck":["Zap+1","Dualcast+1","Genetic Algorithm+1","Hologram+1","Coolheaded+1","Fission+1","Biased Cognition+1","Ball Lightning+1","Cold Snap+1","Hologram+1","Defragment+1","Capacitor+1","Barrage+1","Seek+1","Reinforced Body+1","Glacier+1","Master of Strategy+1"],"special_seed":0,"relics":["Cracked Core","Juzu Bracelet","Ginger","Bronze Scales","War Paint","Odd Mushroom","Dream Catcher","Astrolabe","FaceOfCleric","Omamori","Blood Vial","Fusion Hammer","FossilizedHelix","Question Card","Mark of the Bloom"],"potions_floor_usage":[50],"damage_taken":[{"damage":1.0,"enemies":"Small Slimes","floor":1.0,"turns":3.0},{"damage":2.0,"enemies":"Jaw Worm","floor":2.0,"turns":4.0},{"damage":26.0,"enemies":"Gremlin Nob","floor":6.0,"turns":4.0},{"damage":9.0,"enemies":"3 Sentries","floor":8.0,"turns":9.0},{"damage":0.0,"enemies":"The Mushroom Lair","floor":12.0,"turns":3.0},{"damage":29.0,"enemies":"Hexaghost","floor":16.0,"turns":12.0},{"damage":0.0,"enemies":"Spheric Guardian","floor":18.0,"turns":3.0},{"damage":0.0,"enemies":"3 Byrds","floor":20.0,"turns":3.0},{"damage":7.0,"enemies":"Slavers","floor":27.0,"turns":5.0},{"damage":7.0,"enemies":"Snake Plant","floor":29.0,"turns":3.0},{"damage":13.0,"enemies":"Centurion and Healer","floor":30.0,"turns":4.0},{"damage":19.0,"enemies":"Automaton","floor":33.0,"turns":8.0},{"damage":7.0,"enemies":"3 Shapes","floor":35.0,"turns":3.0},{"damage":1.0,"enemies":"3 Darklings","floor":36.0,"turns":4.0},{"damage":10,"enemies":"4 Shapes","floor":41,"turns":4},{"damage":0,"enemies":"Nemesis","floor":44,"turns":5},{"damage":0,"enemies":"Sphere and 2 Shapes","floor":45,"turns":4},{"damage":30,"enemies":"Awakened One","floor":50,"turns":13}],"seed_played":"4874216528281656921","potions_obtained":[{"floor":2.0,"key":"Fire Potion"},{"floor":6.0,"key":"EssenceOfSteel"},{"floor":20.0,"key":"Dexterity Potion"},{"floor":35.0,"key":"GamblersBrew"},{"floor":44,"key":"Swift Potion"}],"is_trial":false,"path_per_floor":["M","M","$","?","?","E","R","E","T","R","?","?","?","?","R","B",null,"M","$","M","$","?","R","?","R","T","E","R","M","M","?","R","B",null,"M","M","$","?","?","R","M","?","T","E","M","R","?","?","R","B",null],"character_chosen":"DEFECT","items_purchased":["Cold Snap","Capacitor"],"campfire_rested":4,"item_purchase_floors":[3,19],"current_hp_per_floor":[74,72,72,61,61,35,35,26,26,26,23,23,48,48,48,19,61,61,61,61,61,61,61,61,61,61,55,55,51,41,41,64,48,71,67,69,69,69,69,81,72,72,72,75,78,84,84,80,80,50],"gold":107,"neow_bonus":"UPGRADE_CARD","is_prod":false,"is_daily":false,"chose_seed":false,"campfire_upgraded":6,"win_rate":0,"timestamp":1563727365,"path_taken":["M","M","$","?","?","E","R","E","T","R","?","?","?","?","R","BOSS","M","$","M","$","?","R","?","R","T","E","R","M","M","?","R","BOSS","M","M","$","?","?","R","M","?","T","E","M","R","?","?","R","BOSS"],"build_version":"2019-07-17","purchased_purges":3,"victory":true,"max_hp_per_floor":[75,75,75,75,75,75,75,75,75,75,75,75,75,75,75,75,75,75,75,75,75,75,75,75,75,75,76,76,77,78,78,78,79,79,80,81,81,81,81,81,82,82,82,83,84,84,84,80,80,81],"card_choices":[{"not_picked":["Steam","Conserve Battery"],"picked":"Genetic Algorithm","floor":1.0},{"not_picked":["Sweeping Beam","Rebound"],"picked":"Hologram","floor":2.0},{"not_picked":["Undo","Turbo"],"picked":"Coolheaded","floor":6.0},{"not_picked":["Rebound","Stack"],"picked":"Fission","floor":8.0},{"not_picked":["Seek","Hyperbeam"],"picked":"Biased Cognition","floor":16.0},{"not_picked":["Force Field","Gash"],"picked":"Defragment","floor":18.0},{"not_picked":["Rebound+1","Turbo"],"picked":"Barrage","floor":20.0},{"not_picked":["Leap","Redo","Hologram+1"],"picked":"SKIP","floor":27.0},{"not_picked":["Compile Driver","Gash+1","Doom and Gloom"],"picked":"SKIP","floor":29.0},{"not_picked":["Ball Lightning","Steam","Force Field"],"picked":"SKIP","floor":30.0},{"not_picked":["Buffer","Fission"],"picked":"Seek","floor":33.0},{"not_picked":["Rebound+1","White Noise+1","Steam"],"picked":"SKIP","floor":35.0},{"not_picked":["Leap+1","Stack","Hologram+1"],"picked":"SKIP","floor":36.0},{"not_picked":["Sunder","Cold Snap+1"],"picked":"Reinforced Body+1","floor":40.0},{"not_picked":["Gash","Storm+1"],"picked":"Glacier","floor":41},{"not_picked":["Mind Blast","Trip"],"picked":"Master of Strategy","floor":42},{"not_picked":["Barrage","Multi-Cast","White Noise+1"],"picked":"SKIP","floor":44},{"not_picked":["Gash+1","Leap+1","Beam Cell+1","Compile Driver+1"],"picked":"SKIP","floor":45}],"player_experience":65043,"relics_obtained":[{"floor":6.0,"key":"Juzu Bracelet"},{"floor":8.0,"key":"Ginger"},{"floor":9.0,"key":"Bronze Scales"},{"floor":12.0,"key":"Odd Mushroom"},{"floor":26.0,"key":"Omamori"},{"floor":27.0,"key":"Blood Vial"},{"floor":43,"key":"FossilizedHelix"},{"floor":44,"key":"Question Card"}],"event_choices":[{"damage_healed":0.0,"max_hp_gain":0.0,"max_hp_loss":0.0,"gold_gain":75.0,"event_name":"World of Goop","player_choice":"Gather Gold","floor":4.0,"gold_loss":0.0,"damage_taken":11.0},{"cards_removed":["Strike_B"],"damage_healed":0.0,"max_hp_gain":0.0,"max_hp_loss":0.0,"gold_gain":0.0,"event_name":"Living Wall","player_choice":"Forget","floor":5.0,"gold_loss":0.0,"damage_taken":0.0},{"damage_healed":0.0,"max_hp_gain":0.0,"max_hp_loss":0.0,"gold_gain":0.0,"event_name":"Scrap Ooze","player_choice":"Success","floor":11.0,"gold_loss":0.0,"damage_taken":3.0,"relics_obtained":["War Paint"]},{"damage_healed":0.0,"max_hp_gain":0.0,"max_hp_loss":0.0,"gold_gain":0.0,"event_name":"Mushrooms","player_choice":"Fought Mushrooms","floor":12.0,"gold_loss":0.0,"damage_taken":0.0},{"damage_healed":25.0,"max_hp_gain":0.0,"max_hp_loss":0.0,"gold_gain":0.0,"event_name":"Big Fish","player_choice":"Banana","floor":13.0,"gold_loss":0.0,"damage_taken":0.0},{"damage_healed":0.0,"max_hp_gain":0.0,"max_hp_loss":0.0,"gold_gain":0.0,"event_name":"WeMeetAgain","player_choice":"Paid Gold","floor":14.0,"gold_loss":82.0,"damage_taken":0.0,"relics_obtained":["Dream Catcher"]},{"damage_healed":0.0,"max_hp_gain":0.0,"max_hp_loss":0.0,"gold_gain":0.0,"event_name":"FaceTrader","player_choice":"Trade","floor":22.0,"gold_loss":0.0,"damage_taken":0.0,"relics_obtained":["FaceOfCleric"]},{"cards_removed":["Defend_B"],"damage_healed":0.0,"max_hp_gain":0.0,"max_hp_loss":0.0,"gold_gain":0.0,"event_name":"Back to Basics","player_choice":"Elegance","floor":24.0,"gold_loss":0.0,"damage_taken":0.0},{"damage_healed":0.0,"max_hp_gain":0.0,"max_hp_loss":0.0,"gold_gain":0.0,"event_name":"Forgotten Altar","player_choice":"Smashed Altar","floor":31.0,"gold_loss":0.0,"damage_taken":0.0,"cards_obtained":["Decay"]},{"damage_healed":0.0,"max_hp_gain":0.0,"max_hp_loss":0.0,"gold_gain":0.0,"event_name":"Tomb of Lord Red Mask","player_choice":"Ignored","floor":38.0,"gold_loss":0.0,"damage_taken":0.0},{"cards_removed":["Defend_B"],"damage_healed":0.0,"max_hp_gain":0.0,"max_hp_loss":0.0,"gold_gain":0.0,"event_name":"Designer","player_choice":"Upgrade and Remove","floor":39.0,"gold_loss":90.0,"damage_taken":0.0,"cards_upgraded":["Seek"]},{"damage_healed":0,"gold_gain":0,"player_choice":"Memory 1","damage_taken":0,"max_hp_gain":0,"max_hp_loss":0,"event_name":"SensoryStone","floor":42,"gold_loss":0},{"damage_healed":0,"gold_gain":0,"player_choice":"Upgrade","damage_taken":0,"relics_obtained":["Mark of the Bloom"],"max_hp_gain":0,"max_hp_loss":0,"event_name":"MindBloom","floor":47,"gold_loss":0,"cards_upgraded":["Genetic Algorithm","Biased Cognition","Glacier","Master of Strategy"]},{"damage_healed":0,"gold_gain":0,"player_choice":"Max HP","damage_taken":0,"max_hp_gain":0,"max_hp_loss":4,"event_name":"Winding Halls","floor":48,"gold_loss":0}],"is_beta":false,"boss_relics":[{"not_picked":["Sozu","Coffee Dripper"],"picked":"Astrolabe"},{"not_picked":["Black Star","Inserter"],"picked":"Fusion Hammer"}],"items_purged_floors":[3,21,37],"is_endless":false,"potions_floor_spawned":[2,6,20,35,44],"ascension_level":5}