{"gold_per_floor":[119,119,137,137,137,180,25,25,25,59,71,127,159,186,198,303,315,311,323,335,371,383,395,421,457,469,494,506],"floor_reached":28,"playtime":1388,"items_purged":[],"score":543,"play_id":"15f03553-fe3e-47ee-81af-a4b9b9fbb9b4","local_time":"20181228010024","is_ascension_mode":true,"campfire_choices":[{"data":"Apotheosis","floor":8.0,"key":"SMITH"},{"floor":11.0,"key":"REST"},{"data":"Noxious Fumes","floor":15.0,"key":"SMITH"},{"floor":23.0,"key":"REST"}],"neow_cost":"NONE","seed_source_timestamp":602822155322971,"circlet_count":0,"master_deck":["AscendersBane","Defend_G","Defend_G","Defend_G","Defend_G","Defend_G","Strike_G","Strike_G","Strike_G","Survivor","Neutralize+1","Well Laid Plans","Calculated Gamble","Poisoned Stab","Apotheosis+1","Noxious Fumes+1","Glass Knife","Caltrops","Grand Finale","Backflip"],"special_seed":0,"relics":["Ring of the Serpent","NeowsBlessing","Golden Idol","The Courier","The Specimen","MawBank","Lantern","Bag of Preparation","Matryoshka"],"potions_floor_usage":[],"damage_taken":[{"damage":0.0,"enemies":"Jaw Worm","floor":1.0,"turns":1.0},{"damage":0.0,"enemies":"Small Slimes","floor":3.0,"turns":1.0},{"damage":0.0,"enemies":"Lagavulin","floor":6.0,"turns":1.0},{"damage":14.0,"enemies":"3 Sentries","floor":10.0,"turns":9.0},{"damage":0.0,"enemies":"Lagavulin","floor":12.0,"turns":7.0},{"damage":0.0,"enemies":"2 Louse","floor":13.0,"turns":2.0},{"damage":0.0,"enemies":"Red Slaver","floor":14.0,"turns":4.0},{"damage":26.0,"enemies":"Slime Boss","floor":16.0,"turns":10.0},{"damage":25.0,"enemies":"2 Thieves","floor":18.0,"turns":4.0},{"damage":24.0,"enemies":"Colosseum Slavers","floor":19.0,"turns":6.0},{"damage":0.0,"enemies":"3 Byrds","floor":24.0,"turns":2.0},{"damage":10.0,"enemies":"Snake Plant","floor":25.0,"turns":4.0},{"damage":1,"enemies":"Centurion and Healer","floor":27,"turns":7},{"damage":17,"enemies":"Snecko","floor":28,"turns":5}],"seed_played":"-1967181856438561763","potions_obtained":[{"floor":3.0,"key":"Poison Potion"},{"floor":6.0,"key":"Weak Potion"},{"floor":13.0,"key":"GamblersBrew"},{"floor":16.0,"key":"Strength Potion"},{"floor":18.0,"key":"Weak Potion"},{"floor":24.0,"key":"AttackPotion"}],"is_trial":false,"path_per_floor":["M","?","M","?","?","E","$","R","T","E","R","E","M","M","R","B",null,"M","?","?","T","?","R","M","M","T","M","M"],"character_chosen":"THE_SILENT","items_purchased":["Apotheosis"],"campfire_rested":2,"item_purchase_floors":[7],"current_hp_per_floor":[59,59,59,59,52,52,52,52,52,38,56,56,56,56,56,30,53,28,4,4,4,4,22,22,12,12,11,0],"gold":506,"neow_bonus":"THREE_ENEMY_KILL","is_prod":false,"is_daily":false,"chose_seed":false,"campfire_upgraded":2,"win_rate":0,"timestamp":1545976824,"path_taken":["M","?","M","?","?","E","$","R","T","E","R","E","?","M","R","BOSS","M","?","?","?","?","R","M","M","T","M","M"],"build_version":"2018-12-20","purchased_purges":0,"victory":false,"max_hp_per_floor":[66,66,66,60,60,60,60,60,60,60,60,60,60,60,60,60,60,60,60,60,60,60,60,60,60,60,60,60],"card_choices":[{"not_picked":["Dodge and Roll","Deflect"],"picked":"Well Laid Plans","floor":1.0},{"not_picked":["Prepared","Endless Agony"],"picked":"Calculated Gamble","floor":3.0},{"not_picked":["Prepared","Deadly Poison"],"picked":"Poisoned Stab","floor":6.0},{"not_picked":["Envenom","Heel Hook"],"picked":"Noxious Fumes","floor":10.0},{"not_picked":["Concentrate","Masterful Stab","Backflip"],"picked":"SKIP","floor":12.0},{"not_picked":["Riddle With Holes","Reflex","Underhanded Strike"],"picked":"SKIP","floor":13.0},{"not_picked":["Caltrops","Deadly Poison","Finisher"],"picked":"SKIP","floor":14.0},{"not_picked":["Tools of the Trade","Burst"],"picked":"Glass Knife","floor":16.0},{"not_picked":["Skewer","Deadly Poison"],"picked":"Caltrops","floor":18.0},{"not_picked":["PiercingWail","Deflect"],"picked":"Backflip","floor":24.0},{"not_picked":["Quick Slash","Blade Dance","Outmaneuver+1"],"picked":"SKIP","floor":25.0},{"not_picked":["Outmaneuver","All Out Attack","Reflex"],"picked":"SKIP","floor":27}],"player_experience":1027577,"relics_obtained":[{"floor":6.0,"key":"The Courier"},{"floor":9.0,"key":"The Specimen"},{"floor":10.0,"key":"MawBank"},{"floor":12.0,"key":"Lantern"},{"floor":21.0,"key":"Bag of Preparation"},{"floor":26.0,"key":"Matryoshka"}],"event_choices":[{"damage_healed":0.0,"max_hp_gain":0.0,"max_hp_loss":0.0,"gold_gain":0.0,"event_name":"Living Wall","player_choice":"Grow","floor":2.0,"gold_loss":0.0,"damage_taken":0.0,"cards_upgraded":["Neutralize"]},{"damage_healed":0.0,"max_hp_gain":0.0,"max_hp_loss":6.0,"gold_gain":0.0,"event_name":"Golden Idol","player_choice":"Lose Max HP","floor":4.0,"gold_loss":0.0,"damage_taken":0.0,"relics_obtained":["Golden Idol"]},{"cards_removed":["Strike_G"],"damage_healed":0.0,"max_hp_gain":0.0,"max_hp_loss":0.0,"gold_gain":0.0,"event_name":"Golden Wing","player_choice":"Card Removal","floor":5.0,"gold_loss":0.0,"damage_taken":7.0},{"damage_healed":0.0,"max_hp_gain":0.0,"max_hp_loss":0.0,"gold_gain":0.0,"event_name":"Colosseum","player_choice":"Fight","floor":19.0,"gold_loss":0.0,"damage_taken":0.0},{"damage_healed":0.0,"max_hp_gain":0.0,"max_hp_loss":0.0,"gold_gain":0.0,"event_name":"Colosseum","player_choice":"Fled From Nobs","floor":19.0,"gold_loss":0.0,"damage_taken":0.0},{"damage_healed":0.0,"max_hp_gain":0.0,"max_hp_loss":0.0,"gold_gain":0.0,"event_name":"The Mausoleum","player_choice":"Ignored","floor":20.0,"gold_loss":0.0,"damage_taken":0.0},{"damage_healed":0.0,"max_hp_gain":0.0,"max_hp_loss":0.0,"gold_gain":0.0,"cards_transformed":["Strike_G"],"event_name":"Transmorgrifier","player_choice":"Transformed","floor":22.0,"gold_loss":0.0,"damage_taken":0.0,"cards_obtained":["Grand Finale"]}],"is_beta":false,"boss_relics":[{"not_picked":["Orrery","Busted Crown"],"picked":"Ring of the Serpent"}],"items_purged_floors":[],"is_endless":false,"potions_floor_spawned":[3,6,13,14,16,18,24],"killed_by":"Snecko","ascension_level":18}