{"gold_per_floor":[115,128,128,138,150,150,177,194,248,248,306,306,321,341,341,445,445,456,486,502,516,534,534,554,566,566,566,580,580,580,590,590,590],"floor_reached":33,"playtime":1882,"items_purged":[],"score":332,"play_id":"ffa59e5c-d580-4935-a1ab-9852cdd68d8e","local_time":"20190522232457","is_ascension_mode":true,"campfire_choices":[{"data":"Streamline","floor":6,"key":"SMITH"},{"floor":10,"key":"REST"},{"floor":12,"key":"REST"},{"data":"Defragment","floor":15,"key":"SMITH"},{"data":"Self Repair","floor":23,"key":"SMITH"},{"data":"Loop","floor":27,"key":"SMITH"},{"data":"Zap","floor":29,"key":"SMITH"},{"floor":32,"key":"REST"}],"neow_cost":"NONE","seed_source_timestamp":8780555261386,"circlet_count":0,"master_deck":["Strike_B","Strike_B","Strike_B","Defend_B","Defend_B","Defend_B","Defend_B","Zap+1","Dualcast","Cold Snap","Streamline+1","Compile Driver","Glacier","Sweeping Beam","Self Repair+1","Self Repair","Static Discharge","Defragment+1","Seek","Genetic Algorithm","Capacitor","Redo","BootSequence","Go for the Eyes","Darkness+1","Coolheaded","Conserve Battery+1","Recycle+1","Loop+1","Melter+1"],"relics":["Cracked Core","NeowsBlessing","Centennial Puzzle","Bronze Scales","Bottled Tornado","Orrery","Tiny Chest","Bottled Lightning","Ornamental Fan"],"potions_floor_usage":[8,11,14,31,31],"damage_taken":[{"damage":0,"enemies":"Jaw Worm","floor":1,"turns":1},{"damage":0,"enemies":"Cultist","floor":2,"turns":1},{"damage":0,"enemies":"2 Louse","floor":4,"turns":1},{"damage":11,"enemies":"Red Slaver","floor":5,"turns":3},{"damage":20,"enemies":"Gremlin Nob","floor":7,"turns":4},{"damage":10,"enemies":"Lots of Slimes","floor":8,"turns":2},{"damage":10,"enemies":"Lagavulin Event","floor":11,"turns":6},{"damage":17,"enemies":"Large Slime","floor":13,"turns":5},{"damage":10,"enemies":"Looter","floor":14,"turns":3},{"damage":17,"enemies":"Hexaghost","floor":16,"turns":10},{"damage":1,"enemies":"Spheric Guardian","floor":18,"turns":7},{"damage":3,"enemies":"Shell Parasite","floor":20,"turns":6},{"damage":27,"enemies":"Shelled Parasite and Fungi","floor":21,"turns":8},{"damage":32,"enemies":"Snecko","floor":22,"turns":5},{"damage":17,"enemies":"Snake Plant","floor":24,"turns":6},{"damage":21,"enemies":"Centurion and Healer","floor":25,"turns":9},{"damage":26,"enemies":"Sentry and Sphere","floor":28,"turns":5},{"damage":30,"enemies":"Snake Plant","floor":31,"turns":4},{"damage":33,"enemies":"Automaton","floor":33,"turns":4}],"seed_played":"2854527851890254880","potions_obtained":[{"floor":2,"key":"SpeedPotion"},{"floor":7,"key":"Strength Potion"},{"floor":11,"key":"Weak Potion"},{"floor":16,"key":"SkillPotion"},{"floor":20,"key":"LiquidBronze"},{"floor":21,"key":"FearPotion"},{"floor":25,"key":"SkillPotion"}],"is_trial":false,"path_per_floor":["M","M","?","M","M","R","E","M","T","R","?","R","M","M","R","B",null,"M","?","M","M","M","R","M","M","T","R","M","R","?","M","R","B"],"character_chosen":"DEFECT","items_purchased":[],"campfire_rested":3,"item_purchase_floors":[],"current_hp_per_floor":[68,68,68,68,57,57,37,27,27,49,46,68,65,62,62,59,71,75,75,75,62,44,44,44,40,40,40,31,31,31,11,33,0],"gold":590,"neow_bonus":"THREE_ENEMY_KILL","is_prod":false,"is_daily":false,"chose_seed":false,"campfire_upgraded":5,"win_rate":0,"timestamp":1558531497,"path_taken":["M","M","?","?","M","R","E","M","T","R","?","R","M","M","R","BOSS","M","?","?","M","M","R","M","M","T","R","?","R","?","M","R","BOSS"],"build_version":"2019-01-23","purchased_purges":0,"victory":false,"max_hp_per_floor":[75,75,75,75,75,75,75,75,75,75,75,75,75,75,75,75,75,75,75,75,75,75,75,75,75,75,75,75,75,75,75,75,75],"card_choices":[{"not_picked":["Coolheaded","Barrage"],"picked":"Cold Snap","floor":1},{"not_picked":["Stack","White Noise"],"picked":"Streamline","floor":2},{"not_picked":["Gash","Cold Snap"],"picked":"Compile Driver","floor":4},{"not_picked":["Reprogram","Steam"],"picked":"Glacier","floor":5},{"not_picked":["Streamline","Reinforced Body"],"picked":"Sweeping Beam","floor":7},{"not_picked":["Sweeping Beam","Rebound"],"picked":"Self Repair","floor":8},{"not_picked":["Cold Snap","Fusion"],"picked":"Self Repair","floor":11},{"not_picked":["Hello World","Blizzard"],"picked":"Static Discharge","floor":13},{"not_picked":["Beam Cell","Hyperbeam"],"picked":"Defragment","floor":14},{"not_picked":["Fission","Multi-Cast"],"picked":"Seek","floor":16},{"not_picked":["Go for the Eyes","Coolheaded"],"picked":"Genetic Algorithm","floor":17},{"not_picked":["Redo","Loop"],"picked":"Capacitor","floor":17},{"not_picked":["Defragment","Leap"],"picked":"Redo","floor":17},{"not_picked":["Gash","Blizzard"],"picked":"BootSequence","floor":17},{"not_picked":["Leap","Hologram"],"picked":"Go for the Eyes","floor":17},{"not_picked":["Recycle","Leap"],"picked":"Darkness+1","floor":18},{"not_picked":["Leap","Turbo"],"picked":"Coolheaded","floor":20},{"not_picked":["Beam Cell","Sweeping Beam"],"picked":"Conserve Battery+1","floor":21},{"not_picked":["Beam Cell+1","Turbo","Scrape"],"picked":"SKIP","floor":22},{"not_picked":["Stack","BootSequence"],"picked":"Recycle+1","floor":24},{"not_picked":["Rebound","Glacier"],"picked":"Loop","floor":25},{"not_picked":["Multi-Cast","Redo","Cold Snap"],"picked":"SKIP","floor":28},{"not_picked":["Multi-Cast","Redo","Cold Snap"],"picked":"SKIP","floor":28},{"not_picked":["Go for the Eyes","Turbo"],"picked":"Melter+1","floor":31}],"player_experience":703532,"relics_obtained":[{"floor":7,"key":"Centennial Puzzle"},{"floor":9,"key":"Bronze Scales"},{"floor":11,"key":"Bottled Tornado"},{"floor":26,"key":"Bottled Lightning"}],"event_choices":[{"cards_removed":["Strike_B"],"damage_healed":0,"gold_gain":0,"player_choice":"Purged","damage_taken":0,"max_hp_gain":0,"max_hp_loss":0,"event_name":"Purifier","floor":3,"gold_loss":0},{"damage_healed":0,"gold_gain":0,"player_choice":"Searched \u00271\u0027 times","damage_taken":0,"max_hp_gain":0,"max_hp_loss":0,"event_name":"Dead Adventurer","floor":11,"gold_loss":0},{"damage_healed":0,"gold_gain":0,"player_choice":"Gave Potion","damage_taken":0,"relics_obtained":["Tiny Chest"],"max_hp_gain":0,"max_hp_loss":0,"event_name":"WeMeetAgain","floor":19,"gold_loss":0},{"damage_healed":0,"gold_gain":0,"player_choice":"Opened","damage_taken":0,"relics_obtained":["Ornamental Fan"],"max_hp_gain":0,"max_hp_loss":0,"event_name":"The Mausoleum","floor":30,"gold_loss":0}],"is_beta":false,"boss_relics":[{"not_picked":["Runic Dome","Tiny House"],"picked":"Orrery"}],"items_purged_floors":[],"is_endless":false,"potions_floor_spawned":[2,7,11,16,20,21,25],"killed_by":"Automaton","ascension_level":6}