{"gold_per_floor":[117,131,131,141,159,159,177,204,231,261,277,277,293,308,308,405,405,416,416,429,379,398,398,416,416,416,434,434,434],"floor_reached":29,"playtime":1254,"items_purged":[],"score":386,"play_id":"cdab9c5f-a1bb-40cf-b23b-12d6c16cdaba","local_time":"20181209202202","is_ascension_mode":true,"campfire_choices":[{"data":"Riddle With Holes","floor":6,"key":"SMITH"},{"data":"Bane","floor":15,"key":"SMITH"},{"floor":23,"key":"RECALL"},{"data":"Bane","floor":25,"key":"SMITH"}],"neow_cost":"NONE","seed_source_timestamp":500065021169159,"circlet_count":0,"master_deck":["AscendersBane","Defend_G","Defend_G","Defend_G","Defend_G","Defend_G","Strike_G","Strike_G","Strike_G","Strike_G","Survivor","Neutralize","Bouncing Flask","Poisoned Stab","Leg Sweep","Riddle With Holes+1","Calculated Gamble","Bane+1","Phantasmal Killer","Outmaneuver","Corpse Explosion","Bane+1","Underhanded Strike","Acrobatics"],"relics":["Ring of the Snake","Bag of Marbles","Pen Nib","Potion Belt","Coffee Dripper","Question Card","MutagenicStrength"],"potions_floor_usage":[8,10,13,16,24,29],"damage_taken":[{"damage":2,"enemies":"Small Slimes","floor":1,"turns":5},{"damage":4,"enemies":"Jaw Worm","floor":2,"turns":3},{"damage":0,"enemies":"Cultist","floor":4,"turns":3},{"damage":2,"enemies":"Red Slaver","floor":5,"turns":4},{"damage":3,"enemies":"Large Slime","floor":7,"turns":8},{"damage":14,"enemies":"Lagavulin","floor":8,"turns":5},{"damage":33,"enemies":"3 Sentries","floor":10,"turns":7},{"damage":9,"enemies":"Blue Slaver","floor":11,"turns":2},{"damage":0,"enemies":"3 Louse","floor":13,"turns":2},{"damage":15,"enemies":"Exordium Thugs","floor":14,"turns":5},{"damage":26,"enemies":"The Guardian","floor":16,"turns":11},{"damage":11,"enemies":"2 Thieves","floor":18,"turns":3},{"damage":0,"enemies":"Chosen","floor":20,"turns":4},{"damage":14,"enemies":"Snake Plant","floor":22,"turns":3},{"damage":2,"enemies":"Centurion and Healer","floor":24,"turns":3},{"damage":32,"enemies":"Shelled Parasite and Fungi","floor":27,"turns":6},{"damage":13,"enemies":"Slavers","floor":29,"turns":1}],"seed_played":"-902248855517696812","potions_obtained":[{"floor":1,"key":"Swift Potion"},{"floor":2,"key":"Weak Potion"},{"floor":10,"key":"Weak Potion"},{"floor":11,"key":"Fire Potion"},{"floor":18,"key":"Regen Potion"},{"floor":22,"key":"Fire Potion"}],"is_trial":false,"path_per_floor":["M","M","?","M","M","R","M","E","T","E","M","?","M","M","R","B",null,"M","?","M","?","M","R","M","R","T","M","?","E"],"character_chosen":"THE_SILENT","items_purchased":[],"campfire_rested":0,"item_purchase_floors":[],"current_hp_per_floor":[61,57,62,62,60,60,57,43,43,10,1,75,75,60,60,34,65,54,54,54,54,40,40,38,38,38,6,6,0],"gold":434,"neow_bonus":"RANDOM_COMMON_RELIC","is_prod":false,"is_daily":false,"chose_seed":false,"campfire_upgraded":3,"win_rate":0,"timestamp":1544404922,"path_taken":["M","M","?","M","M","R","M","E","T","E","M","?","M","M","R","BOSS","M","?","?","?","M","R","?","R","T","M","?","E"],"build_version":"2018-12-06","purchased_purges":0,"victory":false,"max_hp_per_floor":[70,70,75,75,75,75,75,75,75,75,75,75,75,75,75,75,75,75,75,75,75,75,75,75,75,75,75,75,75],"card_choices":[{"not_picked":["Expertise","Setup"],"picked":"Bouncing Flask","floor":1},{"not_picked":["Cloak And Dagger","Sucker Punch"],"picked":"Poisoned Stab","floor":2},{"not_picked":["Acrobatics","Deflect"],"picked":"Leg Sweep","floor":4},{"not_picked":["Accuracy","Deflect"],"picked":"Riddle With Holes","floor":5},{"not_picked":["Slice","Distraction"],"picked":"Calculated Gamble","floor":7},{"not_picked":["Deadly Poison","Infinite Blades","Prepared"],"picked":"SKIP","floor":8},{"not_picked":["Cloak And Dagger","Slice"],"picked":"Bane","floor":10},{"not_picked":["Dagger Throw","Calculated Gamble","Crippling Poison"],"picked":"SKIP","floor":11},{"not_picked":["Caltrops","Blade Dance"],"picked":"Phantasmal Killer","floor":13},{"not_picked":["Dagger Throw","Backflip"],"picked":"Outmaneuver","floor":14},{"not_picked":["Grand Finale","A Thousand Cuts"],"picked":"Corpse Explosion","floor":16},{"not_picked":["PiercingWail","Acrobatics"],"picked":"Bane","floor":18},{"not_picked":["Blade Dance+1","Deflect"],"picked":"Underhanded Strike","floor":20},{"not_picked":["Underhanded Strike","Accuracy"],"picked":"Acrobatics","floor":22},{"not_picked":["Dodge and Roll","Deflect","Riddle With Holes"],"picked":"SKIP","floor":24},{"not_picked":["Noxious Fumes","Blade Dance","Dagger Spray","Leg Sweep"],"picked":"SKIP","floor":27}],"player_experience":845006,"relics_obtained":[{"floor":8,"key":"Pen Nib"},{"floor":10,"key":"Potion Belt"},{"floor":26,"key":"Question Card"}],"event_choices":[{"damage_healed":0,"gold_gain":0,"player_choice":"Donut","damage_taken":0,"max_hp_gain":5,"max_hp_loss":0,"event_name":"Big Fish","floor":3,"gold_loss":0},{"damage_healed":74,"gold_gain":0,"player_choice":"Full Heal","damage_taken":0,"max_hp_gain":0,"max_hp_loss":0,"event_name":"Wheel of Change","floor":12,"gold_loss":0},{"cards_removed":["Strike_G"],"damage_healed":0,"gold_gain":0,"player_choice":"Offered Basic","damage_taken":0,"max_hp_gain":0,"max_hp_loss":0,"event_name":"Bonfire Elementals","floor":19,"gold_loss":0},{"damage_healed":0,"gold_gain":0,"player_choice":"Bet on Murderer","damage_taken":0,"max_hp_gain":0,"max_hp_loss":0,"event_name":"The Joust","floor":21,"gold_loss":50},{"damage_healed":0,"gold_gain":0,"player_choice":"Inject Mutagens","damage_taken":0,"relics_obtained":["MutagenicStrength"],"max_hp_gain":0,"max_hp_loss":0,"event_name":"Drug Dealer","floor":28,"gold_loss":0}],"is_beta":false,"boss_relics":[{"not_picked":["White Beast Statue","Sozu"],"picked":"Coffee Dripper"}],"items_purged_floors":[],"is_endless":false,"potions_floor_spawned":[1,2,10,11,18,22],"killed_by":"Slavers","ascension_level":12}