{"gold_per_floor":[15,15,30,5,18,18,46,46,115,115,150,13,74,94,94,169,169,181,71,87,102,125,159,159,159],"floor_reached":25,"playtime":988,"items_purged":[],"score":424,"play_id":"4c423ea5-e646-4943-9d7e-837cea91b589","local_time":"20190811084627","is_ascension_mode":true,"campfire_choices":[{"data":"Seeing Red","floor":6.0,"key":"SMITH"},{"data":"Heavy Blade","floor":8.0,"key":"SMITH"},{"data":"Body Slam","floor":10.0,"key":"SMITH"},{"floor":15,"key":"REST"},{"floor":24,"key":"REST"}],"neow_cost":"NO_GOLD","seed_source_timestamp":4561248139924,"circlet_count":0,"master_deck":["AscendersBane","Strike_R","Strike_R","Strike_R","Strike_R+1","Defend_R","Defend_R","Defend_R","Defend_R","Bash","Seeing Red+1","Spot Weakness","Heavy Blade+1","Power Through","Body Slam+1","Headbutt","Infernal Blade","Heavy Blade","Sword Boomerang","Offering","Sentinel","Twin Strike","Cleave","Inflame"],"special_seed":0,"relics":["Burning Blood","Ice Cream","Boot","Question Card","Oddly Smooth Stone","Omamori","Calling Bell","Bronze Scales","Gremlin Horn","Ginger","Centennial Puzzle","Juzu Bracelet"],"potions_floor_usage":[16,18,23,23],"damage_taken":[{"damage":6.0,"enemies":"Cultist","floor":1.0,"turns":3.0},{"damage":6.0,"enemies":"2 Louse","floor":3.0,"turns":3.0},{"damage":8.0,"enemies":"Small Slimes","floor":5.0,"turns":2.0},{"damage":21.0,"enemies":"Lagavulin","floor":7.0,"turns":6.0},{"damage":35.0,"enemies":"3 Sentries","floor":11.0,"turns":6.0},{"damage":15.0,"enemies":"Lagavulin Event","floor":13.0,"turns":3.0},{"damage":8,"enemies":"Red Slaver","floor":14,"turns":3},{"damage":4,"enemies":"The Guardian","floor":16,"turns":10},{"damage":22,"enemies":"2 Thieves","floor":18,"turns":4},{"damage":23,"enemies":"Spheric Guardian","floor":20,"turns":4},{"damage":21,"enemies":"Snecko","floor":21,"turns":5},{"damage":39,"enemies":"Book of Stabbing","floor":23,"turns":5},{"damage":38,"enemies":"Slavers","floor":25,"turns":3}],"seed_played":"-6063116182382781913","potions_obtained":[{"floor":1.0,"key":"SpeedPotion"},{"floor":3.0,"key":"SteroidPotion"},{"floor":5.0,"key":"SteroidPotion"},{"floor":14,"key":"PowerPotion"},{"floor":16,"key":"AttackPotion"},{"floor":18,"key":"BloodPotion"},{"floor":21,"key":"Regen Potion"}],"is_trial":false,"path_per_floor":["M","?","M","$","M","R","E","R","T","R","E","$","?","M","R","B",null,"M","?","M","M","T","E","R","E"],"character_chosen":"IRONCLAD","items_purchased":["Heavy Blade","Infernal Blade","Fire Potion"],"campfire_rested":2,"item_purchase_floors":[4,12,12],"current_hp_per_floor":[68,68,68,68,66,66,51,51,51,51,22,22,13,11,33,35,65,49,49,32,17,17,16,38,0],"gold":159,"neow_bonus":"ONE_RARE_RELIC","is_prod":false,"is_daily":false,"chose_seed":false,"campfire_upgraded":3,"win_rate":0,"timestamp":1565477187,"path_taken":["M","?","?","?","M","R","E","R","T","R","E","$","?","M","R","BOSS","M","?","?","?","?","E","R","E"],"build_version":"2019-07-17","purchased_purges":0,"victory":false,"max_hp_per_floor":[75,75,75,75,75,75,75,75,75,75,75,75,75,75,75,75,75,75,75,75,75,75,75,75,75],"card_choices":[{"not_picked":["Cleave","Perfected Strike"],"picked":"Seeing Red","floor":1.0},{"not_picked":["Corruption","Sentinel"],"picked":"Spot Weakness","floor":3.0},{"not_picked":["Twin Strike","Searing Blow"],"picked":"Power Through","floor":5.0},{"not_picked":["Flex","Reckless Charge"],"picked":"Body Slam","floor":7.0},{"not_picked":["Cleave","Burning Pact","Clash"],"picked":"Headbutt","floor":11.0},{"not_picked":["Warcry","Combust","Carnage"],"picked":"Heavy Blade","floor":13.0},{"not_picked":["Fiend Fire","Pommel Strike","Warcry"],"picked":"Sword Boomerang","floor":14},{"not_picked":["Bludgeon","Exhume","Juggernaut"],"picked":"Offering","floor":16},{"not_picked":["Body Slam+1","Shrug It Off","Thunderclap"],"picked":"Sentinel","floor":18},{"not_picked":["Armaments","Wild Strike","Anger"],"picked":"Twin Strike","floor":20},{"not_picked":["Clash+1","Spot Weakness","Armaments"],"picked":"Cleave","floor":21},{"not_picked":["Sentinel","Burning Pact","Clash"],"picked":"Inflame","floor":23}],"player_experience":1181392,"relics_obtained":[{"floor":7.0,"key":"Boot"},{"floor":9.0,"key":"Question Card"},{"floor":11.0,"key":"Oddly Smooth Stone"},{"floor":13.0,"key":"Omamori"},{"floor":17,"key":"Bronze Scales"},{"floor":17,"key":"Gremlin Horn"},{"floor":17,"key":"Ginger"},{"floor":22,"key":"Centennial Puzzle"},{"floor":23,"key":"Juzu Bracelet"}],"event_choices":[{"cards_removed":["Strike_R"],"damage_healed":0.0,"max_hp_gain":0.0,"max_hp_loss":0.0,"gold_gain":0.0,"event_name":"Purifier","player_choice":"Purged","floor":2.0,"gold_loss":0.0,"damage_taken":0.0},{"damage_healed":0.0,"max_hp_gain":0.0,"max_hp_loss":0.0,"gold_gain":0.0,"event_name":"Dead Adventurer","player_choice":"Searched \u00271\u0027 times","floor":13.0,"gold_loss":0.0,"damage_taken":0.0},{"cards_removed":["Decay"],"damage_healed":0,"gold_gain":0,"player_choice":"Upgrade and Remove","damage_taken":0,"max_hp_gain":0,"max_hp_loss":0,"event_name":"Designer","floor":19,"gold_loss":110,"cards_upgraded":["Strike_R"]}],"is_beta":false,"boss_relics":[{"not_picked":["Velvet Choker","Ectoplasm"],"picked":"Calling Bell"}],"items_purged_floors":[],"is_endless":false,"potions_floor_spawned":[1,3,5,14,16,18,21],"killed_by":"Slavers","ascension_level":17}