{"gold_per_floor":[12,25,35,35,35,35,46,46,46,94,94,116,130,55,55,154,204,220,236,236,249,263,263,280,280,280,1,1,14,14,14,14,118,118,137,184,201,101,101,101,115,132,158,158,158,171,183,216,216,216],"floor_reached":51,"playtime":5538,"items_purged":["Defend_G","Strike_G"],"score":929,"play_id":"0932bc11-91ae-44d2-a3fd-5b5aa956b777","local_time":"20181104000843","is_ascension_mode":true,"campfire_choices":[{"data":"Calculated Gamble","floor":6,"key":"SMITH"},{"data":"Sucker Punch","floor":11,"key":"SMITH"},{"data":"Heel Hook","floor":15,"key":"SMITH"},{"floor":23,"key":"REST"},{"floor":25,"key":"REST"},{"data":"Heel Hook","floor":28,"key":"SMITH"},{"floor":30,"key":"REST"},{"data":"Eviscerate","floor":32,"key":"SMITH"},{"data":"Grand Finale","floor":40,"key":"SMITH"},{"data":"Survivor","floor":45,"key":"SMITH"},{"floor":49,"key":"REST"}],"neow_cost":"NO_GOLD","seed_source_timestamp":612583462869893,"circlet_count":0,"master_deck":["AscendersBane","Defend_G","Defend_G","Defend_G","Strike_G","Survivor+1","Neutralize+1","Calculated Gamble+1","Heel Hook+1","Sucker Punch+1","Deflect+1","Deflect+1","Grand Finale+1","Prepared+1","Flying Knee+1","Heel Hook+1","Acrobatics+1","Eviscerate+1","Reflex+1","Expertise+1","Quick Slash+1","Dagger Throw+1"],"relics":["Ring of the Snake","Boot","Toxic Egg 2","Bag of Marbles","Odd Mushroom","Nloth\u0027s Gift","Shuriken","Vajra","Sozu","Tough Bandages","Lantern","Paper Crane"],"potions_floor_usage":[12,18,21,24,33,33,33],"damage_taken":[{"damage":2,"enemies":"2 Louse","floor":1,"turns":4},{"damage":0,"enemies":"Small Slimes","floor":2,"turns":7},{"damage":5,"enemies":"Cultist","floor":3,"turns":6},{"damage":0,"enemies":"Looter","floor":7,"turns":4},{"damage":10,"enemies":"The Mushroom Lair","floor":12,"turns":5},{"damage":7,"enemies":"Exordium Thugs","floor":13,"turns":7},{"damage":29,"enemies":"The Guardian","floor":16,"turns":20},{"damage":10,"enemies":"Shell Parasite","floor":18,"turns":8},{"damage":6,"enemies":"3 Byrds","floor":19,"turns":6},{"damage":0,"enemies":"3 Cultists","floor":21,"turns":2},{"damage":37,"enemies":"Chosen and Byrds","floor":22,"turns":9},{"damage":20,"enemies":"Snake Plant","floor":24,"turns":6},{"damage":0,"enemies":"Snecko","floor":29,"turns":2},{"damage":25,"enemies":"Champ","floor":33,"turns":8},{"damage":16,"enemies":"3 Darklings","floor":35,"turns":5},{"damage":22,"enemies":"2 Orb Walkers","floor":36,"turns":6},{"damage":0,"enemies":"3 Shapes","floor":37,"turns":1},{"damage":0,"enemies":"Maw","floor":41,"turns":5},{"damage":0,"enemies":"3 Darklings","floor":42,"turns":1},{"damage":0,"enemies":"Jaw Worm Horde","floor":46,"turns":3},{"damage":0,"enemies":"Spire Growth","floor":47,"turns":2},{"damage":38,"enemies":"Reptomancer","floor":48,"turns":3},{"damage":13,"enemies":"Awakened One","floor":50,"turns":6}],"seed_played":"-3340184526315086658","potions_obtained":[{"floor":1,"key":"EssenceOfSteel"},{"floor":7,"key":"Dexterity Potion"},{"floor":16,"key":"Fire Potion"},{"floor":17,"key":"FearPotion"},{"floor":19,"key":"SkillPotion"},{"floor":21,"key":"Dexterity Potion"},{"floor":33,"key":"SpeedPotion"}],"is_trial":false,"path_per_floor":["M","M","M","?","?","R","M","?","T","T","R","?","M","$","R","B",null,"M","M","?","M","M","R","M","R","T","$","R","M","R","?","R","B",null,"M","?","M","$","?","R","M","M","T","?","R","M","M","E","R","B",null],"character_chosen":"THE_SILENT","items_purchased":["Eviscerate","Vajra","AttackPotion"],"campfire_rested":4,"item_purchase_floors":[27,27,27],"current_hp_per_floor":[61,61,56,53,53,53,53,58,58,58,58,48,41,41,41,12,64,54,48,48,48,11,35,15,39,39,39,39,39,63,63,63,38,70,54,32,32,32,70,70,70,70,70,70,70,70,70,32,53,40],"gold":216,"neow_bonus":"REMOVE_TWO","is_prod":false,"is_daily":false,"chose_seed":false,"campfire_upgraded":7,"win_rate":0,"timestamp":1541304523,"path_taken":["M","M","M","?","?","R","M","?","T","?","R","?","M","$","R","BOSS","M","M","?","?","M","R","M","R","T","$","R","M","R","?","R","BOSS","M","?","M","$","?","R","M","M","T","?","R","M","M","E","R","BOSS"],"build_version":"2018-11-01","purchased_purges":2,"victory":true,"max_hp_per_floor":[70,70,70,70,70,70,70,75,75,75,75,75,75,75,75,75,80,80,80,80,80,80,80,80,80,80,80,80,80,80,80,80,80,80,80,80,80,80,70,70,70,70,70,70,70,70,70,70,70,70],"card_choices":[{"not_picked":["Concentrate","Sucker Punch"],"picked":"Calculated Gamble","floor":1},{"not_picked":["Sucker Punch","Footwork"],"picked":"Heel Hook","floor":2},{"not_picked":["Footwork","Well Laid Plans"],"picked":"Sucker Punch","floor":3},{"not_picked":["Footwork","Outmaneuver","Dash"],"picked":"SKIP","floor":7},{"not_picked":["Blade Dance+1","Deadly Poison+1"],"picked":"Deflect+1","floor":12},{"not_picked":["Bouncing Flask+1","Flying Knee"],"picked":"Deflect+1","floor":13},{"not_picked":["Venomology+1","Doppelganger+1"],"picked":"Grand Finale","floor":16},{"not_picked":["Deflect+1","Backstab"],"picked":"Prepared+1","floor":17},{"not_picked":["Endless Agony","Prepared+1"],"picked":"Flying Knee+1","floor":18},{"not_picked":["Dagger Throw","Dagger Spray"],"picked":"Heel Hook","floor":19},{"not_picked":["Die Die Die","Sucker Punch"],"picked":"Acrobatics+1","floor":21},{"not_picked":["Underhanded Strike+1","Blade Dance+1","Poisoned Stab"],"picked":"SKIP","floor":22},{"not_picked":["Prepared+1","A Thousand Cuts","PiercingWail+1"],"picked":"SKIP","floor":24},{"not_picked":["Flying Knee+1","Poisoned Stab","Infinite Blades"],"picked":"SKIP","floor":29},{"not_picked":["Quick Slash+1","Slice"],"picked":"Reflex+1","floor":35},{"not_picked":["Crippling Poison+1","Deflect+1"],"picked":"Expertise+1","floor":36},{"not_picked":["Distraction+1","Outmaneuver+1"],"picked":"Quick Slash+1","floor":37},{"not_picked":["Sucker Punch","Dagger Spray+1","Bane"],"picked":"SKIP","floor":41},{"not_picked":["Deadly Poison+1","Slice+1","Sucker Punch+1"],"picked":"SKIP","floor":42},{"not_picked":["All Out Attack+1","Deflect+1","Burst+1"],"picked":"SKIP","floor":46},{"not_picked":["Accuracy","Quick Slash"],"picked":"Dagger Throw+1","floor":47},{"not_picked":["Acrobatics+1","Sucker Punch","Dagger Spray"],"picked":"SKIP","floor":48}],"player_experience":597203,"relics_obtained":[{"floor":9,"key":"Toxic Egg 2"},{"floor":10,"key":"Bag of Marbles"},{"floor":12,"key":"Odd Mushroom"},{"floor":26,"key":"Shuriken"},{"floor":36,"key":"Tough Bandages"},{"floor":43,"key":"Lantern"},{"floor":48,"key":"Paper Crane"}],"event_choices":[{"damage_healed":0,"gold_gain":0,"player_choice":"Success","damage_taken":3,"relics_obtained":["Boot"],"max_hp_gain":0,"max_hp_loss":0,"event_name":"Scrap Ooze","floor":4,"gold_loss":0},{"cards_removed":["Strike_G"],"damage_healed":0,"gold_gain":0,"player_choice":"Forget","damage_taken":0,"max_hp_gain":0,"max_hp_loss":0,"event_name":"Living Wall","floor":5,"gold_loss":0},{"damage_healed":0,"gold_gain":0,"player_choice":"Donut","damage_taken":0,"max_hp_gain":5,"max_hp_loss":0,"event_name":"Big Fish","floor":8,"gold_loss":0},{"damage_healed":0,"gold_gain":0,"player_choice":"Fought Mushrooms","damage_taken":0,"max_hp_gain":0,"max_hp_loss":0,"event_name":"Mushrooms","floor":12,"gold_loss":0},{"damage_healed":0,"gold_gain":0,"player_choice":"Traded Relic","damage_taken":0,"relics_obtained":["Nloth\u0027s Gift"],"max_hp_gain":0,"max_hp_loss":0,"event_name":"N\u0027loth","floor":20,"relics_lost":["Tiny House"],"gold_loss":0},{"damage_healed":0,"gold_gain":0,"player_choice":"Ignored","damage_taken":0,"max_hp_gain":0,"max_hp_loss":0,"event_name":"Beggar","floor":31,"gold_loss":0},{"damage_healed":0,"gold_gain":0,"player_choice":"Fight","damage_taken":0,"max_hp_gain":0,"max_hp_loss":0,"event_name":"Mysterious Sphere","floor":36,"gold_loss":0},{"damage_healed":70,"gold_gain":0,"player_choice":"Heal","damage_taken":0,"max_hp_gain":0,"max_hp_loss":10,"event_name":"The Moai Head","floor":39,"gold_loss":0},{"cards_removed":["Defend_G"],"damage_healed":0,"gold_gain":0,"player_choice":"Purged","damage_taken":0,"max_hp_gain":0,"max_hp_loss":0,"event_name":"Purifier","floor":44,"gold_loss":0}],"is_beta":false,"boss_relics":[{"not_picked":["Ectoplasm","Pandora\u0027s Box"],"picked":"Tiny House"},{"not_picked":["Calling Bell","Runic Dome"],"picked":"Sozu"}],"items_purged_floors":[14,38],"is_endless":false,"potions_floor_spawned":[1,7,16,19,21,29,33,35,37,42,47],"ascension_level":10}