{"gold_per_floor":[111,126,51,69,80,80,30,30,30,48,87,110,110,110,110,234,234,247,241,118,159,182,182,195,195,220,260,285,385,399,419,419,540,540,556,556,580,141,141,176,197,233,258,291,291,311,163,181,181,181],"floor_reached":50,"playtime":2844,"items_purged":["Strike_G","Strike_G"],"score":852,"play_id":"83a33ad3-bd9a-4389-b6e7-5a031d1f9f6b","local_time":"20180813165246","is_ascension_mode":true,"campfire_choices":[{"floor":8,"key":"REST"},{"data":"Finisher","floor":13,"key":"SMITH"},{"floor":15,"key":"REST"},{"data":"Eviscerate","floor":23,"key":"SMITH"},{"data":"Underhanded Strike","floor":25,"key":"SMITH"},{"floor":32,"key":"REST"},{"floor":45,"key":"REST"},{"data":"Escape Plan","floor":49,"key":"SMITH"}],"neow_cost":"PERCENT_DAMAGE","seed_source_timestamp":2840789986872449,"circlet_count":0,"master_deck":["Defend_G","Defend_G","Defend_G","Survivor","Neutralize+1","Underhanded Strike+1","Eviscerate+1","Dagger Throw+1","Prepared","Escape Plan+1","Calculated Gamble+1","Finisher+1","Cloak And Dagger+1","Blade Dance+1","Backflip+1","Storm of Steel+1","Blade Dance+1","Cloak And Dagger+1","Adrenaline+1","Madness+1","Madness+1","Distraction+1"],"relics":["Ring of the Serpent","Golden Idol","Toxic Egg 2","Unceasing Top","WristBlade","Red Mask","Bag of Marbles","Happy Flower","Kunai","Sling","Juzu Bracelet","Whetstone","Snake Skull","Letter Opener","Pen Nib"],"potions_floor_usage":[10,16,16,16,33,33,50,50,50],"damage_taken":[{"damage":0,"enemies":"Small Slimes","floor":1,"turns":4},{"damage":0,"enemies":"Cultist","floor":2,"turns":3},{"damage":0,"enemies":"2 Louse","floor":4,"turns":3},{"damage":7,"enemies":"2 Fungi Beasts","floor":5,"turns":5},{"damage":1,"enemies":"Exordium Thugs","floor":10,"turns":4},{"damage":13,"enemies":"Gremlin Nob","floor":11,"turns":4},{"damage":5,"enemies":"Red Slaver","floor":12,"turns":2},{"damage":7,"enemies":"The Guardian","floor":16,"turns":5},{"damage":3,"enemies":"Chosen","floor":18,"turns":4},{"damage":6,"enemies":"2 Thieves","floor":19,"turns":4},{"damage":0,"floor":21,"turns":2},{"damage":0,"enemies":"3 Cultists","floor":22,"turns":4},{"damage":4,"enemies":"Snake Plant","floor":24,"turns":2},{"damage":8,"enemies":"Slavers","floor":27,"turns":4},{"damage":10,"enemies":"Snecko","floor":28,"turns":3},{"damage":0,"enemies":"Centurion and Healer","floor":30,"turns":2},{"damage":0,"enemies":"Sentry and Sphere","floor":31,"turns":1},{"damage":30,"enemies":"Collector","floor":33,"turns":4},{"damage":0,"enemies":"3 Darklings","floor":35,"turns":3},{"damage":0,"enemies":"Orb Walker","floor":37,"turns":2},{"damage":0,"enemies":"Nemesis","floor":40,"turns":1},{"damage":9,"enemies":"Maw","floor":41,"turns":6},{"damage":0,"enemies":"2 Orb Walkers","floor":42,"turns":2},{"damage":0,"enemies":"Nemesis","floor":44,"turns":3},{"damage":6,"enemies":"4 Shapes","floor":46,"turns":2},{"damage":0,"enemies":"Spire Growth","floor":48,"turns":1},{"damage":85,"enemies":"Time Eater","floor":50,"turns":7}],"seed_played":"-7121368848723786710","potions_obtained":[{"floor":2,"key":"SkillPotion"},{"floor":5,"key":"EssenceOfSteel"},{"floor":11,"key":"Fire Potion"},{"floor":12,"key":"FearPotion"},{"floor":19,"key":"SteroidPotion"},{"floor":24,"key":"SteroidPotion"},{"floor":30,"key":"SteroidPotion"},{"floor":40,"key":"Block Potion"},{"floor":44,"key":"AttackPotion"},{"floor":48,"key":"PowerPotion"}],"is_trial":false,"path_per_floor":["M","M","$","M","M","?","?","R","T","M","E","M","R","?","R","B",null,"M","M","$","?","M","R","M","R","T","E","M","?","M","M","R","B",null,"M","?","M","$","?","E","M","E","T","E","R","M","$","M","R"],"character_chosen":"THE_SILENT","items_purchased":["Backflip+1","Kunai","Sling","Pen Nib"],"campfire_rested":4,"item_purchase_floors":[20,38,38,47],"current_hp_per_floor":[45,45,45,45,38,38,38,57,57,56,43,38,38,38,57,50,61,58,52,52,52,52,52,48,48,48,40,30,30,30,30,49,19,54,54,46,46,46,46,46,37,37,37,37,56,50,50,50,50,0],"gold":181,"neow_bonus":"TRANSFORM_TWO_CARDS","is_prod":false,"is_daily":false,"chose_seed":false,"campfire_upgraded":4,"win_rate":0,"timestamp":1534193566,"path_taken":["M","M","$","M","M","?","?","R","T","?","E","M","R","?","R","BOSS","M","M","$","?","M","R","M","R","T","E","?","?","?","M","R","BOSS","M","?","M","$","?","E","M","E","T","E","R","M","$","M","R","BOSS"],"build_version":"2018-08-09","purchased_purges":2,"victory":false,"max_hp_per_floor":[70,70,70,70,70,65,65,65,65,65,65,65,65,65,65,65,65,65,65,65,65,65,65,65,65,65,65,65,65,65,65,65,65,65,65,65,65,65,65,65,65,65,65,65,65,65,65,65,65,65],"card_choices":[{"not_picked":["Leg Sweep","Eviscerate"],"picked":"Dagger Throw","floor":1},{"not_picked":["Dodge and Roll","Eviscerate"],"picked":"Prepared","floor":2},{"not_picked":["Poisoned Stab","Flying Knee","Reflex"],"picked":"SKIP","floor":4},{"not_picked":["Poisoned Stab","Dodge and Roll"],"picked":"Escape Plan","floor":5},{"not_picked":["Malaise+1","Dodge and Roll+1"],"picked":"Calculated Gamble+1","floor":10},{"not_picked":["Noxious Fumes","Dagger Throw"],"picked":"Finisher","floor":11},{"not_picked":["Deadly Poison+1","Expertise+1"],"picked":"Cloak And Dagger+1","floor":12},{"not_picked":["Quick Slash","Flying Knee","Deadly Poison+1"],"picked":"SKIP","floor":18},{"not_picked":["Reflex+1","Underhanded Strike"],"picked":"Blade Dance+1","floor":19},{"not_picked":["Dash","Dagger Spray","Catalyst+1"],"picked":"SKIP","floor":22},{"not_picked":["Finisher","Deflect+1","Skewer+1"],"picked":"SKIP","floor":24},{"not_picked":["Heel Hook","Dagger Throw"],"picked":"Storm of Steel+1","floor":27},{"not_picked":["Underhanded Strike","Bane+1"],"picked":"Blade Dance+1","floor":28},{"not_picked":["Masterful Stab","PiercingWail+1"],"picked":"Cloak And Dagger+1","floor":30},{"not_picked":["Footwork","Deadly Poison+1","Outmaneuver+1"],"picked":"SKIP","floor":31},{"not_picked":["Bullet Time+1","Wraith Form v2"],"picked":"Adrenaline+1","floor":33},{"not_picked":["Poisoned Stab+1","PiercingWail+1","Sucker Punch+1"],"picked":"SKIP","floor":35},{"not_picked":["Tactician+1","Blur+1","Dash"],"picked":"SKIP","floor":37},{"not_picked":["Poisoned Stab","Eviscerate","After Image"],"picked":"SKIP","floor":40},{"not_picked":["Poisoned Stab","Well Laid Plans","PiercingWail+1"],"picked":"SKIP","floor":41},{"not_picked":["Underhanded Strike+1","Sucker Punch","Backflip+1"],"picked":"SKIP","floor":42},{"not_picked":["Dash","Deadly Poison+1","Acrobatics+1"],"picked":"SKIP","floor":44},{"not_picked":["Prepared+1","PiercingWail+1","Footwork"],"picked":"SKIP","floor":46},{"not_picked":["Deflect+1","Acrobatics+1","Envenom"],"picked":"SKIP","floor":48}],"player_experience":429456,"relics_obtained":[{"floor":9,"key":"Toxic Egg 2"},{"floor":11,"key":"Unceasing Top"},{"floor":21,"key":"Red Mask"},{"floor":26,"key":"Bag of Marbles"},{"floor":27,"key":"Happy Flower"},{"floor":40,"key":"Juzu Bracelet"},{"floor":42,"key":"Whetstone"},{"floor":43,"key":"Snake Skull"},{"floor":44,"key":"Letter Opener"}],"event_choices":[{"event_name":"Golden Idol","player_choice":"Lose Max HP","floor":6,"damage_taken":0},{"event_name":"The Cleric","player_choice":"Card Removal","floor":7,"damage_taken":0},{"event_name":"Living Wall","player_choice":"Forget","floor":14,"damage_taken":0},{"event_name":"Masked Bandits","player_choice":"Fought Bandits","floor":21,"damage_taken":0},{"event_name":"Golden Shrine","player_choice":"Pray","floor":29,"damage_taken":0},{"event_name":"Winding Halls","player_choice":"Embrace Madness","floor":36,"damage_taken":0},{"event_name":"Transmorgrifier","player_choice":"Transform","floor":39,"damage_taken":0}],"is_beta":false,"boss_relics":[{"not_picked":["Ectoplasm","Runic Dome"],"picked":"WristBlade"},{"not_picked":["Calling Bell","Sozu"],"picked":"Ring of the Serpent"}],"items_purged_floors":[3,20],"is_endless":false,"potions_floor_spawned":[2,5,11,12,19,24,30,31,40,44,48],"killed_by":"Time Eater","ascension_level":7}