{"gold_per_floor":[116,197,197,208,208,241,301,301,301,40,52,62,94,49,49,153,153,170,188,188,188],"floor_reached":21,"playtime":1022,"items_purged":[],"score":187,"play_id":"edeac017-2eb9-421c-8bf6-8653ef85b209","local_time":"20190328193304","is_ascension_mode":false,"campfire_choices":[{"floor":8,"key":"REST"},{"floor":15,"key":"REST"}],"neow_cost":"NONE","seed_source_timestamp":19625275927604,"circlet_count":0,"master_deck":["Strike_R","Strike_R","Strike_R","Strike_R","Strike_R","Defend_R","Defend_R","Defend_R","Defend_R","Bash","Sentinel","Metallicize","Perfected Strike","Twin Strike","Armaments","Power Through+1","Heavy Blade","Berserk+1","Pommel Strike","Fiend Fire","Clumsy","Writhe","Pain","Metallicize+1","Warcry+1","Pain"],"relics":["Burning Blood","Frozen Egg 2","Blood Vial","Shuriken","Shovel","Toxic Egg 2","Ginger","Calling Bell","Art of War","Darkstone Periapt","Charon\u0027s Ashes","WarpedTongs"],"potions_floor_usage":[16,16,18],"damage_taken":[{"damage":8,"enemies":"Cultist","floor":1,"turns":5},{"damage":1,"enemies":"2 Louse","floor":4,"turns":4},{"damage":32,"enemies":"3 Sentries","floor":6,"turns":13},{"damage":22,"enemies":"3 Sentries","floor":7,"turns":9},{"damage":4,"enemies":"Small Slimes","floor":11,"turns":3},{"damage":11,"enemies":"2 Fungi Beasts","floor":12,"turns":7},{"damage":51,"enemies":"Lagavulin","floor":13,"turns":10},{"damage":38,"enemies":"Hexaghost","floor":16,"turns":11},{"damage":56,"enemies":"Spheric Guardian","floor":18,"turns":6},{"damage":29,"enemies":"3 Byrds","floor":19,"turns":8},{"damage":34,"enemies":"3 Cultists","floor":21,"turns":4}],"seed_played":"8647195796753056557","potions_obtained":[{"floor":6,"key":"GamblersBrew"},{"floor":11,"key":"FairyPotion"},{"floor":13,"key":"FearPotion"},{"floor":16,"key":"Swift Potion"}],"is_trial":false,"path_per_floor":["M","T","?","M","?","E","?","R","T","$","M","M","E","$","R","B",null,"M","M","?","M"],"character_chosen":"IRONCLAD","items_purchased":["Toxic Egg 2","Pommel Strike"],"campfire_rested":2,"item_purchase_floors":[10,14],"current_hp_per_floor":[78,78,78,80,80,54,40,64,64,64,68,65,22,22,46,16,80,30,9,15,0],"gold":188,"neow_bonus":"THREE_CARDS","is_prod":false,"is_daily":false,"chose_seed":false,"campfire_upgraded":0,"win_rate":0,"timestamp":1553765584,"path_taken":["M","?","?","M","?","E","?","R","T","$","M","?","E","?","R","BOSS","M","M","?","M"],"build_version":"2019-01-23","purchased_purges":0,"victory":false,"max_hp_per_floor":[80,80,80,80,80,80,80,80,80,80,80,80,80,80,80,80,80,80,80,86,86],"card_choices":[{"not_picked":["Bloodletting","Pummel"],"picked":"Sentinel","floor":0},{"not_picked":["Iron Wave","Shrug It Off"],"picked":"Metallicize","floor":1},{"not_picked":["Havoc","Disarm"],"picked":"Perfected Strike","floor":4},{"not_picked":["Shrug It Off","True Grit"],"picked":"Twin Strike","floor":6},{"not_picked":["Sentinel","Headbutt"],"picked":"Armaments","floor":7},{"not_picked":["Corruption+1","Rampage"],"picked":"Power Through+1","floor":11},{"not_picked":["True Grit+1","Ghostly Armor+1"],"picked":"Heavy Blade","floor":12},{"not_picked":["Iron Wave","Headbutt"],"picked":"Berserk+1","floor":13},{"not_picked":["Dark Embrace+1","Demon Form+1"],"picked":"Fiend Fire","floor":16},{"not_picked":["Carnage","Pummel"],"picked":"Metallicize+1","floor":18},{"not_picked":["Battle Trance+1","Dropkick"],"picked":"Warcry+1","floor":19}],"player_experience":244126,"relics_obtained":[{"floor":2,"key":"Frozen Egg 2"},{"floor":6,"key":"Blood Vial"},{"floor":9,"key":"Shovel"},{"floor":13,"key":"Ginger"},{"floor":17,"key":"Art of War"},{"floor":17,"key":"Darkstone Periapt"},{"floor":17,"key":"Charon\u0027s Ashes"}],"event_choices":[{"damage_healed":0,"gold_gain":0,"player_choice":"Ignored","damage_taken":0,"max_hp_gain":0,"max_hp_loss":0,"event_name":"Golden Wing","floor":3,"gold_loss":0},{"damage_healed":0,"gold_gain":0,"player_choice":"Leave","damage_taken":0,"max_hp_gain":0,"max_hp_loss":0,"event_name":"The Cleric","floor":5,"gold_loss":0},{"damage_healed":0,"gold_gain":0,"player_choice":"Searched \u00272\u0027 times","damage_taken":0,"relics_obtained":["Shuriken"],"max_hp_gain":0,"max_hp_loss":0,"event_name":"Dead Adventurer","floor":7,"gold_loss":0},{"damage_healed":0,"gold_gain":0,"player_choice":"Rummage","damage_taken":0,"relics_obtained":["WarpedTongs"],"max_hp_gain":0,"max_hp_loss":0,"event_name":"Accursed Blacksmith","floor":20,"gold_loss":0,"cards_obtained":["Pain"]}],"is_beta":false,"boss_relics":[{"not_picked":["Lizard Tail","Busted Crown"],"picked":"Calling Bell"}],"items_purged_floors":[],"is_endless":false,"potions_floor_spawned":[6,11,13,16],"killed_by":"3 Cultists","ascension_level":0}