{"gold_per_floor":[116,116,116,133,153,153,153,153,222,253,264,296,44,54,54,149,149,159,159,174,174,186,186,218,43,68,68,78,78,90,115,115,217,217,231,0,11,31,31,64,64,64,64,90,240,290,290,300,300,300],"floor_reached":51,"playtime":3828,"items_purged":[],"score":778,"play_id":"d716e41b-8100-480d-8d67-2b8e3ddafcb2","local_time":"20190709193126","is_ascension_mode":false,"campfire_choices":[{"data":"Shrug It Off","floor":6,"key":"SMITH"},{"floor":15,"key":"REST"},{"floor":23,"key":"REST"},{"floor":29,"key":"REST"},{"data":"Demon Form","floor":32,"key":"SMITH"},{"floor":42,"key":"REST"},{"floor":47,"key":"REST"},{"data":"The Bomb","floor":49,"key":"SMITH"}],"neow_cost":"NONE","seed_source_timestamp":25046506684219,"circlet_count":0,"master_deck":["Strike_R","Strike_R","Strike_R","Defend_R","Defend_R","Defend_R","Defend_R+1","Bash","Inflame","Iron Wave+1","Shrug It Off+1","Heavy Blade+1","Carnage","Clash","Flex","Inflame","The Bomb+1","Twin Strike","Demon Form+1","Armaments+1","Infernal Blade+1","Spot Weakness+1","Headbutt+1","Sword Boomerang+1","Reaper+1","Trip","Metallicize","Rage+1","Seeing Red+1","Feed+1","Clash+1","Dropkick+1","Fire Breathing+1","Shrug It Off+1","Shrug It Off+1","Thunderclap+1","Madness","Madness","Pommel Strike+1"],"relics":["Burning Blood","Gremlin Horn","Lantern","Bag of Preparation","Black Star","Molten Egg 2","Matryoshka","Question Card","Happy Flower","War Paint","Bottled Tornado","Anchor","Sozu","Red Mask","SsserpentHead","Juzu Bracelet","Gambling Chip","Orichalcum","Pear","Charon\u0027s Ashes","Vajra","Peace Pipe"],"potions_floor_usage":[12,16,24,24,31,31,33,50],"damage_taken":[{"damage":8,"enemies":"Jaw Worm","floor":1,"turns":4},{"damage":0,"enemies":"2 Louse","floor":4,"turns":2},{"damage":1,"enemies":"Cultist","floor":5,"turns":3},{"damage":26,"enemies":"Lagavulin","floor":10,"turns":8},{"damage":12,"enemies":"Blue Slaver","floor":11,"turns":2},{"damage":4,"enemies":"3 Sentries","floor":12,"turns":4},{"damage":0,"enemies":"3 Louse","floor":14,"turns":1},{"damage":64,"enemies":"The Guardian","floor":16,"turns":7},{"damage":13,"enemies":"3 Byrds","floor":18,"turns":3},{"damage":34,"enemies":"Shell Parasite","floor":20,"turns":6},{"damage":20,"enemies":"Sentry and Sphere","floor":22,"turns":4},{"damage":19,"enemies":"Gremlin Leader","floor":24,"turns":4},{"damage":0,"enemies":"Centurion and Healer","floor":28,"turns":4},{"damage":0,"enemies":"Chosen and Byrds","floor":30,"turns":4},{"damage":2,"enemies":"Slavers","floor":31,"turns":3},{"damage":20,"enemies":"Collector","floor":33,"turns":5},{"damage":7,"enemies":"3 Shapes","floor":35,"turns":4},{"damage":0,"enemies":"Orb Walker","floor":37,"turns":2},{"damage":15,"enemies":"Writhing Mass","floor":38,"turns":3},{"damage":58,"enemies":"Nemesis","floor":40,"turns":5},{"damage":23,"enemies":"Reptomancer","floor":44,"turns":4},{"damage":12,"enemies":"Mind Bloom Boss Battle","floor":45,"turns":4},{"damage":1,"enemies":"Jaw Worm Horde","floor":48,"turns":3},{"damage":76,"enemies":"Donu and Deca","floor":50,"turns":7}],"seed_played":"8542846446632585339","potions_obtained":[{"floor":1,"key":"Strength Potion"},{"floor":5,"key":"LiquidBronze"},{"floor":14,"key":"Swift Potion"},{"floor":16,"key":"Weak Potion"},{"floor":22,"key":"Poison Potion"},{"floor":24,"key":"FearPotion"},{"floor":30,"key":"Energy Potion"},{"floor":33,"key":"Fire Potion"}],"is_trial":false,"path_per_floor":["M","?","?","M","M","R","?","$","T","E","M","E","$","M","R","B",null,"M","?","M","T","M","R","E","$","T","?","M","R","M","E","R","B",null,"M","?","M","M","?","E","$","R","T","E","?","?","R","M","R","B",null],"character_chosen":"IRONCLAD","items_purchased":["Inflame","The Bomb","Reaper+1","Trip"],"campfire_rested":5,"item_purchase_floors":[13,13,25,25],"current_hp_per_floor":[78,78,78,80,80,80,80,80,80,60,54,56,56,62,80,22,80,73,73,45,45,31,55,42,42,42,42,61,80,80,80,80,66,80,79,79,84,75,75,27,27,53,63,62,56,44,73,93,93,50],"gold":300,"neow_bonus":"THREE_CARDS","is_prod":false,"is_daily":false,"chose_seed":false,"campfire_upgraded":3,"win_rate":0.0,"timestamp":1562697086,"path_taken":["M","?","?","M","?","R","?","$","T","E","M","E","$","M","R","BOSS","M","?","?","?","M","R","E","?","T","?","M","R","M","E","R","BOSS","M","?","M","M","?","E","$","R","T","E","?","?","R","M","R","BOSS"],"build_version":"2019-07-05","purchased_purges":0,"victory":true,"max_hp_per_floor":[80,80,80,80,80,80,80,80,80,80,80,80,80,80,80,80,80,80,80,80,80,80,80,80,80,80,80,80,80,80,80,80,80,80,80,80,84,84,84,88,88,88,98,98,98,98,98,102,102,102],"card_choices":[{"not_picked":["Fire Breathing","Corruption"],"picked":"Inflame","floor":0},{"not_picked":["Metallicize","Seeing Red"],"picked":"Iron Wave","floor":1},{"not_picked":["Twin Strike","Metallicize"],"picked":"Shrug It Off","floor":4},{"not_picked":["Sword Boomerang","Uppercut"],"picked":"Heavy Blade","floor":5},{"not_picked":["Bludgeon","Searing Blow"],"picked":"Carnage","floor":10},{"not_picked":["Thunderclap","Seeing Red"],"picked":"Clash","floor":11},{"not_picked":["Rampage","Battle Trance"],"picked":"Flex","floor":12},{"not_picked":["Dark Embrace","Warcry"],"picked":"Twin Strike","floor":14},{"not_picked":["Juggernaut","Barricade"],"picked":"Demon Form","floor":16},{"not_picked":["Shrug It Off","Clothesline"],"picked":"Armaments+1","floor":18},{"not_picked":["Intimidate","Infernal Blade"],"picked":"Spot Weakness+1","floor":20},{"not_picked":["Perfected Strike+1","Anger+1"],"picked":"Headbutt+1","floor":22},{"not_picked":["Anger+1","True Grit"],"picked":"Sword Boomerang+1","floor":24},{"not_picked":["Pommel Strike+1","Seeing Red+1","Sword Boomerang+1"],"picked":"Metallicize","floor":28},{"not_picked":["Demon Form","Burning Pact","Power Through+1"],"picked":"Rage+1","floor":30},{"not_picked":["Armaments","Clothesline+1","Dual Wield"],"picked":"Seeing Red+1","floor":31},{"not_picked":["Double Tap","Impervious","Reaper+1"],"picked":"Feed+1","floor":33},{"not_picked":["Uppercut+1","Flame Barrier+1","Whirlwind+1"],"picked":"Clash+1","floor":35},{"not_picked":["Hemokinesis+1","Iron Wave+1","Entrench+1"],"picked":"Dropkick+1","floor":37},{"not_picked":["Pommel Strike+1","Blood for Blood+1","Warcry"],"picked":"Fire Breathing+1","floor":38},{"not_picked":["Spot Weakness","Cleave+1","Headbutt+1"],"picked":"Shrug It Off+1","floor":40},{"not_picked":["Burning Pact","Clothesline+1","Twin Strike+1"],"picked":"Shrug It Off+1","floor":44},{"not_picked":["Rage+1","Disarm","Body Slam+1"],"picked":"Thunderclap+1","floor":45},{"not_picked":["Battle Trance","Blood for Blood+1","Reckless Charge+1"],"picked":"Pommel Strike+1","floor":48}],"player_experience":14927,"relics_obtained":[{"floor":9,"key":"Gremlin Horn"},{"floor":10,"key":"Lantern"},{"floor":12,"key":"Bag of Preparation"},{"floor":21,"key":"Molten Egg 2"},{"floor":24,"key":"Matryoshka"},{"floor":24,"key":"Question Card"},{"floor":26,"key":"Happy Flower"},{"floor":26,"key":"War Paint"},{"floor":31,"key":"Bottled Tornado"},{"floor":31,"key":"Anchor"},{"floor":40,"key":"Juzu Bracelet"},{"floor":40,"key":"Gambling Chip"},{"floor":43,"key":"Orichalcum"},{"floor":43,"key":"Pear"},{"floor":44,"key":"Charon\u0027s Ashes"},{"floor":44,"key":"Vajra"},{"floor":45,"key":"Peace Pipe"}],"event_choices":[{"damage_healed":0,"gold_gain":0,"player_choice":"Ignored","damage_taken":0,"max_hp_gain":0,"max_hp_loss":0,"event_name":"Golden Wing","floor":2,"gold_loss":0},{"cards_removed":["Strike_R"],"damage_healed":0,"gold_gain":0,"player_choice":"Card Removal","damage_taken":0,"max_hp_gain":0,"max_hp_loss":0,"event_name":"Wheel of Change","floor":3,"gold_loss":0},{"damage_healed":0,"gold_gain":0,"player_choice":"Grow","damage_taken":0,"max_hp_gain":0,"max_hp_loss":0,"event_name":"Living Wall","floor":7,"gold_loss":0,"cards_upgraded":["Iron Wave"]},{"damage_healed":0,"gold_gain":0,"cards_transformed":["Strike_R"],"player_choice":"Transformed","damage_taken":0,"max_hp_gain":0,"max_hp_loss":0,"event_name":"Transmorgrifier","floor":19,"gold_loss":0,"cards_obtained":["Infernal Blade"]},{"damage_healed":0,"gold_gain":0,"player_choice":"Forge","damage_taken":0,"max_hp_gain":0,"max_hp_loss":0,"event_name":"Accursed Blacksmith","floor":27,"gold_loss":0,"cards_upgraded":["Heavy Blade"]},{"damage_healed":0,"gold_gain":0,"player_choice":"Paid","damage_taken":0,"relics_obtained":["Red Mask"],"max_hp_gain":0,"max_hp_loss":0,"event_name":"Tomb of Lord Red Mask","floor":36,"gold_loss":231},{"damage_healed":0,"gold_gain":0,"player_choice":"Trade","damage_taken":0,"relics_obtained":["SsserpentHead"],"max_hp_gain":0,"max_hp_loss":0,"event_name":"FaceTrader","floor":39,"gold_loss":0},{"damage_healed":0,"gold_gain":0,"player_choice":"Fight","damage_taken":0,"max_hp_gain":0,"max_hp_loss":0,"event_name":"MindBloom","floor":45,"gold_loss":0},{"damage_healed":0,"gold_gain":0,"player_choice":"Embrace Madness","damage_taken":12,"max_hp_gain":0,"max_hp_loss":0,"event_name":"Winding Halls","floor":46,"gold_loss":0,"cards_obtained":["Madness","Madness"]}],"is_beta":false,"boss_relics":[{"not_picked":["Runic Pyramid","Lizard Tail"],"picked":"Black Star"},{"not_picked":["Velvet Choker","Philosopher\u0027s Stone"],"picked":"Sozu"}],"items_purged_floors":[],"is_endless":false,"potions_floor_spawned":[1,5,14,16,22,24,30,33,35,45,48],"ascension_level":0}