{"gold_per_floor":[110,178,192,342,342,370,370,370,419,451,480,492,530,553,565,655,667,679],"floor_reached":18,"playtime":691,"items_purged":[],"score":298,"play_id":"3065f160-7956-41e0-bb81-d94b5532df48","local_time":"20190726234814","is_ascension_mode":true,"campfire_choices":[{"floor":8,"key":"REST"},{"floor":12,"key":"REST"},{"floor":15,"key":"REST"}],"neow_cost":"NONE","seed_source_timestamp":28858310275911,"circlet_count":0,"master_deck":["AscendersBane","Strike_B","Strike_B","Strike_B","Strike_B","Defend_B","Defend_B+1","Defend_B+1","Defend_B","Zap+1","Dualcast","Sunder","Cold Snap","Doubt","Creative AI+1","FTL","Auto Shields","Turbo","Thunder Strike"],"relics":["Cracked Core","Dodecahedron","MawBank","Blood Vial","Fusion Hammer"],"potions_floor_usage":[6,11,18],"damage_taken":[{"damage":2,"enemies":"Jaw Worm","floor":1,"turns":2},{"damage":0,"enemies":"2 Louse","floor":3,"turns":1},{"damage":22,"enemies":"3 Sentries","floor":6,"turns":9},{"damage":0,"enemies":"Small Slimes","floor":10,"turns":3},{"damage":8,"enemies":"Blue Slaver","floor":11,"turns":4},{"damage":32,"enemies":"Lagavulin","floor":13,"turns":7},{"damage":13,"enemies":"Large Slime","floor":14,"turns":7},{"damage":32,"enemies":"Hexaghost","floor":16,"turns":10},{"damage":56,"enemies":"3 Byrds","floor":18,"turns":4}],"seed_played":"-6715464649677707581","potions_obtained":[{"floor":1,"key":"Block Potion"},{"floor":6,"key":"Energy Potion"},{"floor":16,"key":"Energy Potion"}],"is_trial":false,"path_per_floor":["M","?","M","?","?","E","?","R","T","M","M","R","E","M","R","B",null,"M"],"character_chosen":"DEFECT","items_purchased":[],"campfire_rested":3,"item_purchase_floors":[],"current_hp_per_floor":[62,62,62,62,41,19,19,40,40,40,32,53,21,10,31,1,54,0],"gold":679,"neow_bonus":"UPGRADE_CARD","is_prod":false,"is_daily":false,"chose_seed":false,"campfire_upgraded":0,"win_rate":0,"timestamp":1564148894,"path_taken":["M","?","M","?","?","E","?","R","T","M","M","R","E","M","R","BOSS","M"],"build_version":"2019-07-17","purchased_purges":0,"victory":false,"max_hp_per_floor":[71,71,71,71,71,71,71,71,71,71,71,71,71,71,71,71,71,71],"card_choices":[{"not_picked":["Steam Power","Go for the Eyes"],"picked":"Sunder","floor":1},{"not_picked":["Steam","Beam Cell"],"picked":"Cold Snap","floor":3},{"not_picked":["Rip and Tear","Rebound"],"picked":"Creative AI","floor":6},{"not_picked":["Stack","Cold Snap"],"picked":"FTL","floor":10},{"not_picked":["Stack","Cold Snap","Redo"],"picked":"SKIP","floor":11},{"not_picked":["Gash","Turbo"],"picked":"Auto Shields","floor":13},{"not_picked":["Chaos","Compile Driver"],"picked":"Turbo","floor":14},{"not_picked":["Buffer","Biased Cognition"],"picked":"Thunder Strike","floor":16}],"player_experience":1091583,"relics_obtained":[{"floor":6,"key":"Dodecahedron"},{"floor":9,"key":"MawBank"},{"floor":13,"key":"Blood Vial"}],"event_choices":[{"damage_healed":0,"gold_gain":68,"player_choice":"Gained Gold","damage_taken":0,"max_hp_gain":0,"max_hp_loss":0,"event_name":"Golden Wing","floor":2,"gold_loss":0},{"damage_healed":0,"gold_gain":150,"player_choice":"AGREE","damage_taken":0,"max_hp_gain":0,"max_hp_loss":0,"event_name":"Liars Game","floor":4,"gold_loss":0,"cards_obtained":["Doubt"]},{"damage_healed":0,"gold_gain":0,"player_choice":"Entered Light","damage_taken":21,"max_hp_gain":0,"max_hp_loss":0,"event_name":"Shining Light","floor":5,"gold_loss":0,"cards_upgraded":["Defend_B","Defend_B"]},{"damage_healed":0,"gold_gain":0,"player_choice":"Upgraded","damage_taken":0,"max_hp_gain":0,"max_hp_loss":0,"event_name":"Upgrade Shrine","floor":7,"gold_loss":0,"cards_upgraded":["Creative AI"]}],"is_beta":false,"boss_relics":[{"not_picked":["Runic Pyramid","Busted Crown"],"picked":"Fusion Hammer"}],"items_purged_floors":[],"is_endless":false,"potions_floor_spawned":[1,6,16],"killed_by":"3 Byrds","ascension_level":15}