{"gold_per_floor":[367,367,54,71,71,105,105,138,165,181,194,214,214,70,70,146,146,165,181,181],"floor_reached":20,"playtime":1267,"items_purged":["Strike_G"],"score":368,"play_id":"2c99a7dd-5bd0-4ac0-861e-d27d6fd592b4","local_time":"20190430002957","is_ascension_mode":true,"campfire_choices":[{"floor":7.0,"key":"REST"},{"data":"Blade Dance","floor":13,"key":"SMITH"},{"floor":15,"key":"REST"}],"neow_cost":"TEN_PERCENT_HP_LOSS","seed_source_timestamp":482314682603586,"circlet_count":0,"master_deck":["AscendersBane","Defend_G","Defend_G","Defend_G","Defend_G","Defend_G","Strike_G","Strike_G","Strike_G","Strike_G+1","Survivor","Neutralize+1","Dagger Throw+1","Quick Slash","Infinite Blades","Accuracy","PiercingWail","Cloak And Dagger","Blade Dance+1","Flying Knee","Infinite Blades+1","Deflect","Burst","Blur+1","Deflect"],"special_seed":0,"relics":["Ring of the Snake","Tiny Chest","Gremlin Horn","Frozen Egg 2","Boot","Whetstone","Runic Pyramid"],"potions_floor_usage":[16,18,18,19,20],"damage_taken":[{"damage":1.0,"enemies":"2 Louse","floor":1.0,"turns":3.0},{"damage":1.0,"enemies":"Jaw Worm","floor":4.0,"turns":3.0},{"damage":26.0,"enemies":"Gremlin Nob","floor":6.0,"turns":4.0},{"damage":34.0,"enemies":"3 Sentries","floor":8.0,"turns":8.0},{"damage":2.0,"enemies":"Small Slimes","floor":10.0,"turns":3.0},{"damage":0,"enemies":"Blue Slaver","floor":11,"turns":5},{"damage":2,"enemies":"Looter","floor":12,"turns":4},{"damage":7,"enemies":"Hexaghost","floor":16,"turns":7},{"damage":7,"enemies":"2 Thieves","floor":18,"turns":4},{"damage":2,"enemies":"3 Byrds","floor":19,"turns":5},{"damage":48,"enemies":"Cultist and Chosen","floor":20,"turns":7}],"seed_played":"-5500630320185457103","potions_obtained":[{"floor":4.0,"key":"Energy Potion"},{"floor":10.0,"key":"Strength Potion"},{"floor":12,"key":"Block Potion"},{"floor":16,"key":"FearPotion"},{"floor":18,"key":"EssenceOfSteel"},{"floor":19,"key":"PowerPotion"}],"is_trial":false,"path_per_floor":["M","?","$","M","T","E","R","E","T","M","M","M","R","$","R","B",null,"M","M","M"],"character_chosen":"THE_SILENT","items_purchased":["Tiny Chest","Quick Slash","Infinite Blades","Infinite Blades+1","Deflect"],"campfire_rested":2,"item_purchase_floors":[3,3,3,14,14],"current_hp_per_floor":[58,58,58,57,57,31,49,15,15,13,13,11,11,11,29,22,51,44,42,0],"gold":181,"neow_bonus":"TWO_FIFTY_GOLD","is_prod":false,"is_daily":false,"chose_seed":false,"campfire_upgraded":1,"win_rate":0,"timestamp":1556598597,"path_taken":["M","?","$","M","?","E","R","E","T","M","M","M","R","$","R","BOSS","M","M","M"],"build_version":"2019-01-23","purchased_purges":1,"victory":false,"max_hp_per_floor":[60,60,60,60,60,60,60,60,60,60,60,60,60,60,60,60,60,60,60,60],"card_choices":[{"not_picked":["Leg Sweep","Distraction"],"picked":"Dagger Throw","floor":1.0},{"not_picked":["Sucker Punch","Leg Sweep"],"picked":"Accuracy","floor":4.0},{"not_picked":["Grand Finale","Well Laid Plans"],"picked":"PiercingWail","floor":6.0},{"not_picked":["Skewer","Deadly Poison"],"picked":"Cloak And Dagger","floor":8.0},{"not_picked":["Riddle With Holes","Heel Hook"],"picked":"Blade Dance","floor":10.0},{"not_picked":["Dodge and Roll","Deadly Poison"],"picked":"Flying Knee","floor":11},{"not_picked":["Dagger Throw","Acrobatics","Outmaneuver"],"picked":"SKIP","floor":12},{"not_picked":["Tools of the Trade+1","Grand Finale"],"picked":"Burst","floor":16},{"not_picked":["Heel Hook+1","Riddle With Holes"],"picked":"Blur+1","floor":18},{"not_picked":["Blur","Poisoned Stab"],"picked":"Deflect","floor":19}],"player_experience":1328181,"relics_obtained":[{"floor":5.0,"key":"Gremlin Horn"},{"floor":6.0,"key":"Frozen Egg 2"},{"floor":8.0,"key":"Boot"},{"floor":9.0,"key":"Whetstone"}],"event_choices":[{"damage_healed":0.0,"max_hp_gain":0.0,"max_hp_loss":0.0,"gold_gain":0.0,"event_name":"Living Wall","player_choice":"Grow","floor":2.0,"gold_loss":0.0,"damage_taken":0.0,"cards_upgraded":["Neutralize"]}],"is_beta":false,"boss_relics":[{"not_picked":["Busted Crown","Philosopher\u0027s Stone"],"picked":"Runic Pyramid"}],"items_purged_floors":[3],"is_endless":false,"potions_floor_spawned":[4,10,12,16,18,19],"killed_by":"Cultist and Chosen","ascension_level":20}