{"gold_per_floor":[20,20,36,54,71,71,93,93,117,152,169,188,188,208,208,284,284,304,316,316,316,327,355,372,372,372,372,420,32,45,74,74,74],"floor_reached":33,"playtime":1409,"items_purged":[],"score":506,"play_id":"a0163440-4bcc-479e-8564-f59d42a7694f","local_time":"20190723220850","is_ascension_mode":true,"campfire_choices":[{"data":"Tempest","floor":6,"key":"SMITH"},{"floor":8,"key":"REST"},{"floor":13,"key":"REST"},{"data":"Zap","floor":15,"key":"SMITH"},{"floor":25,"key":"REST"},{"floor":27,"key":"REST"},{"floor":32,"key":"REST"}],"neow_cost":"NO_GOLD","seed_source_timestamp":18137183006659,"circlet_count":0,"master_deck":["AscendersBane","Strike_B","Strike_B","Strike_B","Strike_B","Defend_B","Defend_B","Defend_B","Defend_B","Zap+1","Dualcast","Tempest+1","Rip and Tear","Darkness","Rebound","Hologram","Machine Learning","Compile Driver","Cold Snap","Ball Lightning","Hyperbeam","Go for the Eyes","Coolheaded","Hologram","Thunder Strike","Glacier","Static Discharge","All For One"],"relics":["Cracked Core","Bird Faced Urn","CultistMask","Odd Mushroom","Regal Pillow","Ancient Tea Set","Fusion Hammer","Blood Vial","Pear","Anchor","Membership Card","Juzu Bracelet","Frozen Egg 2"],"potions_floor_usage":[7,7,10,22,24,24,31,31],"damage_taken":[{"damage":3,"enemies":"2 Louse","floor":1,"turns":3},{"damage":1,"enemies":"Cultist","floor":3,"turns":3},{"damage":0,"enemies":"Small Slimes","floor":4,"turns":2},{"damage":7,"enemies":"Exordium Thugs","floor":5,"turns":4},{"damage":8,"enemies":"The Mushroom Lair","floor":7,"turns":2},{"damage":10,"enemies":"Gremlin Nob","floor":10,"turns":3},{"damage":15,"enemies":"Exordium Wildlife","floor":11,"turns":6},{"damage":21,"enemies":"Large Slime","floor":12,"turns":4},{"damage":13,"enemies":"Gremlin Gang","floor":14,"turns":3},{"damage":21,"enemies":"Slime Boss","floor":16,"turns":9},{"damage":9,"enemies":"Spheric Guardian","floor":18,"turns":3},{"damage":5,"enemies":"Chosen","floor":19,"turns":3},{"damage":21,"enemies":"Sentry and Sphere","floor":22,"turns":4},{"damage":24,"enemies":"Gremlin Leader","floor":23,"turns":9},{"damage":31,"enemies":"3 Cultists","floor":24,"turns":6},{"damage":15,"enemies":"Centurion and Healer","floor":30,"turns":3},{"damage":59,"enemies":"Slavers","floor":31,"turns":6},{"damage":55,"enemies":"Collector","floor":33,"turns":6}],"seed_played":"-5112615905182088498","potions_obtained":[{"floor":4,"key":"Explosive Potion"},{"floor":5,"key":"Poison Potion"},{"floor":7,"key":"Swift Potion"},{"floor":16,"key":"Weak Potion"},{"floor":19,"key":"Swift Potion"},{"floor":23,"key":"EssenceOfSteel"},{"floor":24,"key":"SkillPotion"}],"is_trial":false,"path_per_floor":["M","?","M","M","M","R","?","R","T","E","M","M","R","M","R","B",null,"M","M","?","?","M","E","M","R","T","R","T","$","M","E","R","B"],"character_chosen":"DEFECT","items_purchased":["Membership Card","Glacier","Static Discharge","Juzu Bracelet","SkillPotion"],"campfire_rested":5,"item_purchase_floors":[29,29,29,29,29],"current_hp_per_floor":[61,61,60,60,53,53,45,66,66,56,43,22,58,47,47,28,60,51,46,46,71,52,30,1,37,47,81,81,81,66,11,50,0],"gold":74,"neow_bonus":"ONE_RARE_RELIC","is_prod":false,"is_daily":false,"chose_seed":false,"campfire_upgraded":2,"win_rate":0,"timestamp":1563883730,"path_taken":["M","?","M","?","M","R","?","R","T","E","M","M","R","M","R","BOSS","M","M","?","?","?","E","M","R","T","R","?","?","M","E","R","BOSS"],"build_version":"2019-07-17","purchased_purges":0,"victory":false,"max_hp_per_floor":[71,71,71,71,71,71,71,71,71,71,71,71,71,71,71,71,71,71,71,71,71,71,71,71,71,81,81,81,81,81,81,81,81],"card_choices":[{"not_picked":["Leap","Hologram"],"picked":"Tempest","floor":1},{"not_picked":["Leap","Steam Power"],"picked":"Rip and Tear","floor":3},{"not_picked":["Coolheaded","Meteor Strike"],"picked":"Darkness","floor":4},{"not_picked":["Steam Power","Heatsinks"],"picked":"Rebound","floor":5},{"not_picked":["Streamline","Rebound"],"picked":"Hologram","floor":7},{"not_picked":["Chaos","Barrage"],"picked":"Machine Learning","floor":10},{"not_picked":["Leap","Turbo"],"picked":"Compile Driver","floor":11},{"not_picked":["Hologram","Gash"],"picked":"Cold Snap","floor":12},{"not_picked":["Coolheaded","Beam Cell"],"picked":"Ball Lightning","floor":14},{"not_picked":["Thunder Strike","Seek"],"picked":"Hyperbeam","floor":16},{"not_picked":["Hello World","Coolheaded"],"picked":"Go for the Eyes","floor":18},{"not_picked":["Hologram","Streamline"],"picked":"Coolheaded","floor":19},{"not_picked":["Conserve Battery","Hello World"],"picked":"Hologram","floor":22},{"not_picked":["Leap","Genetic Algorithm"],"picked":"Thunder Strike","floor":23},{"not_picked":["Go for the Eyes","Cold Snap","Force Field"],"picked":"SKIP","floor":24},{"not_picked":["Ball Lightning","Heatsinks","Leap+1"],"picked":"SKIP","floor":30},{"not_picked":["Double Energy","Melter"],"picked":"All For One","floor":31}],"player_experience":1085759,"relics_obtained":[{"floor":7,"key":"Odd Mushroom"},{"floor":9,"key":"Regal Pillow"},{"floor":10,"key":"Ancient Tea Set"},{"floor":23,"key":"Blood Vial"},{"floor":26,"key":"Pear"},{"floor":28,"key":"Anchor"},{"floor":31,"key":"Frozen Egg 2"}],"event_choices":[{"damage_healed":0,"gold_gain":0,"player_choice":"Trade","damage_taken":0,"relics_obtained":["CultistMask"],"max_hp_gain":0,"max_hp_loss":0,"event_name":"FaceTrader","floor":2,"gold_loss":0},{"damage_healed":0,"gold_gain":0,"player_choice":"Fought Mushrooms","damage_taken":0,"max_hp_gain":0,"max_hp_loss":0,"event_name":"Mushrooms","floor":7,"gold_loss":0},{"damage_healed":0,"gold_gain":0,"player_choice":"Ignored","damage_taken":0,"max_hp_gain":0,"max_hp_loss":0,"event_name":"Ghosts","floor":20,"gold_loss":0},{"damage_healed":25,"gold_gain":0,"player_choice":"Full Heal","damage_taken":0,"max_hp_gain":0,"max_hp_loss":0,"event_name":"Wheel of Change","floor":21,"gold_loss":0}],"is_beta":false,"boss_relics":[{"not_picked":["White Beast Statue","Tiny House"],"picked":"Fusion Hammer"}],"items_purged_floors":[],"is_endless":false,"potions_floor_spawned":[4,5,7,16,19,23,24,30],"killed_by":"Collector","ascension_level":15}