{"gold_per_floor":[113,130,130,130,149,149,188,206,206,206,171,171,202,220,220,220],"floor_reached":16,"playtime":567,"items_purged":[],"score":201,"play_id":"885d396e-1b82-47ef-8081-9dd663c053a2","local_time":"20190702170221","is_ascension_mode":true,"campfire_choices":[{"data":"Sucker Punch","floor":6,"key":"SMITH"},{"floor":12,"key":"REST"},{"floor":15,"key":"REST"}],"neow_cost":"NONE","seed_source_timestamp":7625174864474,"circlet_count":0,"master_deck":["AscendersBane","Strike_G","Strike_G","Strike_G","Strike_G","Strike_G","Defend_G","Defend_G","Defend_G","Defend_G","Defend_G","Survivor","Neutralize+1","Panacea","Distraction","Dagger Spray","Injury","Sucker Punch+1","Poisoned Stab","Quick Slash","Backstab"],"relics":["Ring of the Snake","Golden Idol","Bag of Preparation","Centennial Puzzle","Pear"],"potions_floor_usage":[8,16,16],"damage_taken":[{"damage":3,"enemies":"2 Louse","floor":1,"turns":4},{"damage":5,"enemies":"Small Slimes","floor":2,"turns":6},{"damage":0,"enemies":"Jaw Worm","floor":5,"turns":3},{"damage":41,"enemies":"3 Sentries","floor":7,"turns":10},{"damage":5,"enemies":"2 Fungi Beasts","floor":8,"turns":3},{"damage":27,"enemies":"Gremlin Nob","floor":13,"turns":4},{"damage":10,"enemies":"3 Louse","floor":14,"turns":2},{"damage":52,"enemies":"Hexaghost","floor":16,"turns":15}],"seed_played":"-3282630446596720071","potions_obtained":[{"floor":5,"key":"Fruit Juice"},{"floor":7,"key":"Dexterity Potion"},{"floor":14,"key":"Poison Potion"}],"is_trial":false,"path_per_floor":["M","M","?","?","M","R","E","M","T","?","?","R","E","M","R","B"],"character_chosen":"THE_SILENT","items_purchased":[],"campfire_rested":2,"item_purchase_floors":[],"current_hp_per_floor":[60,55,55,55,55,55,14,14,14,14,32,54,37,27,52,0],"gold":220,"neow_bonus":"RANDOM_COLORLESS","is_prod":false,"is_daily":false,"chose_seed":false,"campfire_upgraded":1,"win_rate":0,"timestamp":1562050941,"path_taken":["M","M","?","?","?","R","E","M","T","?","?","R","E","M","R","BOSS"],"build_version":"2019-07-01","purchased_purges":0,"victory":false,"max_hp_per_floor":[70,70,70,70,70,70,70,75,75,75,75,75,85,85,85,85],"card_choices":[{"not_picked":["Deadly Poison","Sucker Punch"],"picked":"Distraction","floor":1},{"not_picked":["Outmaneuver","Backflip"],"picked":"Dagger Spray","floor":2},{"not_picked":["Reflex","Distraction"],"picked":"Sucker Punch","floor":5},{"not_picked":["Terror","Dagger Spray"],"picked":"Poisoned Stab","floor":7},{"not_picked":["Outmaneuver","Prepared"],"picked":"Quick Slash","floor":8},{"not_picked":["Sucker Punch","Dagger Spray"],"picked":"Backstab","floor":13},{"not_picked":["Finisher","Eviscerate","Deflect"],"picked":"SKIP","floor":14}],"player_experience":891916,"relics_obtained":[{"floor":7,"key":"Bag of Preparation"},{"floor":9,"key":"Centennial Puzzle"},{"floor":13,"key":"Pear"}],"event_choices":[{"damage_healed":0,"gold_gain":0,"player_choice":"Grow","damage_taken":0,"max_hp_gain":0,"max_hp_loss":0,"event_name":"Living Wall","floor":3,"gold_loss":0,"cards_upgraded":["Neutralize"]},{"damage_healed":0,"gold_gain":0,"player_choice":"Take Wound","damage_taken":0,"relics_obtained":["Golden Idol"],"max_hp_gain":0,"max_hp_loss":0,"event_name":"Golden Idol","floor":4,"gold_loss":0,"cards_obtained":["Injury"]},{"damage_healed":0,"gold_gain":0,"player_choice":"Ignored","damage_taken":0,"max_hp_gain":0,"max_hp_loss":0,"event_name":"Golden Wing","floor":10,"gold_loss":0},{"damage_healed":18,"gold_gain":0,"player_choice":"Healed","damage_taken":0,"max_hp_gain":0,"max_hp_loss":0,"event_name":"The Cleric","floor":11,"gold_loss":35}],"is_beta":false,"boss_relics":[],"items_purged_floors":[],"is_endless":false,"potions_floor_spawned":[5,7,14],"killed_by":"Hexaghost","ascension_level":12}