{"path_per_floor":["M","M","M","M","M","E","?","?","T","?","M","R","$","E","R","B",null,"M","$","?","M","M","R","?","E","T","E","?","$","M","?","R"],"character_chosen":"THE_SILENT","items_purchased":["Adrenaline","Gremlin Horn","Flechettes"],"gold_per_floor":[117,135,152,171,182,214,314,314,337,337,349,349,110,137,137,237,237,254,4,4,16,35,35,35,62,89,124,124,52,71,71,71],"floor_reached":33,"campfire_rested":3,"playtime":2457,"current_hp_per_floor":[70,69,69,67,60,12,12,12,12,12,12,33,33,25,46,27,70,66,66,66,66,65,65,65,52,52,10,33,33,23,23,44],"items_purged":["Defend_G"],"gold":71,"score":295,"play_id":"80e615ff-0029-4173-861b-eeff487b46e9","local_time":"20180320030822","is_prod":false,"is_daily":false,"is_ascension_mode":false,"campfire_upgraded":1,"timestamp":1521529702,"path_taken":["M","M","M","M","M","E","?","?","T","?","M","R","?","E","R","BOSS","M","$","?","?","M","R","?","E","T","E","?","?","?","?","R","BOSS"],"build_version":"2018-03-15v3","purchased_purges":1,"victory":false,"master_deck":["Defend_G","Defend_G","Defend_G","Defend_G","Strike_G","Strike_G","Strike_G","Survivor","Neutralize","Backflip","Reflex","Predator","Eviscerate","Quick Slash","Flying Knee","Acrobatics","Underhanded Strike","Adrenaline+1","Deflect","Tools of the Trade","Underhanded Strike+1","Outmaneuver","Prepared","Eviscerate","Expertise","Flechettes","Deflect+1","Adrenaline+1","Underhanded Strike+1"],"max_hp_per_floor":[70,70,70,70,70,70,70,70,70,70,70,70,70,70,70,70,70,70,70,70,70,70,70,70,70,70,70,70,70,70,70,70],"relics":["Ring of the Snake","Bronze Scales","Pen Nib","Oddly Smooth Stone","Sozu","Gremlin Horn","Blood Vial","Omamori","Dream Catcher"],"card_choices":[{"not_picked":["Deadly Poison","Blade Dance"],"picked":"Backflip"},{"not_picked":["Night Terror","Sucker Punch"],"picked":"Reflex"},{"not_picked":["Deadly Poison","Outmaneuver"],"picked":"Predator"},{"not_picked":["Dodge and Roll","Crippling Poison"],"picked":"Eviscerate"},{"not_picked":["Deadly Poison","Dodge and Roll"],"picked":"Quick Slash"},{"not_picked":["Sucker Punch","Quick Slash"],"picked":"Flying Knee"},{"not_picked":["Deadly Poison","Infinite Blades"],"picked":"Acrobatics"},{"not_picked":["Catalyst","Expertise"],"picked":"Underhanded Strike"},{"not_picked":["Infinite Blades","Underhanded Strike"],"picked":"Deflect"},{"not_picked":["Adrenaline","Glass Knife"],"picked":"Tools of the Trade"},{"not_picked":["Masterful Stab","Flechettes"],"picked":"Underhanded Strike"},{"not_picked":["Distraction","All Out Attack"],"picked":"Outmaneuver"},{"not_picked":["Terror","Bane"],"picked":"Prepared"},{"not_picked":["Quick Slash","Dodge and Roll"],"picked":"Eviscerate"},{"not_picked":["Crippling Poison","Eviscerate"],"picked":"Expertise"},{"not_picked":["Flechettes","Eviscerate"],"picked":"Deflect"},{"not_picked":["PiercingWail","Dagger Throw"],"picked":"Underhanded Strike"}],"player_experience":19278,"potions_floor_usage":[6,14,16,30],"damage_taken":[{"damage":0,"enemies":"2 Louse","floor":1,"turns":4},{"damage":1,"enemies":"Cultist","floor":2,"turns":6},{"damage":0,"enemies":"Small Slimes","floor":3,"turns":3},{"damage":2,"enemies":"Looter","floor":4,"turns":4},{"damage":7,"enemies":"Exordium Wildlife","floor":5,"turns":7},{"damage":48,"enemies":"Lagavulin","floor":6,"turns":9},{"damage":0,"enemies":"2 Fungi Beasts","floor":11,"turns":3},{"damage":14,"enemies":"Gremlin Nob","floor":14,"turns":3},{"damage":19,"enemies":"Hexaghost","floor":16,"turns":9},{"damage":4,"enemies":"Spheric Guardian","floor":18,"turns":3},{"damage":0,"enemies":"Shell Parasite","floor":21,"turns":3},{"damage":1,"enemies":"Snake Plant","floor":22,"turns":3},{"damage":13,"enemies":"Book of Stabbing","floor":25,"turns":5},{"damage":44,"enemies":"Gremlin Leader","floor":27,"turns":5},{"damage":12,"enemies":"Chosen and Byrds","floor":30,"turns":5},{"damage":47,"enemies":"Collector","floor":33,"turns":6}],"event_choices":[{"event_name":"Golden Shrine","player_choice":"Pray","floor":7,"damage_taken":0},{"event_name":"Scrap Ooze","player_choice":"unsuccessful","floor":8,"damage_taken":0},{"event_name":"Bonfire Elementals","player_choice":"BASIC","floor":10,"damage_taken":0},{"event_name":"Purifier","player_choice":"One Purge","floor":20,"damage_taken":0},{"event_name":"Beggar","player_choice":"Ignored","floor":24,"damage_taken":0},{"event_name":"The Library","player_choice":"Heal","floor":28,"damage_taken":0},{"event_name":"Duplicator","player_choice":"One dupe","floor":31,"damage_taken":0}],"boss_relics":[{"not_picked":["Snecko Eye","Velvet Choker"],"picked":"Sozu"}],"potions_floor_spawned":[1,2,4,6,21,22],"seed_played":"2960278053551159848","killed_by":"Collector","ascension_level":0,"is_trial":false}