{"gold_per_floor":[214,228,244,28,47,47,73,223,299,328,91,91,118,138,138,210,210,227,256,269,269,269,269,269],"floor_reached":24,"playtime":1547,"items_purged":["Doubt"],"score":502,"play_id":"a5fcfb8b-4819-4188-bd4b-709b52e161fd","local_time":"20190728024149","is_ascension_mode":true,"campfire_choices":[{"data":"Zap","floor":6.0,"key":"SMITH"},{"floor":12.0,"key":"REST"},{"data":"Defragment","floor":15.0,"key":"SMITH"},{"data":"Fission","floor":23,"key":"SMITH"}],"neow_cost":"NONE","seed_source_timestamp":39436012876941,"circlet_count":0,"master_deck":["AscendersBane","Strike_B+1","Strike_B+1","Strike_B+1","Strike_B+1","Defend_B+1","Defend_B+1","Defend_B+1","Defend_B+1","Zap+1","Dualcast","Glacier","Ball Lightning","Compile Driver","Defragment+1","Seek","Multi-Cast","Electrodynamics","Fission+1","Creative AI","Gash+1","Go for the Eyes","Steam","Recycle"],"special_seed":0,"relics":["Cracked Core","Bag of Preparation","StoneCalendar","Ornamental Fan","Happy Flower","Omamori","Unceasing Top","White Beast Statue","Red Mask"],"potions_floor_usage":[20,24,24],"damage_taken":[{"damage":1.0,"enemies":"Cultist","floor":1.0,"turns":4.0},{"damage":1.0,"enemies":"Small Slimes","floor":2.0,"turns":3.0},{"damage":2.0,"enemies":"Jaw Worm","floor":3.0,"turns":4.0},{"damage":1.0,"enemies":"Looter","floor":5.0,"turns":4.0},{"damage":17.0,"enemies":"Lagavulin","floor":7.0,"turns":8.0},{"damage":21.0,"enemies":"Gremlin Nob","floor":10.0,"turns":4.0},{"damage":15.0,"enemies":"Lagavulin","floor":13.0,"turns":5.0},{"damage":0.0,"enemies":"3 Louse","floor":14.0,"turns":1.0},{"damage":0.0,"enemies":"The Guardian","floor":16.0,"turns":10.0},{"damage":6.0,"enemies":"Chosen","floor":18.0,"turns":7.0},{"damage":15.0,"enemies":"Masked Bandits","floor":19.0,"turns":4.0},{"damage":0,"enemies":"3 Byrds","floor":20,"turns":2},{"damage":39,"enemies":"Book of Stabbing","floor":24,"turns":5}],"seed_played":"-7119124738784856546","potions_obtained":[{"floor":3.0,"key":"SkillPotion"},{"floor":7.0,"key":"Ancient Potion"},{"floor":10.0,"key":"Dexterity Potion"},{"floor":13.0,"key":"EntropicBrew"},{"floor":18.0,"key":"Energy Potion"},{"floor":19.0,"key":"Swift Potion"},{"floor":20,"key":"FearPotion"}],"is_trial":false,"path_per_floor":["M","M","M","$","M","R","E","?","T","E","$","R","E","M","R","B",null,"M","?","M","?","?","R","E"],"character_chosen":"DEFECT","items_purchased":["Defragment","Bag of Preparation","Omamori"],"campfire_rested":1,"item_purchase_floors":[4,4,11],"current_hp_per_floor":[63,62,60,60,59,59,42,42,42,21,21,42,27,27,27,27,60,54,39,39,39,39,39,0],"gold":269,"neow_bonus":"HUNDRED_GOLD","is_prod":false,"is_daily":false,"chose_seed":false,"campfire_upgraded":3,"win_rate":0,"timestamp":1564296109,"path_taken":["M","M","M","$","M","R","E","?","T","E","$","R","E","M","R","BOSS","M","?","M","?","?","R","E"],"build_version":"2019-07-17","purchased_purges":1,"victory":false,"max_hp_per_floor":[71,71,71,71,71,71,71,71,71,71,71,71,71,71,71,71,71,71,71,71,71,71,71,71],"card_choices":[{"not_picked":["Coolheaded","Undo"],"picked":"Glacier","floor":1.0},{"not_picked":["Gash","Force Field"],"picked":"Ball Lightning","floor":2.0},{"not_picked":["Self Repair","Ball Lightning"],"picked":"Compile Driver","floor":3.0},{"not_picked":["Beam Cell","Coolheaded"],"picked":"Seek","floor":5.0},{"not_picked":["Scrape","Ball Lightning"],"picked":"Multi-Cast","floor":7.0},{"not_picked":["White Noise","Doom and Gloom"],"picked":"Electrodynamics","floor":10.0},{"not_picked":["Storm","Self Repair"],"picked":"Fission","floor":13.0},{"not_picked":["Redo","Heatsinks","Streamline"],"picked":"SKIP","floor":14.0},{"not_picked":["Fission","Reboot"],"picked":"Creative AI","floor":16.0},{"not_picked":["Stack","Barrage"],"picked":"Gash+1","floor":18.0},{"not_picked":["Reprogram","Stack+1"],"picked":"Go for the Eyes","floor":19.0},{"not_picked":["Rainbow","Undo"],"picked":"Steam","floor":20}],"player_experience":1632247,"relics_obtained":[{"floor":7.0,"key":"StoneCalendar"},{"floor":9.0,"key":"Ornamental Fan"},{"floor":10.0,"key":"Happy Flower"},{"floor":13.0,"key":"Unceasing Top"},{"floor":19.0,"key":"Red Mask"}],"event_choices":[{"damage_healed":0.0,"max_hp_gain":0.0,"max_hp_loss":0.0,"gold_gain":150.0,"event_name":"Liars Game","player_choice":"AGREE","floor":8.0,"gold_loss":0.0,"damage_taken":0.0,"cards_obtained":["Doubt"]},{"damage_healed":0.0,"max_hp_gain":0.0,"max_hp_loss":0.0,"gold_gain":0.0,"event_name":"Masked Bandits","player_choice":"Fought Bandits","floor":19.0,"gold_loss":0.0,"damage_taken":0.0},{"damage_healed":0,"gold_gain":0,"player_choice":"Simplicity","damage_taken":0,"max_hp_gain":0,"max_hp_loss":0,"event_name":"Back to Basics","floor":21,"gold_loss":0,"cards_upgraded":["Strike_B","Strike_B","Strike_B","Strike_B","Defend_B","Defend_B","Defend_B","Defend_B"]},{"damage_healed":0,"gold_gain":0,"player_choice":"Read","damage_taken":0,"max_hp_gain":0,"max_hp_loss":0,"event_name":"The Library","floor":22,"gold_loss":0,"cards_obtained":["Recycle"]}],"is_beta":false,"boss_relics":[{"not_picked":["Snecko Eye","Fusion Hammer"],"picked":"White Beast Statue"}],"items_purged_floors":[11],"is_endless":false,"potions_floor_spawned":[3,7,10,13,14,18,19,20],"killed_by":"Book of Stabbing","ascension_level":18}