{"gold_per_floor":[113,124,124,141,152,152,182,182,182,210,210,220,220,247,247,324,324,340,340,340,340,350,350,381,381],"floor_reached":25,"playtime":1119,"items_purged":[],"score":406,"play_id":"dcb611b5-9e8e-4591-9523-3d67bd66340a","local_time":"20181220131255","is_ascension_mode":true,"campfire_choices":[{"data":"Underhanded Strike","floor":6.0,"key":"SMITH"},{"floor":8.0,"key":"REST"},{"floor":11.0,"key":"REST"},{"floor":15.0,"key":"REST"},{"floor":23.0,"key":"RECALL"}],"neow_cost":"NONE","seed_source_timestamp":581676845245196,"circlet_count":0,"master_deck":["AscendersBane","Defend_G","Defend_G","Defend_G","Defend_G","Defend_G","Strike_G","Strike_G","Strike_G","Strike_G","Strike_G","Survivor","Neutralize","Underhanded Strike+1","Heel Hook","Sucker Punch","Finisher","Cloak And Dagger","Noxious Fumes+1","Phantasmal Killer","After Image+1"],"special_seed":0,"relics":["Runic Pyramid","Frozen Egg 2","Mummified Hand","Happy Flower","Fusion Hammer","Turnip","Sundial"],"potions_floor_usage":[],"damage_taken":[{"damage":6.0,"enemies":"2 Louse","floor":1.0,"turns":4.0},{"damage":3.0,"enemies":"Small Slimes","floor":2.0,"turns":4.0},{"damage":0.0,"enemies":"Jaw Worm","floor":4.0,"turns":4.0},{"damage":1.0,"enemies":"Looter","floor":5.0,"turns":4.0},{"damage":27.0,"enemies":"3 Sentries","floor":7.0,"turns":9.0},{"damage":26.0,"enemies":"Gremlin Nob","floor":10.0,"turns":5.0},{"damage":1.0,"enemies":"Exordium Wildlife","floor":12.0,"turns":5.0},{"damage":6.0,"enemies":"Lagavulin","floor":14.0,"turns":5.0},{"damage":21.0,"enemies":"Hexaghost","floor":16.0,"turns":9.0},{"damage":0.0,"enemies":"Chosen","floor":18.0,"turns":5.0},{"damage":0.0,"enemies":"3 Byrds","floor":22.0,"turns":5.0},{"damage":30.0,"enemies":"Slavers","floor":24.0,"turns":7.0},{"damage":37,"enemies":"Cultist and Chosen","floor":25,"turns":4}],"seed_played":"4477742244278134781","potions_obtained":[{"floor":2.0,"key":"Energy Potion"},{"floor":4.0,"key":"LiquidBronze"},{"floor":10.0,"key":"Strength Potion"},{"floor":18.0,"key":"GhostInAJar"}],"is_trial":false,"path_per_floor":["M","M","?","M","M","R","E","R","T","E","R","M","?","E","R","B",null,"M","?","?","?","M","R","E","M"],"character_chosen":"THE_SILENT","items_purchased":[],"campfire_rested":3,"item_purchase_floors":[],"current_hp_per_floor":[53,50,55,55,54,54,27,48,48,22,43,42,42,36,57,36,62,62,62,62,49,49,49,19,0],"gold":381,"neow_bonus":"BOSS_RELIC","is_prod":false,"is_daily":false,"chose_seed":false,"campfire_upgraded":1,"win_rate":0,"timestamp":1545329575,"path_taken":["M","M","?","M","M","R","E","R","T","E","R","M","?","E","R","BOSS","M","?","?","?","?","R","E","M"],"build_version":"2018-12-13","purchased_purges":0,"victory":false,"max_hp_per_floor":[66,66,71,71,71,71,71,71,71,71,71,71,71,71,71,71,71,71,71,71,76,76,76,76,76],"card_choices":[{"not_picked":["Dagger Spray","Riddle With Holes"],"picked":"Underhanded Strike","floor":1.0},{"not_picked":["Bane","Prepared"],"picked":"Heel Hook","floor":2.0},{"not_picked":["Backflip","Calculated Gamble"],"picked":"Sucker Punch","floor":4.0},{"not_picked":["Blade Dance","Cloak And Dagger"],"picked":"Finisher","floor":5.0},{"not_picked":["Escape Plan","Predator"],"picked":"Cloak And Dagger","floor":7.0},{"not_picked":["Crippling Poison","Well Laid Plans+1"],"picked":"Noxious Fumes+1","floor":10.0},{"not_picked":["Poisoned Stab","Backstab"],"picked":"Phantasmal Killer","floor":12.0},{"not_picked":["Poisoned Stab","Eviscerate","Outmaneuver"],"picked":"SKIP","floor":14.0},{"not_picked":["Burst","Envenom+1"],"picked":"After Image+1","floor":16.0},{"not_picked":["Blade Dance","Acrobatics","All Out Attack"],"picked":"SKIP","floor":18.0},{"not_picked":["Poisoned Stab","Flying Knee","Dagger Spray"],"picked":"SKIP","floor":22.0},{"not_picked":["Acrobatics","Blur","Poisoned Stab"],"picked":"SKIP","floor":24.0}],"player_experience":927778,"relics_obtained":[{"floor":7.0,"key":"Frozen Egg 2"},{"floor":10.0,"key":"Mummified Hand"},{"floor":14.0,"key":"Happy Flower"},{"floor":24.0,"key":"Sundial"}],"event_choices":[{"damage_healed":0.0,"max_hp_gain":5.0,"max_hp_loss":0.0,"gold_gain":0.0,"event_name":"Big Fish","player_choice":"Donut","floor":3.0,"gold_loss":0.0,"damage_taken":0.0},{"damage_healed":0.0,"max_hp_gain":0.0,"max_hp_loss":0.0,"gold_gain":0.0,"event_name":"Liars Game","player_choice":"Ignored","floor":13.0,"gold_loss":0.0,"damage_taken":0.0},{"damage_healed":0.0,"max_hp_gain":0.0,"max_hp_loss":0.0,"gold_gain":0.0,"event_name":"Cursed Tome","player_choice":"Ignored","floor":19.0,"gold_loss":0.0,"damage_taken":0.0},{"damage_healed":0.0,"max_hp_gain":0.0,"max_hp_loss":0.0,"gold_gain":0.0,"event_name":"The Mausoleum","player_choice":"Opened","floor":20.0,"gold_loss":0.0,"damage_taken":0.0,"relics_obtained":["Turnip"]},{"damage_healed":0.0,"max_hp_gain":5.0,"max_hp_loss":0.0,"gold_gain":0.0,"event_name":"Forgotten Altar","player_choice":"Shed Blood","floor":21.0,"gold_loss":0.0,"damage_taken":18.0}],"is_beta":false,"boss_relics":[{"not_picked":["Astrolabe","WristBlade"],"picked":"Fusion Hammer"}],"items_purged_floors":[],"is_endless":false,"potions_floor_spawned":[2,4,10,18],"killed_by":"Cultist and Chosen","ascension_level":14}