{"gold_per_floor":[118,193,34,50,50,80,94,129,129,129,151,151,181,181,181,181],"floor_reached":16,"playtime":607,"items_purged":["Strike_R"],"score":268,"play_id":"b38d5a04-70d8-459e-bb96-c5346b8eee74","local_time":"20190720204516","is_ascension_mode":true,"campfire_choices":[{"data":"Searing Blow","floor":10,"key":"SMITH"},{"data":"Searing Blow+1","floor":12,"key":"SMITH"},{"data":"Searing Blow+3","floor":15,"key":"SMITH"}],"neow_cost":"NONE","seed_source_timestamp":764288429235462,"circlet_count":0,"master_deck":["AscendersBane","Strike_R+1","Strike_R","Strike_R","Strike_R","Defend_R","Defend_R","Defend_R","Defend_R","Bash","Searing Blow+4","Shockwave","Corruption","Sword Boomerang","Evolve"],"relics":["Burning Blood","NeowsBlessing","Mummified Hand","Letter Opener","Singing Bowl","Odd Mushroom","Whetstone","Bottled Tornado"],"potions_floor_usage":[8,11,13,16],"damage_taken":[{"damage":0,"enemies":"Jaw Worm","floor":1,"turns":1},{"damage":2,"enemies":"Small Slimes","floor":4,"turns":2},{"damage":0,"enemies":"3 Sentries","floor":6,"turns":2},{"damage":9,"enemies":"2 Louse","floor":7,"turns":4},{"damage":28,"enemies":"Lagavulin","floor":8,"turns":8},{"damage":6,"enemies":"The Mushroom Lair","floor":11,"turns":4},{"damage":35,"enemies":"3 Sentries","floor":13,"turns":7},{"damage":31,"enemies":"The Guardian","floor":16,"turns":6}],"seed_played":"1509487588410609532","potions_obtained":[{"floor":4,"key":"PowerPotion"},{"floor":6,"key":"SpeedPotion"},{"floor":8,"key":"SkillPotion"},{"floor":11,"key":"Strength Potion"}],"is_trial":false,"path_per_floor":["M","?","$","M","?","E","M","E","T","R","?","R","E","T","R","B"],"character_chosen":"IRONCLAD","items_purchased":["Shockwave"],"campfire_rested":0,"item_purchase_floors":[3],"current_hp_per_floor":[74,63,63,67,72,78,75,53,53,53,55,55,28,28,28,0],"gold":181,"neow_bonus":"THREE_ENEMY_KILL","is_prod":false,"is_daily":false,"chose_seed":false,"campfire_upgraded":3,"win_rate":0,"timestamp":1563669916,"path_taken":["M","?","$","M","?","E","M","E","T","R","?","R","E","?","R","BOSS"],"build_version":"2019-07-17","purchased_purges":1,"victory":false,"max_hp_per_floor":[75,75,75,75,80,80,80,80,80,80,82,82,84,84,84,84],"card_choices":[{"not_picked":["Headbutt","Sentinel"],"picked":"Searing Blow","floor":1},{"not_picked":["Sword Boomerang","Body Slam"],"picked":"Corruption","floor":4},{"not_picked":["Warcry","Hemokinesis","Body Slam"],"picked":"SKIP","floor":6},{"not_picked":["Body Slam","Corruption"],"picked":"Sword Boomerang","floor":7},{"not_picked":["Wild Strike","Pommel Strike"],"picked":"Evolve","floor":8},{"not_picked":["Sword Boomerang","Bloodletting","Cleave"],"picked":"Singing Bowl","floor":11},{"not_picked":["Anger","Sword Boomerang","Blood for Blood"],"picked":"Singing Bowl","floor":13}],"player_experience":1610605,"relics_obtained":[{"floor":6,"key":"Mummified Hand"},{"floor":8,"key":"Letter Opener"},{"floor":9,"key":"Singing Bowl"},{"floor":11,"key":"Odd Mushroom"},{"floor":13,"key":"Whetstone"},{"floor":14,"key":"Bottled Tornado"}],"event_choices":[{"damage_healed":0,"gold_gain":75,"player_choice":"Gather Gold","damage_taken":11,"max_hp_gain":0,"max_hp_loss":0,"event_name":"World of Goop","floor":2,"gold_loss":0},{"damage_healed":0,"gold_gain":0,"player_choice":"Donut","damage_taken":0,"max_hp_gain":5,"max_hp_loss":0,"event_name":"Big Fish","floor":5,"gold_loss":0},{"damage_healed":0,"gold_gain":0,"player_choice":"Fought Mushrooms","damage_taken":0,"max_hp_gain":0,"max_hp_loss":0,"event_name":"Mushrooms","floor":11,"gold_loss":0}],"is_beta":false,"boss_relics":[],"items_purged_floors":[3],"is_endless":false,"potions_floor_spawned":[4,6,8,11],"killed_by":"The Guardian","ascension_level":18}