{"gold_per_floor":[117,42,62,73,86,86,100,135,135,135,135,135,150,29,29,119,119,119,119,119,119,119,119,119,119,119,119,34,34,34,34,34,34,34,34,34,34,34,34,34,34,34,34,34],"floor_reached":44,"playtime":2640,"items_purged":["Strike_G"],"score":905,"play_id":"40ff2589-9985-42c3-80ea-ad4915eecd45","local_time":"20181226111647","is_ascension_mode":true,"campfire_choices":[{"data":"Bane","floor":6,"key":"SMITH"},{"data":"Deadly Poison","floor":10,"key":"SMITH"},{"data":"Neutralize","floor":12,"key":"SMITH"},{"data":"Poisoned Stab","floor":15,"key":"SMITH"},{"data":"Dodge and Roll","floor":23,"key":"SMITH"},{"data":"Crippling Poison","floor":25,"key":"SMITH"},{"data":"Blur","floor":27,"key":"SMITH"},{"floor":29,"key":"REST"},{"floor":32,"key":"RECALL"},{"floor":40,"key":"REST"}],"neow_cost":"NONE","seed_source_timestamp":33928954049842,"circlet_count":0,"master_deck":["AscendersBane","Defend_G","Defend_G","Defend_G","Defend_G","Defend_G","Strike_G","Strike_G","Survivor","Neutralize+1","Dagger Throw","Poisoned Stab+1","Bane+1","Deadly Poison+1","Dodge and Roll+1","Blur+1","Crippling Poison+1","Well Laid Plans","Corpse Explosion+1","Flechettes+1","PiercingWail+1","Heel Hook","Wraith Form v2","Deadly Poison+1","PiercingWail"],"relics":["Ring of the Snake","Dream Catcher","Letter Opener","Golden Idol","Ectoplasm","The Courier","Art of War","Smiling Mask","PreservedInsect","Empty Cage","Boot","Calipers"],"potions_floor_usage":[8,8,24,30,30,37],"damage_taken":[{"damage":0,"enemies":"Cultist","floor":1,"turns":5},{"damage":0,"enemies":"Jaw Worm","floor":3,"turns":4},{"damage":0,"enemies":"2 Louse","floor":4,"turns":2},{"damage":2,"enemies":"Red Slaver","floor":5,"turns":3},{"damage":3,"enemies":"Blue Slaver","floor":7,"turns":3},{"damage":7,"enemies":"3 Sentries","floor":8,"turns":9},{"damage":9,"enemies":"3 Louse","floor":13,"turns":3},{"damage":14,"enemies":"Hexaghost","floor":16,"turns":9},{"damage":1,"enemies":"3 Byrds","floor":18,"turns":4},{"damage":10,"enemies":"Spheric Guardian","floor":20,"turns":4},{"damage":7,"enemies":"Snecko","floor":21,"turns":5},{"damage":0,"enemies":"Snake Plant","floor":22,"turns":4},{"damage":3,"enemies":"Gremlin Leader","floor":24,"turns":7},{"damage":21,"enemies":"Slavers","floor":30,"turns":4},{"damage":29,"enemies":"Collector","floor":33,"turns":8},{"damage":1,"enemies":"Orb Walker","floor":35,"turns":4},{"damage":2,"enemies":"3 Darklings","floor":36,"turns":4},{"damage":11,"enemies":"4 Shapes","floor":37,"turns":7},{"damage":5,"enemies":"Sphere and 2 Shapes","floor":41,"turns":5},{"damage":34,"enemies":"Giant Head","floor":42,"turns":8},{"damage":32,"enemies":"Reptomancer","floor":44,"turns":3}],"seed_played":"-3669075110644784623","potions_obtained":[{"floor":3,"key":"Block Potion"},{"floor":7,"key":"EssenceOfSteel"},{"floor":13,"key":"Swift Potion"},{"floor":18,"key":"SkillPotion"},{"floor":22,"key":"PowerPotion"},{"floor":24,"key":"Regen Potion"},{"floor":36,"key":"SpeedPotion"},{"floor":37,"key":"Fruit Juice"}],"is_trial":false,"path_per_floor":["M","$","M","M","M","R","M","E","T","R","?","R","M","$","R","B",null,"M","?","M","M","M","R","E","R","T","R","?","R","E","?","R","B",null,"M","M","M","$","?","R","M","E","T","E"],"character_chosen":"THE_SILENT","items_purchased":["Crippling Poison","Well Laid Plans"],"campfire_rested":2,"item_purchase_floors":[14,14],"current_hp_per_floor":[59,59,59,59,57,57,54,47,47,47,47,47,38,38,38,24,56,55,55,45,38,38,38,35,35,35,35,35,54,47,47,47,18,54,53,51,45,45,45,66,61,27,27,0],"gold":34,"neow_bonus":"THREE_CARDS","is_prod":false,"is_daily":false,"chose_seed":false,"campfire_upgraded":7,"win_rate":0,"timestamp":1545841007,"path_taken":["M","$","M","M","M","R","?","E","T","R","?","R","M","$","R","BOSS","M","?","?","M","M","R","E","R","T","R","?","R","E","?","R","BOSS","M","M","M","?","?","R","M","E","T","E"],"build_version":"2018-12-20","purchased_purges":1,"victory":false,"max_hp_per_floor":[66,66,66,66,66,66,66,66,66,66,66,66,66,66,66,66,66,66,66,66,66,66,66,66,66,66,66,66,66,66,66,66,66,66,66,66,71,71,71,71,71,71,71,71],"card_choices":[{"not_picked":["Slice","Acrobatics"],"picked":"Dagger Throw","floor":0},{"not_picked":["Flying Knee","Concentrate"],"picked":"Poisoned Stab","floor":1},{"not_picked":["Catalyst","Cloak And Dagger"],"picked":"Bane","floor":3},{"not_picked":["Dash","Dagger Throw"],"picked":"Deadly Poison","floor":4},{"not_picked":["Underhanded Strike","Flying Knee","Quick Slash"],"picked":"SKIP","floor":5},{"not_picked":["Slice","Dash"],"picked":"Dodge and Roll","floor":7},{"not_picked":["Masterful Stab","Infinite Blades"],"picked":"Blur","floor":8},{"not_picked":["Finisher","Bane","Dodge and Roll"],"picked":"SKIP","floor":13},{"not_picked":["Storm of Steel","Grand Finale"],"picked":"Corpse Explosion","floor":16},{"not_picked":["Flying Knee","Bane+1","Sucker Punch+1"],"picked":"SKIP","floor":18},{"not_picked":["Flying Knee","Bane+1","Sucker Punch+1"],"picked":"SKIP","floor":18},{"not_picked":["Calculated Gamble","Deflect"],"picked":"Flechettes+1","floor":20},{"not_picked":["Catalyst+1","Calculated Gamble"],"picked":"PiercingWail+1","floor":21},{"not_picked":["Cloak And Dagger","Choke","Noxious Fumes"],"picked":"SKIP","floor":22},{"not_picked":["Flying Knee","Crippling Poison+1","Prepared"],"picked":"SKIP","floor":24},{"not_picked":["Terror","Slice"],"picked":"Heel Hook","floor":29},{"not_picked":["Setup+1","Poisoned Stab","Acrobatics"],"picked":"SKIP","floor":30},{"not_picked":["Venomology","Corpse Explosion"],"picked":"Wraith Form v2","floor":33},{"not_picked":["Endless Agony+1","Backflip","Crippling Poison"],"picked":"SKIP","floor":35},{"not_picked":["Dodge and Roll+1","Skewer+1","Blade Dance"],"picked":"SKIP","floor":36},{"not_picked":["Riddle With Holes","Flying Knee","Infinite Blades+1"],"picked":"SKIP","floor":37},{"not_picked":["Skewer+1","Prepared"],"picked":"Deadly Poison+1","floor":40},{"not_picked":["Dagger Throw","Dodge and Roll","Quick Slash"],"picked":"SKIP","floor":41},{"not_picked":["Corpse Explosion","Heel Hook"],"picked":"PiercingWail","floor":42}],"player_experience":993754,"relics_obtained":[{"floor":8,"key":"Dream Catcher"},{"floor":9,"key":"Letter Opener"},{"floor":24,"key":"The Courier"},{"floor":26,"key":"Art of War"},{"floor":30,"key":"PreservedInsect"},{"floor":42,"key":"Calipers"}],"event_choices":[{"damage_healed":0,"gold_gain":0,"player_choice":"Take Wound","damage_taken":0,"relics_obtained":["Golden Idol"],"max_hp_gain":0,"max_hp_loss":0,"event_name":"Golden Idol","floor":11,"gold_loss":0,"cards_obtained":["Injury"]},{"cards_removed":["Injury"],"damage_healed":0,"gold_gain":0,"player_choice":"Purged","damage_taken":0,"max_hp_gain":0,"max_hp_loss":0,"event_name":"Purifier","floor":19,"gold_loss":0},{"damage_healed":0,"gold_gain":0,"player_choice":"Obtained Relic","damage_taken":0,"relics_obtained":["Smiling Mask"],"max_hp_gain":0,"max_hp_loss":0,"event_name":"Addict","floor":28,"gold_loss":85},{"damage_healed":0,"gold_gain":0,"player_choice":"Forge","damage_taken":0,"max_hp_gain":0,"max_hp_loss":0,"event_name":"Accursed Blacksmith","floor":31,"gold_loss":0,"cards_upgraded":["Corpse Explosion"]},{"damage_healed":0,"gold_gain":0,"player_choice":"Gave Potion","damage_taken":0,"relics_obtained":["Boot"],"max_hp_gain":0,"max_hp_loss":0,"event_name":"WeMeetAgain","floor":39,"gold_loss":0}],"is_beta":false,"boss_relics":[{"not_picked":["Ring of the Serpent","Astrolabe"],"picked":"Ectoplasm"},{"not_picked":["Tiny House","Calling Bell"],"picked":"Empty Cage"}],"items_purged_floors":[2],"is_endless":false,"potions_floor_spawned":[3,7,13,18,22,24,36,37],"killed_by":"Reptomancer","ascension_level":16}