{"gold_per_floor":[118,135,48,48,102,135,153,181,207,207,207,12,82,82,82,82],"floor_reached":16,"playtime":759,"items_purged":["Regret"],"score":262,"play_id":"50f20352-6e61-4e3e-9ef9-34ab67fa3280","local_time":"20190506071125","is_ascension_mode":true,"campfire_choices":[{"floor":11,"key":"REST"},{"floor":15,"key":"REST"}],"neow_cost":"NONE","seed_source_timestamp":1025409542314133,"circlet_count":0,"master_deck":["AscendersBane","Defend_G","Defend_G","Defend_G","Defend_G+1","Defend_G+1","Strike_G","Strike_G","Strike_G","Strike_G","Strike_G","Survivor","Neutralize","Noxious Fumes","Choke","Well Laid Plans","Flying Knee","Flying Knee","PiercingWail","Skewer","Glass Knife"],"special_seed":0,"relics":["Ring of the Snake","NeowsBlessing","Smiling Mask","War Paint","Nunchaku","Pen Nib","Golden Idol","Question Card"],"potions_floor_usage":[7,8,13],"damage_taken":[{"damage":0.0,"enemies":"Small Slimes","floor":1.0,"turns":1.0},{"damage":0.0,"enemies":"Jaw Worm","floor":2.0,"turns":1.0},{"damage":0.0,"enemies":"3 Sentries","floor":6.0,"turns":1.0},{"damage":0,"enemies":"2 Louse","floor":7,"turns":1},{"damage":41,"enemies":"Lagavulin","floor":8,"turns":7},{"damage":24,"enemies":"Lagavulin Event","floor":13,"turns":6},{"damage":35,"enemies":"Hexaghost","floor":16,"turns":9}],"seed_played":"3250585892756770348","potions_obtained":[{"floor":1.0,"key":"AttackPotion"},{"floor":6,"key":"FearPotion"}],"is_trial":false,"path_per_floor":["M","M","$","?","?","E","M","E","T","?","R","$","?","?","R","B"],"character_chosen":"THE_SILENT","items_purchased":["Well Laid Plans","Skewer","SteroidPotion"],"campfire_rested":2,"item_purchase_floors":[3,12,12],"current_hp_per_floor":[59,59,59,59,59,59,59,18,18,18,36,36,12,12,30,0],"gold":82,"neow_bonus":"THREE_ENEMY_KILL","is_prod":false,"is_daily":false,"chose_seed":false,"campfire_upgraded":0,"win_rate":0,"timestamp":1557141085,"path_taken":["M","M","$","?","?","E","M","E","T","?","R","$","?","?","R","BOSS"],"build_version":"2019-01-23","purchased_purges":1,"victory":false,"max_hp_per_floor":[66,66,66,66,66,66,66,66,66,60,60,60,60,60,60,60],"card_choices":[{"not_picked":["Flying Knee","Prepared"],"picked":"Noxious Fumes","floor":1.0},{"not_picked":["All Out Attack","Deadly Poison"],"picked":"Choke","floor":2.0},{"not_picked":["Slice","Deadly Poison"],"picked":"Flying Knee","floor":6},{"not_picked":["Slice","Underhanded Strike"],"picked":"Flying Knee","floor":7},{"not_picked":["Finisher","Dagger Throw"],"picked":"PiercingWail","floor":8},{"not_picked":["PiercingWail","Dagger Spray"],"picked":"Glass Knife","floor":13}],"player_experience":1453125,"relics_obtained":[{"floor":6,"key":"War Paint"},{"floor":8,"key":"Nunchaku"},{"floor":9,"key":"Pen Nib"},{"floor":13,"key":"Question Card"}],"event_choices":[{"damage_healed":0.0,"max_hp_gain":0.0,"max_hp_loss":0.0,"gold_gain":0.0,"event_name":"Big Fish","player_choice":"Box","floor":4.0,"gold_loss":0.0,"damage_taken":0.0,"relics_obtained":["Smiling Mask"],"cards_obtained":["Regret"]},{"damage_healed":0.0,"max_hp_gain":0.0,"max_hp_loss":0.0,"gold_gain":54.0,"event_name":"Golden Wing","player_choice":"Gained Gold","floor":5.0,"gold_loss":0.0,"damage_taken":0.0},{"damage_healed":0,"gold_gain":0,"player_choice":"Lose Max HP","damage_taken":0,"relics_obtained":["Golden Idol"],"max_hp_gain":0,"max_hp_loss":6,"event_name":"Golden Idol","floor":10,"gold_loss":0},{"damage_healed":0,"gold_gain":0,"player_choice":"Searched \u00271\u0027 times","damage_taken":0,"max_hp_gain":0,"max_hp_loss":0,"event_name":"Dead Adventurer","floor":13,"gold_loss":0},{"damage_healed":0,"gold_gain":0,"player_choice":"Ignored","damage_taken":0,"max_hp_gain":0,"max_hp_loss":0,"event_name":"Shining Light","floor":14,"gold_loss":0}],"is_beta":false,"boss_relics":[],"items_purged_floors":[12],"is_endless":false,"potions_floor_spawned":[1,6],"killed_by":"Hexaghost","ascension_level":20}