{"gold_per_floor":[367,379,390,24,40,67,67,95,95,60,73,73,73,86,86,163,163,179,193,213,213],"floor_reached":21,"playtime":1591,"items_purged":[],"score":536,"play_id":"f8e1081c-de70-45e3-b5c4-6148e4cfe874","local_time":"20190220191048","is_ascension_mode":true,"campfire_choices":[{"floor":7,"key":"REST"},{"data":"Adrenaline","floor":13,"key":"SMITH"},{"data":"Bane","floor":15,"key":"SMITH"}],"neow_cost":"PERCENT_DAMAGE","seed_source_timestamp":76239222466700,"circlet_count":0,"master_deck":["AscendersBane","Defend_G","Defend_G","Defend_G","Defend_G","Defend_G","Strike_G","Strike_G","Strike_G","Strike_G","Strike_G","Survivor","Neutralize","Bouncing Flask+1","Bane+1","Poisoned Stab","Footwork+1","Adrenaline+1","Footwork+1","Venomology","Quick Slash","Predator","A Thousand Cuts+1","Cloak And Dagger","Tactician","PiercingWail"],"relics":["Ring of the Snake","Frozen Egg 2","FossilizedHelix","Orichalcum","Omamori","Runic Pyramid"],"potions_floor_usage":[5,6,8,16,16,18,21],"damage_taken":[{"damage":16,"enemies":"Jaw Worm","floor":1,"turns":8},{"damage":0,"enemies":"2 Louse","floor":2,"turns":3},{"damage":1,"enemies":"Cultist","floor":3,"turns":3},{"damage":0,"enemies":"3 Louse","floor":5,"turns":3},{"damage":23,"enemies":"3 Sentries","floor":6,"turns":12},{"damage":0,"enemies":"Gremlin Nob","floor":8,"turns":4},{"damage":0,"enemies":"Looter","floor":11,"turns":3},{"damage":0,"enemies":"Red Slaver","floor":14,"turns":2},{"damage":0,"enemies":"The Guardian","floor":16,"turns":8},{"damage":11,"enemies":"2 Thieves","floor":18,"turns":5},{"damage":0,"enemies":"Shell Parasite","floor":19,"turns":10},{"damage":0,"enemies":"Centurion and Healer","floor":20,"turns":8},{"damage":64,"enemies":"3 Cultists","floor":21,"turns":6}],"seed_played":"8663327347346025192","potions_obtained":[{"floor":1,"key":"Fire Potion"},{"floor":2,"key":"FearPotion"},{"floor":6,"key":"Block Potion"},{"floor":11,"key":"EssenceOfSteel"},{"floor":19,"key":"LiquidBronze"}],"is_trial":false,"path_per_floor":["M","M","M","$","M","E","R","E","T","?","M","?","R","M","R","B",null,"M","M","M","M"],"character_chosen":"THE_SILENT","items_purchased":["Frozen Egg 2","Footwork+1"],"campfire_rested":1,"item_purchase_floors":[4,4],"current_hp_per_floor":[28,28,27,27,27,4,23,23,23,39,39,39,39,39,39,39,59,48,48,48,0],"gold":213,"neow_bonus":"TWO_FIFTY_GOLD","is_prod":false,"is_daily":false,"chose_seed":false,"campfire_upgraded":2,"win_rate":0,"timestamp":1550707848,"path_taken":["M","M","M","$","M","E","R","E","T","?","M","?","R","M","R","BOSS","M","M","M","M"],"build_version":"2019-01-23","purchased_purges":0,"victory":false,"max_hp_per_floor":[66,66,66,66,66,66,66,66,66,66,66,66,66,66,66,66,66,66,66,66,66],"card_choices":[{"not_picked":["PiercingWail","Concentrate"],"picked":"Bouncing Flask","floor":1},{"not_picked":["Heel Hook","Dodge and Roll"],"picked":"Bane","floor":2},{"not_picked":["Slice","PiercingWail"],"picked":"Poisoned Stab","floor":3},{"not_picked":["Sucker Punch","Underhanded Strike"],"picked":"Adrenaline","floor":5},{"not_picked":["Choke","Dagger Spray"],"picked":"Footwork+1","floor":6},{"not_picked":["Blade Dance","Concentrate"],"picked":"Venomology","floor":8},{"not_picked":["Flying Knee","Footwork+1"],"picked":"Quick Slash","floor":11},{"not_picked":["Prepared","Underhanded Strike"],"picked":"Predator","floor":14},{"not_picked":["Unload","Burst"],"picked":"A Thousand Cuts+1","floor":16},{"not_picked":["Quick Slash","Bane"],"picked":"Cloak And Dagger","floor":18},{"not_picked":["Blade Dance","Deadly Poison"],"picked":"Tactician","floor":19},{"not_picked":["Acrobatics","Endless Agony"],"picked":"PiercingWail","floor":20}],"player_experience":1186526,"relics_obtained":[{"floor":6,"key":"FossilizedHelix"},{"floor":8,"key":"Orichalcum"},{"floor":9,"key":"Omamori"}],"event_choices":[{"damage_healed":16,"gold_gain":0,"player_choice":"Healed","damage_taken":0,"max_hp_gain":0,"max_hp_loss":0,"event_name":"The Cleric","floor":10,"gold_loss":35},{"damage_healed":0,"gold_gain":0,"player_choice":"Forge","damage_taken":0,"max_hp_gain":0,"max_hp_loss":0,"event_name":"Accursed Blacksmith","floor":12,"gold_loss":0,"cards_upgraded":["Bouncing Flask"]}],"is_beta":false,"boss_relics":[{"not_picked":["HoveringKite","Calling Bell"],"picked":"Runic Pyramid"}],"items_purged_floors":[],"is_endless":false,"potions_floor_spawned":[1,2,6,11,19],"killed_by":"3 Cultists","ascension_level":20}