{"gold_per_floor":[123,152,175,204,216,255,343,355,367,398,423,435,45,60,60,165,165,138,138,63,63],"floor_reached":21,"playtime":1118,"items_purged":["Strike_B"],"score":247,"play_id":"6cf6590b-b58b-4730-b6ce-3154ebd0a8b7","local_time":"20190808183250","is_ascension_mode":true,"campfire_choices":[{"floor":8,"key":"REST"},{"data":"Zap","floor":12,"key":"SMITH"},{"data":"Loop","floor":15,"key":"SMITH"}],"neow_cost":"NONE","seed_source_timestamp":5236603364200,"circlet_count":0,"master_deck":["Strike_B","Strike_B","Defend_B","Defend_B","Defend_B","Defend_B","Zap+1","Dualcast","Glacier","Loop+1","Coolheaded","Loop","Barrage","Chill","Cold Snap","All For One","Go for the Eyes"],"relics":["Cracked Core","MawBank","Potion Belt","Bottled Lightning","Dodecahedron","FossilizedHelix","Black Star"],"potions_floor_usage":[5,16],"damage_taken":[{"damage":1,"enemies":"Cultist","floor":1,"turns":3},{"damage":0,"enemies":"2 Louse","floor":2,"turns":4},{"damage":0,"enemies":"Small Slimes","floor":3,"turns":3},{"damage":7,"enemies":"Looter","floor":4,"turns":4},{"damage":10,"enemies":"Gremlin Gang","floor":5,"turns":3},{"damage":34,"enemies":"3 Sentries","floor":6,"turns":12},{"damage":3,"enemies":"Red Slaver","floor":10,"turns":4},{"damage":2,"enemies":"Looter","floor":11,"turns":4},{"damage":0,"enemies":"3 Louse","floor":14,"turns":3},{"damage":3,"enemies":"The Guardian","floor":16,"turns":17},{"damage":30,"enemies":"2 Thieves","floor":18,"turns":5},{"damage":0,"enemies":"Spheric Guardian","floor":21,"turns":1}],"seed_played":"-6866434271363406847","potions_obtained":[{"floor":2,"key":"Swift Potion"},{"floor":3,"key":"Poison Potion"},{"floor":4,"key":"SmokeBomb"},{"floor":11,"key":"Weak Potion"},{"floor":14,"key":"Swift Potion"},{"floor":18,"key":"Strength Potion"}],"is_trial":false,"path_per_floor":["M","M","M","M","M","E","T","R","T","M","M","R","$","M","R","B",null,"M","?","?","M"],"character_chosen":"DEFECT","items_purchased":["FossilizedHelix","Chill"],"campfire_rested":1,"item_purchase_floors":[13,13],"current_hp_per_floor":[67,67,67,60,50,16,16,38,38,35,33,33,33,33,33,30,64,34,34,34,34],"gold":63,"neow_bonus":"RANDOM_COMMON_RELIC","is_prod":false,"is_daily":false,"chose_seed":false,"campfire_upgraded":2,"win_rate":0,"timestamp":1565281970,"path_taken":["M","M","M","?","M","E","?","R","T","M","M","R","$","M","R","BOSS","M","?","?","M"],"build_version":"2019-07-17","purchased_purges":1,"victory":false,"max_hp_per_floor":[75,75,75,75,75,75,75,75,75,75,75,75,75,75,75,75,75,75,75,75,75],"card_choices":[{"not_picked":["Hologram","Capacitor"],"picked":"Glacier","floor":1},{"not_picked":["Conserve Battery","Gash","Beam Cell"],"picked":"SKIP","floor":2},{"not_picked":["Lockon","Consume"],"picked":"Loop","floor":3},{"not_picked":["Conserve Battery","Melter","Amplify"],"picked":"SKIP","floor":4},{"not_picked":["Streamline","Leap"],"picked":"Coolheaded","floor":6},{"not_picked":["Sweeping Beam","Conserve Battery"],"picked":"Loop","floor":10},{"not_picked":["Steam Power","Cold Snap"],"picked":"Barrage","floor":11},{"not_picked":["Hello World","Leap"],"picked":"Cold Snap","floor":14},{"not_picked":["Echo Form","Hyperbeam"],"picked":"All For One","floor":16},{"not_picked":["Conserve Battery+1","Cold Snap"],"picked":"Go for the Eyes","floor":18}],"player_experience":91193,"relics_obtained":[{"floor":6,"key":"Potion Belt"},{"floor":7,"key":"Bottled Lightning"},{"floor":9,"key":"Dodecahedron"}],"event_choices":[{"damage_healed":0,"gold_gain":0,"player_choice":"Ignored","damage_taken":0,"max_hp_gain":0,"max_hp_loss":0,"event_name":"Ghosts","floor":19,"gold_loss":0},{"cards_removed":["Strike_B"],"damage_healed":0,"gold_gain":0,"player_choice":"Gave Gold","damage_taken":0,"max_hp_gain":0,"max_hp_loss":0,"event_name":"Beggar","floor":20,"gold_loss":75}],"is_beta":false,"boss_relics":[{"not_picked":["Calling Bell","Runic Dome"],"picked":"Black Star"}],"items_purged_floors":[13],"is_endless":false,"potions_floor_spawned":[2,3,4,11,14,18],"killed_by":"Spheric Guardian","ascension_level":7}