{"gold_per_floor":[111,121,136,136,160,160,160,200,226,242,242,282,295,316,316,441,441,466,466,485,231,255,255,255],"floor_reached":24,"playtime":946,"items_purged":["Writhe"],"score":336,"play_id":"42f08699-65c5-4f35-baa5-34d7343d3974","local_time":"20181205004148","is_ascension_mode":true,"campfire_choices":[{"data":"Chaos","floor":6,"key":"SMITH"},{"floor":11,"key":"REST"},{"floor":15,"key":"REST"},{"data":"Rip and Tear","floor":23,"key":"SMITH"}],"neow_cost":"NONE","seed_source_timestamp":83953426392534,"circlet_count":0,"master_deck":["AscendersBane","Strike_B","Strike_B","Defend_B","Defend_B","Defend_B","Defend_B","Zap","Dualcast","Go for the Eyes","Compile Driver","Gash","Chaos+1","Rip and Tear+1","Melter","Auto Shields","Reboot","Redo","Gash"],"relics":["Cracked Core","Golden Idol","Anchor","Bronze Scales","Potion Belt","Sozu","Cables","Regal Pillow"],"potions_floor_usage":[5,8,16,16,16],"damage_taken":[{"damage":0,"enemies":"2 Louse","floor":1,"turns":2},{"damage":1,"enemies":"Small Slimes","floor":2,"turns":3},{"damage":4,"enemies":"Cultist","floor":3,"turns":3},{"damage":4,"enemies":"3 Louse","floor":5,"turns":2},{"damage":19,"enemies":"Lagavulin","floor":8,"turns":6},{"damage":0,"enemies":"Looter","floor":10,"turns":2},{"damage":36,"enemies":"Gremlin Nob","floor":12,"turns":4},{"damage":8,"enemies":"Large Slime","floor":13,"turns":5},{"damage":0,"enemies":"2 Fungi Beasts","floor":14,"turns":2},{"damage":11,"enemies":"The Guardian","floor":16,"turns":8},{"damage":0,"enemies":"Chosen","floor":18,"turns":4},{"damage":0,"enemies":"Spheric Guardian","floor":20,"turns":3},{"damage":22,"enemies":"Snake Plant","floor":22,"turns":4},{"damage":38,"enemies":"Slavers","floor":24,"turns":3}],"seed_played":"75729182799015855","potions_obtained":[{"floor":3,"key":"SkillPotion"},{"floor":5,"key":"Dexterity Potion"},{"floor":8,"key":"SteroidPotion"},{"floor":12,"key":"Poison Potion"},{"floor":13,"key":"Poison Potion"}],"is_trial":false,"path_per_floor":["M","M","M","?","M","R","?","E","T","M","R","E","M","M","R","B",null,"M","?","M","$","M","R","E"],"character_chosen":"DEFECT","items_purchased":["Gash","Regal Pillow"],"campfire_rested":2,"item_purchase_floors":[21,21],"current_hp_per_floor":[68,67,63,63,59,59,52,33,33,33,53,17,9,9,29,18,56,56,56,56,56,34,34,0],"gold":255,"neow_bonus":"REMOVE_CARD","is_prod":false,"is_daily":false,"chose_seed":false,"campfire_upgraded":2,"win_rate":0,"timestamp":1543988508,"path_taken":["M","M","M","?","M","R","?","E","T","M","R","E","M","M","R","BOSS","M","?","M","$","M","R","E"],"build_version":"2018-11-15","purchased_purges":1,"victory":false,"max_hp_per_floor":[75,75,75,69,69,69,69,69,69,69,69,69,69,69,69,69,69,69,69,69,69,69,69,69],"card_choices":[{"not_picked":["BootSequence","Rebound"],"picked":"Go for the Eyes","floor":1},{"not_picked":["Leap","Force Field"],"picked":"Compile Driver","floor":2},{"not_picked":["Scrape","Sweeping Beam"],"picked":"Gash","floor":3},{"not_picked":["White Noise","Self Repair"],"picked":"Chaos","floor":5},{"not_picked":["Double Energy","Conserve Battery"],"picked":"Rip and Tear","floor":8},{"not_picked":["Leap","Undo","Turbo"],"picked":"SKIP","floor":10},{"not_picked":["Go for the Eyes","Amplify"],"picked":"Melter","floor":12},{"not_picked":["Hologram","Ball Lightning"],"picked":"Auto Shields","floor":13},{"not_picked":["Go for the Eyes","Genetic Algorithm","Aggregate"],"picked":"SKIP","floor":14},{"not_picked":["Electrodynamics","Fission"],"picked":"Reboot","floor":16},{"not_picked":["Streamline","Gash"],"picked":"Redo","floor":18},{"not_picked":["Storm","Blizzard+1","Turbo"],"picked":"SKIP","floor":20},{"not_picked":["Doom and Gloom","Barrage","Compile Driver"],"picked":"SKIP","floor":22}],"player_experience":804612,"relics_obtained":[{"floor":8,"key":"Anchor"},{"floor":9,"key":"Bronze Scales"},{"floor":12,"key":"Potion Belt"}],"event_choices":[{"damage_healed":0,"gold_gain":0,"player_choice":"Lose Max HP","damage_taken":0,"relics_obtained":["Golden Idol"],"max_hp_gain":0,"max_hp_loss":6,"event_name":"Golden Idol","floor":4,"gold_loss":0},{"cards_removed":["Strike_B"],"damage_healed":0,"gold_gain":0,"player_choice":"Card Removal","damage_taken":7,"max_hp_gain":0,"max_hp_loss":0,"event_name":"Golden Wing","floor":7,"gold_loss":0},{"damage_healed":0,"gold_gain":0,"player_choice":"Opened","damage_taken":0,"relics_obtained":["Cables"],"max_hp_gain":0,"max_hp_loss":0,"event_name":"The Mausoleum","floor":19,"gold_loss":0,"cards_obtained":["Writhe"]}],"is_beta":false,"boss_relics":[{"not_picked":["Runic Dome","Lizard Tail"],"picked":"Sozu"}],"items_purged_floors":[21],"is_endless":false,"potions_floor_spawned":[3,5,8,12,13,20],"killed_by":"Slavers","ascension_level":12}