{"gold_per_floor":[115,125,125,136,61,95,95,95,121,121],"floor_reached":10,"playtime":653,"items_purged":["Defend_R"],"score":79,"play_id":"68c79fcc-9966-437a-9f84-8ef60efe5fc5","local_time":"20190712190244","is_ascension_mode":true,"campfire_choices":[],"neow_cost":"TEN_PERCENT_HP_LOSS","seed_source_timestamp":26376798092538,"circlet_count":0,"master_deck":["Strike_R","Strike_R+1","Defend_R+1","Defend_R","Defend_R+1","Bash+1","Headbutt","Shrug It Off"],"relics":["Burning Blood","War Paint","Strawberry"],"potions_floor_usage":[6],"damage_taken":[{"damage":13,"enemies":"Jaw Worm","floor":1,"turns":7},{"damage":15,"enemies":"Small Slimes","floor":2,"turns":4},{"damage":8,"enemies":"2 Louse","floor":4,"turns":3},{"damage":24,"enemies":"3 Sentries","floor":6,"turns":12},{"damage":31,"enemies":"Lagavulin","floor":10,"turns":6}],"seed_played":"-2415604065223400806","potions_obtained":[{"floor":4,"key":"Explosive Potion"}],"is_trial":false,"path_per_floor":["M","M","?","M","$","E","?","?","T","E"],"character_chosen":"IRONCLAD","items_purchased":[],"campfire_rested":0,"item_purchase_floors":[],"current_hp_per_floor":[65,56,56,54,54,36,36,22,29,0],"gold":121,"neow_bonus":"REMOVE_TWO","is_prod":false,"is_daily":false,"chose_seed":false,"campfire_upgraded":0,"win_rate":0,"timestamp":1562950964,"path_taken":["M","M","?","M","$","E","?","?","T","E"],"build_version":"2019-07-05","purchased_purges":1,"victory":false,"max_hp_per_floor":[72,72,72,72,72,72,72,72,79,79],"card_choices":[{"not_picked":["Sword Boomerang","Seeing Red","Rupture"],"picked":"SKIP","floor":1},{"not_picked":["Dropkick","Iron Wave"],"picked":"Headbutt","floor":2},{"not_picked":["Flex","Anger"],"picked":"Shrug It Off","floor":4},{"not_picked":["Sever Soul","Armaments","Cleave"],"picked":"SKIP","floor":6}],"player_experience":39105,"relics_obtained":[{"floor":6,"key":"War Paint"},{"floor":9,"key":"Strawberry"}],"event_choices":[{"cards_removed":["Strike_R"],"damage_healed":0,"gold_gain":0,"player_choice":"Forget","damage_taken":0,"max_hp_gain":0,"max_hp_loss":0,"event_name":"Living Wall","floor":3,"gold_loss":0},{"damage_healed":0,"gold_gain":0,"player_choice":"Ignored","damage_taken":0,"max_hp_gain":0,"max_hp_loss":0,"event_name":"Liars Game","floor":7,"gold_loss":0},{"damage_healed":0,"gold_gain":0,"player_choice":"Entered Light","damage_taken":14,"max_hp_gain":0,"max_hp_loss":0,"event_name":"Shining Light","floor":8,"gold_loss":0,"cards_upgraded":["Strike_R","Bash"]}],"is_beta":false,"boss_relics":[],"items_purged_floors":[5],"is_endless":false,"potions_floor_spawned":[4],"killed_by":"Lagavulin","ascension_level":4}