{"gold_per_floor":[114,114,114,114,127,127,167,191,214,252,275,275,300,300],"floor_reached":14,"playtime":369,"items_purged":[],"score":150,"play_id":"af82544e-4a32-4f91-9eda-4dd6b6e6203e","local_time":"20190429080318","is_ascension_mode":true,"campfire_choices":[{"data":"Intimidate","floor":6,"key":"SMITH"}],"neow_cost":"NONE","seed_source_timestamp":14129794371091,"circlet_count":0,"master_deck":["Strike_R","Strike_R","Strike_R","Strike_R","Defend_R+1","Defend_R","Defend_R+1","Defend_R","Bash","Intimidate+1","Headbutt","Fiend Fire","Headbutt","Feel No Pain","Flex","Pain","Brutality"],"relics":["Burning Blood","NeowsBlessing","Golden Idol","Art of War","Bag of Marbles","Strawberry","WarpedTongs"],"potions_floor_usage":[10,14],"damage_taken":[{"damage":0,"enemies":"Jaw Worm","floor":1,"turns":1},{"damage":0,"enemies":"2 Louse","floor":5,"turns":1},{"damage":0,"enemies":"Lagavulin","floor":7,"turns":1},{"damage":0,"enemies":"Cultist","floor":8,"turns":3},{"damage":20,"enemies":"3 Sentries","floor":10,"turns":8},{"damage":3,"enemies":"Gremlin Gang","floor":11,"turns":3},{"damage":4,"enemies":"Blue Slaver","floor":13,"turns":2},{"damage":70,"enemies":"Gremlin Nob","floor":14,"turns":4}],"seed_played":"-372045597040982850","potions_obtained":[{"floor":5,"key":"GamblersBrew"},{"floor":7,"key":"Explosive Potion"},{"floor":11,"key":"LiquidBronze"}],"is_trial":false,"path_per_floor":["M","?","?","?","M","R","E","M","T","E","M","?","M","E"],"character_chosen":"IRONCLAD","items_purchased":[],"campfire_rested":0,"item_purchase_floors":[],"current_hp_per_floor":[80,60,44,44,50,50,56,62,62,55,58,58,60,0],"gold":300,"neow_bonus":"THREE_ENEMY_KILL","is_prod":false,"is_daily":false,"chose_seed":false,"campfire_upgraded":1,"win_rate":0,"timestamp":1556488998,"path_taken":["M","?","?","?","?","R","E","M","T","E","?","?","?","E"],"build_version":"2019-01-23","purchased_purges":0,"victory":false,"max_hp_per_floor":[80,80,80,80,80,80,80,80,80,87,87,87,87,87],"card_choices":[{"not_picked":["Clash","Flex"],"picked":"Intimidate","floor":1},{"not_picked":["Armaments","Pommel Strike"],"picked":"Headbutt","floor":5},{"not_picked":["Body Slam","Disarm"],"picked":"Fiend Fire","floor":7},{"not_picked":["Clash","Perfected Strike"],"picked":"Headbutt","floor":8},{"not_picked":["Havoc","Reckless Charge"],"picked":"Feel No Pain","floor":10},{"not_picked":["Clothesline","Burning Pact"],"picked":"Flex","floor":11},{"not_picked":["Corruption","Disarm"],"picked":"Brutality","floor":13}],"player_experience":499784,"relics_obtained":[{"floor":7,"key":"Art of War"},{"floor":9,"key":"Bag of Marbles"},{"floor":10,"key":"Strawberry"}],"event_choices":[{"damage_healed":0,"gold_gain":0,"player_choice":"Take Damage","damage_taken":20,"relics_obtained":["Golden Idol"],"max_hp_gain":0,"max_hp_loss":0,"event_name":"Golden Idol","floor":2,"gold_loss":0},{"damage_healed":0,"gold_gain":0,"player_choice":"Entered Light","damage_taken":16,"max_hp_gain":0,"max_hp_loss":0,"event_name":"Shining Light","floor":3,"gold_loss":0,"cards_upgraded":["Defend_R","Defend_R"]},{"cards_removed":["Strike_R"],"damage_healed":0,"gold_gain":0,"player_choice":"Purged","damage_taken":0,"max_hp_gain":0,"max_hp_loss":0,"event_name":"Purifier","floor":4,"gold_loss":0},{"damage_healed":0,"gold_gain":0,"player_choice":"Rummage","damage_taken":0,"relics_obtained":["WarpedTongs"],"max_hp_gain":0,"max_hp_loss":0,"event_name":"Accursed Blacksmith","floor":12,"gold_loss":0,"cards_obtained":["Pain"]}],"is_beta":false,"boss_relics":[],"items_purged_floors":[],"is_endless":false,"potions_floor_spawned":[5,7,11],"killed_by":"Gremlin Nob","ascension_level":4}