{"gold_per_floor":[111,125,145,145,166,166,190,190,190,59,73,117,129,164,176,308,320,346,396,323,335,358,370,395,407,444,474,486,515,537,613,625,637],"floor_reached":33,"playtime":2580,"items_purged":[],"score":296,"play_id":"35224388-5091-4e0f-8f2a-57c877b2ebd5","local_time":"20190325031958","is_ascension_mode":false,"campfire_choices":[{"data":"Neutralize","floor":6,"key":"SMITH"},{"floor":8,"key":"RECALL"},{"floor":15,"key":"REST"},{"data":"Cloak And Dagger","floor":23,"key":"SMITH"},{"floor":25,"key":"REST"},{"data":"Burst","floor":28,"key":"SMITH"},{"data":"Terror","floor":32,"key":"SMITH"}],"neow_cost":"NONE","seed_source_timestamp":46358745756281,"circlet_count":0,"master_deck":["Defend_G","Defend_G","Defend_G","Defend_G","Defend_G","Strike_G","Strike_G","Strike_G","Strike_G","Strike_G","Survivor","Neutralize+1","Quick Slash","Footwork","Deflect","Injury","Blade Dance","Flying Knee","Infinite Blades+1","Slice+1","Unload+1","Terror+1","Dagger Spray+1","Burst+1","Outmaneuver+1","Cloak And Dagger+1","Dagger Throw+1","PiercingWail+1","Injury","Flying Knee+1","Dagger Spray+1","Poisoned Stab+1","PiercingWail+1"],"relics":["Ring of the Snake","Strawberry","Bloody Idol","Molten Egg 2","MawBank","Cursed Key","Red Mask","Tingsha","Tiny Chest"],"potions_floor_usage":[12,14,16,19,31,33],"damage_taken":[{"damage":0,"enemies":"Small Slimes","floor":1,"turns":4},{"damage":4,"enemies":"Jaw Worm","floor":2,"turns":5},{"damage":0,"enemies":"Cultist","floor":3,"turns":4},{"damage":12,"enemies":"Large Slime","floor":5,"turns":11},{"damage":2,"enemies":"Blue Slaver","floor":7,"turns":5},{"damage":2,"enemies":"2 Fungi Beasts","floor":11,"turns":4},{"damage":0,"enemies":"Gremlin Nob","floor":12,"turns":2},{"damage":5,"enemies":"Looter","floor":14,"turns":3},{"damage":51,"enemies":"The Guardian","floor":16,"turns":9},{"damage":14,"enemies":"Shell Parasite","floor":18,"turns":4},{"damage":29,"enemies":"Masked Bandits","floor":19,"turns":5},{"damage":10,"enemies":"2 Thieves","floor":22,"turns":4},{"damage":24,"enemies":"Shelled Parasite and Fungi","floor":24,"turns":4},{"damage":21,"enemies":"Centurion and Healer","floor":27,"turns":10},{"damage":0,"enemies":"Cultist and Chosen","floor":29,"turns":5},{"damage":6,"enemies":"Snake Plant","floor":30,"turns":6},{"damage":26,"enemies":"Slavers","floor":31,"turns":5},{"damage":90,"enemies":"Collector","floor":33,"turns":7}],"seed_played":"3139788793940327617","potions_obtained":[{"floor":1,"key":"AttackPotion"},{"floor":2,"key":"PowerPotion"},{"floor":5,"key":"FearPotion"},{"floor":18,"key":"AttackPotion"},{"floor":30,"key":"SkillPotion"},{"floor":31,"key":"Dexterity Potion"}],"is_trial":false,"path_per_floor":["M","M","M","?","M","R","M","R","T","$","M","E","?","M","R","B",null,"M","?","?","?","M","R","M","R","T","M","R","M","M","E","R","B"],"character_chosen":"THE_SILENT","items_purchased":["Infinite Blades","Slice+1"],"campfire_rested":2,"item_purchase_floors":[10,10],"current_hp_per_floor":[77,73,73,73,61,61,59,59,59,59,57,57,57,52,75,24,77,63,34,34,34,39,44,30,58,68,57,62,72,76,61,66,0],"gold":637,"neow_bonus":"RANDOM_COMMON_RELIC","is_prod":false,"is_daily":false,"chose_seed":false,"campfire_upgraded":4,"win_rate":0,"timestamp":1553447998,"path_taken":["M","M","M","?","M","R","M","R","T","$","M","E","?","M","R","BOSS","M","?","?","?","M","R","M","R","T","M","R","M","M","E","R","BOSS"],"build_version":"2019-01-23","purchased_purges":0,"victory":false,"max_hp_per_floor":[77,77,77,77,77,77,77,77,77,77,77,77,77,77,77,77,77,77,77,77,77,77,77,77,77,77,77,77,77,77,77,77,77],"card_choices":[{"not_picked":["Underhanded Strike","Acrobatics"],"picked":"Quick Slash","floor":1},{"not_picked":["Predator","Crippling Poison"],"picked":"Footwork","floor":2},{"not_picked":["Footwork","Sucker Punch"],"picked":"Deflect","floor":3},{"not_picked":["Slice","Underhanded Strike"],"picked":"Blade Dance","floor":5},{"not_picked":["Well Laid Plans","Skewer"],"picked":"Flying Knee","floor":7},{"not_picked":["Prepared","Flying Knee+1"],"picked":"Unload+1","floor":11},{"not_picked":["Tactician","Deadly Poison"],"picked":"Terror","floor":12},{"not_picked":["Catalyst","Masterful Stab+1"],"picked":"Dagger Spray+1","floor":14},{"not_picked":["Die Die Die+1","Malaise"],"picked":"Burst","floor":16},{"not_picked":["Prepared","Acrobatics"],"picked":"Outmaneuver+1","floor":18},{"not_picked":["Dagger Spray+1","Tactician"],"picked":"Cloak And Dagger","floor":19},{"not_picked":["Calculated Gamble","Outmaneuver"],"picked":"Dagger Throw+1","floor":22},{"not_picked":["Night Terror","Deadly Poison+1"],"picked":"PiercingWail+1","floor":24},{"not_picked":["Riddle With Holes+1","Outmaneuver"],"picked":"Flying Knee+1","floor":27},{"not_picked":["Endless Agony+1","Deadly Poison"],"picked":"Dagger Spray+1","floor":29},{"not_picked":["Quick Slash+1","Night Terror"],"picked":"Poisoned Stab+1","floor":30},{"not_picked":["Flying Knee+1","Finisher+1"],"picked":"PiercingWail+1","floor":31}],"player_experience":111532,"relics_obtained":[{"floor":9,"key":"Molten Egg 2"},{"floor":12,"key":"MawBank"},{"floor":19,"key":"Red Mask"},{"floor":31,"key":"Tiny Chest"}],"event_choices":[{"damage_healed":0,"gold_gain":0,"player_choice":"Take Wound","damage_taken":0,"relics_obtained":["Golden Idol"],"max_hp_gain":0,"max_hp_loss":0,"event_name":"Golden Idol","floor":4,"gold_loss":0,"cards_obtained":["Injury"]},{"damage_healed":0,"gold_gain":0,"player_choice":"Grow","damage_taken":0,"max_hp_gain":0,"max_hp_loss":0,"event_name":"Living Wall","floor":13,"gold_loss":0,"cards_upgraded":["Infinite Blades"]},{"damage_healed":0,"gold_gain":0,"player_choice":"Fought Bandits","damage_taken":0,"max_hp_gain":0,"max_hp_loss":0,"event_name":"Masked Bandits","floor":19,"gold_loss":0},{"damage_healed":0,"gold_gain":0,"player_choice":"Obtained Relic","damage_taken":0,"relics_obtained":["Tingsha"],"max_hp_gain":0,"max_hp_loss":0,"event_name":"Addict","floor":20,"gold_loss":85},{"damage_healed":0,"gold_gain":0,"player_choice":"Gave Idol","damage_taken":0,"relics_obtained":["Bloody Idol"],"max_hp_gain":0,"max_hp_loss":0,"event_name":"Forgotten Altar","floor":21,"relics_lost":["Golden Idol"],"gold_loss":0}],"is_beta":false,"boss_relics":[{"not_picked":["Eternal Feather","Astrolabe"],"picked":"Cursed Key"}],"items_purged_floors":[],"is_endless":false,"potions_floor_spawned":[1,2,5,18,30,31],"killed_by":"Collector","ascension_level":0}