{"gold_per_floor":[111,125,142,317,72,106,126,126,126,126,126,126,155,174,174,275,275,292,217,227,227],"floor_reached":21,"playtime":1422,"items_purged":["Doubt"],"score":246,"play_id":"802ad2f9-6c39-4cba-a788-e859a2c635d7","local_time":"20190912151604","is_ascension_mode":true,"campfire_choices":[{"data":"Defragment","floor":8,"key":"SMITH"},{"data":"Darkness","floor":10,"key":"SMITH"},{"data":"Creative AI","floor":12,"key":"SMITH"},{"data":"Coolheaded","floor":15,"key":"SMITH"}],"neow_cost":"NONE","seed_source_timestamp":237916301351800,"circlet_count":0,"master_deck":["Strike_B","Strike_B","Strike_B","Defend_B","Defend_B","Defend_B","Defend_B","Zap","Dualcast","Self Repair","Darkness+1","Hologram","Defragment+1","Coolheaded+1","Sweeping Beam","Core Surge","Compile Driver","Capacitor","Creative AI+1","Gash","Ball Lightning","Multi-Cast","Decay","Injury","Barrage","Consume+1"],"relics":["Cracked Core","Question Card","Bird Faced Urn","Du-Vu Doll","Calling Bell","Regal Pillow","Pear","FossilizedHelix"],"potions_floor_usage":[7,20],"damage_taken":[{"damage":5,"enemies":"Small Slimes","floor":1,"turns":5},{"damage":1,"enemies":"Cultist","floor":2,"turns":4},{"damage":7,"enemies":"Jaw Worm","floor":3,"turns":3},{"damage":10,"enemies":"Gremlin Nob","floor":6,"turns":4},{"damage":42,"enemies":"Lots of Slimes","floor":7,"turns":6},{"damage":40,"enemies":"3 Sentries","floor":13,"turns":8},{"damage":10,"enemies":"Red Slaver","floor":14,"turns":4},{"damage":27,"enemies":"Hexaghost","floor":16,"turns":9},{"damage":68,"enemies":"Shell Parasite","floor":18,"turns":13},{"damage":39,"enemies":"2 Thieves","floor":20,"turns":4},{"damage":21,"enemies":"Sentry and Sphere","floor":21,"turns":2}],"seed_played":"-1114291980792777586","potions_obtained":[{"floor":1,"key":"Regen Potion"},{"floor":6,"key":"Energy Potion"},{"floor":14,"key":"FearPotion"}],"is_trial":false,"path_per_floor":["M","M","M","?","$","E","M","R","T","R","?","R","E","M","R","B",null,"M","?","M","M"],"character_chosen":"DEFECT","items_purchased":["Defragment","Coolheaded","Sweeping Beam"],"campfire_rested":0,"item_purchase_floors":[5,5,5],"current_hp_per_floor":[70,75,75,75,75,72,49,49,49,49,49,49,34,35,35,29,74,39,39,11,0],"gold":227,"neow_bonus":"TRANSFORM_CARD","is_prod":false,"is_daily":false,"chose_seed":false,"campfire_upgraded":4,"win_rate":0,"timestamp":1568326564,"path_taken":["M","M","M","?","$","E","M","R","T","R","?","R","E","M","R","BOSS","M","?","M","M"],"build_version":"2019-07-17","purchased_purges":1,"victory":false,"max_hp_per_floor":[75,75,75,75,75,75,75,75,75,75,75,75,75,75,75,75,85,85,85,85,85],"card_choices":[{"not_picked":["Conserve Battery","Redo"],"picked":"Darkness","floor":1},{"not_picked":["Beam Cell","Turbo","Scrape"],"picked":"SKIP","floor":2},{"not_picked":["Barrage","Streamline"],"picked":"Hologram","floor":3},{"not_picked":["Redo","Hologram"],"picked":"Core Surge","floor":6},{"not_picked":["Streamline","Gash","BootSequence"],"picked":"Compile Driver","floor":7},{"not_picked":["FTL","Go for the Eyes","Blizzard"],"picked":"Gash","floor":13},{"not_picked":["Sweeping Beam","Beam Cell","Steam Power"],"picked":"Ball Lightning","floor":14},{"not_picked":["Rainbow","Fission","Reboot"],"picked":"Multi-Cast","floor":16},{"not_picked":["Doom and Gloom","Chaos","Rebound"],"picked":"Barrage","floor":18},{"not_picked":["Conserve Battery","Fusion+1","Sweeping Beam+1"],"picked":"Consume+1","floor":20}],"player_experience":499480,"relics_obtained":[{"floor":6,"key":"Question Card"},{"floor":9,"key":"Bird Faced Urn"},{"floor":13,"key":"Du-Vu Doll"},{"floor":17,"key":"Regal Pillow"},{"floor":17,"key":"Pear"},{"floor":17,"key":"FossilizedHelix"}],"event_choices":[{"damage_healed":0,"gold_gain":175,"player_choice":"AGREE","damage_taken":0,"max_hp_gain":0,"max_hp_loss":0,"event_name":"Liars Game","floor":4,"gold_loss":0,"cards_obtained":["Doubt"]},{"damage_healed":0,"gold_gain":0,"player_choice":"2 cards matched","damage_taken":0,"max_hp_gain":0,"max_hp_loss":0,"event_name":"Match and Keep!","floor":11,"gold_loss":0,"cards_obtained":["Capacitor","Creative AI"]},{"cards_removed":["Normality"],"damage_healed":0,"gold_gain":0,"player_choice":"Gave Gold","damage_taken":0,"max_hp_gain":0,"max_hp_loss":0,"event_name":"Beggar","floor":19,"gold_loss":75}],"is_beta":false,"boss_relics":[{"not_picked":["Ectoplasm","Tiny House"],"picked":"Calling Bell"}],"items_purged_floors":[5],"is_endless":false,"potions_floor_spawned":[1,6,14],"killed_by":"Sentry and Sphere","ascension_level":6}