{"gold_per_floor":[109,122,122,18,32,32,59,59,113,144,159,194,194,204,204,301,301,286,286,301,319,319,319,319,63,113,146,146,159,159],"floor_reached":30,"playtime":1985,"items_purged":[],"score":281,"play_id":"94af08d0-c3ad-4e18-830b-582d808cff2f","local_time":"20190326123327","is_ascension_mode":true,"campfire_choices":[{"data":"Defragment","floor":6,"key":"SMITH"},{"data":"Machine Learning","floor":8,"key":"SMITH"},{"data":"Hologram","floor":13,"key":"SMITH"},{"data":"Chaos","floor":15,"key":"SMITH"},{"data":"Fission","floor":23,"key":"SMITH"}],"neow_cost":"NONE","seed_source_timestamp":60372808919132,"circlet_count":0,"master_deck":["Strike_B","Strike_B","Strike_B","Strike_B","Defend_B","Defend_B","Defend_B","Defend_B","Zap+1","Dualcast","Auto Shields","Chill","Defragment+1","FTL","Self Repair","Machine Learning+1","Hologram+1","Chill","Compile Driver","Chaos+1","Fission+1","Sweeping Beam","Aggregate","Barrage","White Noise","Capacitor","Defragment","Ball Lightning","Go for the Eyes+1","Ball Lightning","Storm","Conserve Battery"],"relics":["Cracked Core","NlothsMask","Ancient Tea Set","Emotion Chip","Smiling Mask","Orrery","Strawberry","Strange Spoon","Cables","Boot"],"potions_floor_usage":[16,16,18,21],"damage_taken":[{"damage":1,"enemies":"2 Louse","floor":1,"turns":2},{"damage":1,"enemies":"Cultist","floor":2,"turns":3},{"damage":0,"enemies":"Jaw Worm","floor":5,"turns":3},{"damage":12,"enemies":"Lagavulin","floor":7,"turns":6},{"damage":8,"enemies":"3 Sentries","floor":10,"turns":12},{"damage":8,"enemies":"2 Fungi Beasts","floor":11,"turns":3},{"damage":3,"enemies":"Lagavulin","floor":12,"turns":6},{"damage":8,"enemies":"Looter","floor":14,"turns":2},{"damage":9,"enemies":"Hexaghost","floor":16,"turns":11},{"damage":26,"enemies":"2 Thieves","floor":18,"turns":4},{"damage":0,"enemies":"Chosen","floor":20,"turns":5},{"damage":28,"enemies":"Shelled Parasite and Fungi","floor":21,"turns":4},{"damage":43,"enemies":"Slavers","floor":27,"turns":4},{"damage":21,"enemies":"Snake Plant","floor":29,"turns":2},{"damage":21,"enemies":"Gremlin Leader","floor":30,"turns":1}],"seed_played":"-4143726761319794580","potions_obtained":[{"floor":1,"key":"Strength Potion"},{"floor":12,"key":"EssenceOfSteel"},{"floor":14,"key":"GamblersBrew"},{"floor":18,"key":"Swift Potion"},{"floor":20,"key":"EssenceOfSteel"}],"is_trial":false,"path_per_floor":["M","M","?","$","M","R","E","R","T","E","M","E","R","M","R","B",null,"M","?","M","M","?","R","?","$","T","E","T","M","E"],"character_chosen":"DEFECT","items_purchased":["Defragment","FTL","Strange Spoon","Ball Lightning"],"campfire_rested":0,"item_purchase_floors":[4,4,25,25],"current_hp_per_floor":[74,73,73,73,73,73,68,68,68,67,66,70,70,62,62,60,75,56,63,70,42,69,69,69,69,69,33,33,19,0],"gold":159,"neow_bonus":"UPGRADE_CARD","is_prod":false,"is_daily":false,"chose_seed":false,"campfire_upgraded":5,"win_rate":0,"timestamp":1553567607,"path_taken":["M","M","?","?","M","R","E","R","T","E","?","E","R","M","R","BOSS","M","?","M","?","?","R","?","$","T","E","?","M","E"],"build_version":"2019-01-23","purchased_purges":0,"victory":false,"max_hp_per_floor":[75,75,75,75,75,75,75,75,75,75,75,75,75,75,75,75,75,75,82,82,82,82,82,82,82,82,82,82,82,82],"card_choices":[{"not_picked":["BootSequence","Gash"],"picked":"Auto Shields","floor":1},{"not_picked":["Steam","Melter"],"picked":"Chill","floor":2},{"not_picked":["BootSequence","Darkness"],"picked":"Self Repair","floor":5},{"not_picked":["Cold Snap","Multi-Cast"],"picked":"Machine Learning","floor":7},{"not_picked":["Rebound","Turbo"],"picked":"Hologram","floor":10},{"not_picked":["Lockon","Steam"],"picked":"Chill","floor":11},{"not_picked":["Leap","Loop"],"picked":"Compile Driver","floor":12},{"not_picked":["Rip and Tear","Hologram"],"picked":"Chaos","floor":14},{"not_picked":["Hyperbeam","Rainbow"],"picked":"Fission","floor":16},{"not_picked":["Chill","Hologram"],"picked":"Sweeping Beam","floor":17},{"not_picked":["Scrape","Sunder"],"picked":"Aggregate","floor":17},{"not_picked":["Rebound","Scrape"],"picked":"Barrage","floor":17},{"not_picked":["Redo","Conserve Battery"],"picked":"White Noise","floor":17},{"not_picked":["Double Energy","BootSequence"],"picked":"Capacitor","floor":17},{"not_picked":["Gash","Cold Snap"],"picked":"Defragment","floor":18},{"not_picked":["Glacier","Steam"],"picked":"Ball Lightning","floor":20},{"not_picked":["Chaos+1","Buffer"],"picked":"Go for the Eyes+1","floor":21},{"not_picked":["Skim","Gash"],"picked":"Storm","floor":27},{"not_picked":["Leap","Sweeping Beam+1"],"picked":"Conserve Battery","floor":29}],"player_experience":166981,"relics_obtained":[{"floor":7,"key":"Ancient Tea Set"},{"floor":10,"key":"Emotion Chip"},{"floor":12,"key":"Smiling Mask"},{"floor":27,"key":"Cables"},{"floor":28,"key":"Boot"}],"event_choices":[{"damage_healed":0,"gold_gain":0,"player_choice":"Trade","damage_taken":0,"relics_obtained":["NlothsMask"],"max_hp_gain":0,"max_hp_loss":0,"event_name":"FaceTrader","floor":3,"gold_loss":0},{"damage_healed":0,"gold_gain":0,"player_choice":"Gave Potion","damage_taken":0,"relics_obtained":["Strawberry"],"max_hp_gain":0,"max_hp_loss":0,"event_name":"WeMeetAgain","floor":19,"gold_loss":0},{"damage_healed":27,"gold_gain":0,"player_choice":"Heal","damage_taken":0,"max_hp_gain":0,"max_hp_loss":0,"event_name":"The Library","floor":22,"gold_loss":0},{"damage_healed":0,"gold_gain":0,"player_choice":"Ignored","damage_taken":0,"max_hp_gain":0,"max_hp_loss":0,"event_name":"Vampires","floor":24,"gold_loss":0}],"is_beta":false,"boss_relics":[{"not_picked":["Busted Crown","Velvet Choker"],"picked":"Orrery"}],"items_purged_floors":[],"is_endless":false,"potions_floor_spawned":[1,12,14,18,20],"killed_by":"Gremlin Leader","ascension_level":1}