{"gold_per_floor":[115,125,141,15,30,130,130,165,165,86,116,132,132,144,144,241,241,254,78,78,128,143,177,187,187,213,213,12,12,12,23,23,124,124,136,136,156,156,176,196,77,93,147,25,25,35,35,0,0,0],"floor_reached":51,"playtime":4613,"items_purged":[],"score":727,"play_id":"da4ef153-da86-43b8-99d2-9faa6a24935b","local_time":"20190912145530","is_ascension_mode":false,"campfire_choices":[{"data":"Heatsinks","floor":7,"key":"SMITH"},{"data":"Storm","floor":15,"key":"SMITH"},{"floor":25,"key":"REST"},{"floor":32,"key":"REST"},{"floor":45,"key":"REST"},{"data":"White Noise","floor":49,"key":"SMITH"}],"neow_cost":"NONE","seed_source_timestamp":6525223481826,"circlet_count":0,"master_deck":["Defend_B","Defend_B","Defend_B","Defend_B","Zap","Dualcast","Ball Lightning","Reinforced Body","Ball Lightning","Heatsinks+1","Ball Lightning","Gash","Hello World","Hello World","Tempest","Storm+1","Biased Cognition","Loop","Ball Lightning","Static Discharge","Reinforced Body","Gash","Gash","Ball Lightning","Bite","Bite","Bite","Bite","Bite","Force Field","Multi-Cast","White Noise+1","Good Instincts","Steam+1","Storm+1","Storm","Reboot","Self Repair","Gash","Lockon+1","Hello World","Gash","Lockon+1"],"relics":["Cracked Core","NeowsBlessing","Matryoshka","Torii","Bag of Preparation","PreservedInsect","Meat on the Bone","Lizard Tail","Pantograph","Centennial Puzzle","Runic Capacitor","Eternal Feather","Ancient Tea Set","Red Mask"],"potions_floor_usage":[12,12,16,40,40,42,42,50],"damage_taken":[{"damage":0,"enemies":"Cultist","floor":1,"turns":1},{"damage":0,"enemies":"Jaw Worm","floor":2,"turns":1},{"damage":0,"enemies":"Small Slimes","floor":3,"turns":1},{"damage":13,"enemies":"2 Fungi Beasts","floor":5,"turns":3},{"damage":12,"enemies":"3 Sentries","floor":8,"turns":5},{"damage":21,"enemies":"Lagavulin","floor":11,"turns":6},{"damage":2,"enemies":"Gremlin Gang","floor":12,"turns":4},{"damage":2,"enemies":"Exordium Wildlife","floor":14,"turns":5},{"damage":16,"enemies":"The Guardian","floor":16,"turns":11},{"damage":1,"enemies":"Spheric Guardian","floor":18,"turns":3},{"damage":1,"enemies":"Chosen","floor":22,"turns":4},{"damage":13,"enemies":"Gremlin Leader","floor":23,"turns":5},{"damage":27,"enemies":"Centurion and Healer","floor":24,"turns":5},{"damage":8,"enemies":"Snecko","floor":31,"turns":3},{"damage":62,"enemies":"Collector","floor":33,"turns":9},{"damage":17,"enemies":"Orb Walker","floor":35,"turns":4},{"damage":9,"enemies":"3 Shapes","floor":37,"turns":3},{"damage":27,"enemies":"Spire Growth","floor":39,"turns":4},{"damage":11,"enemies":"Sphere and 2 Shapes","floor":40,"turns":4},{"damage":19,"enemies":"Transient","floor":42,"turns":5},{"damage":1,"enemies":"Maw","floor":46,"turns":5},{"damage":99,"enemies":"Donu and Deca","floor":50,"turns":7}],"seed_played":"1449239140528589646","potions_obtained":[{"floor":2,"key":"GamblersBrew"},{"floor":3,"key":"FocusPotion"},{"floor":14,"key":"Regen Potion"},{"floor":16,"key":"EssenceOfSteel"},{"floor":22,"key":"Strength Potion"},{"floor":23,"key":"SkillPotion"},{"floor":40,"key":"FearPotion"},{"floor":46,"key":"GamblersBrew"}],"is_trial":false,"path_per_floor":["M","M","M","$","M","?","R","E","T","$","E","M","T","M","R","B",null,"M","$","?","?","M","E","M","R","T","?","$","?","$","M","R","B",null,"M","?","M","?","M","M","$","M","T","$","R","M","$","?","R","B",null],"character_chosen":"DEFECT","items_purchased":["Ball Lightning","Heatsinks","Hello World","Ball Lightning","Static Discharge","Reinforced Body","Runic Capacitor","Self Repair","Gash","Hello World","Gash"],"campfire_rested":3,"item_purchase_floors":[4,4,10,19,19,19,28,41,41,44,44],"current_hp_per_floor":[75,75,75,75,62,62,62,50,50,50,31,31,31,43,43,44,75,74,74,60,60,61,50,37,61,61,61,61,61,61,55,79,36,80,63,63,54,54,45,48,48,43,43,43,80,80,80,80,80,42],"gold":0,"neow_bonus":"THREE_ENEMY_KILL","is_prod":false,"is_daily":false,"chose_seed":false,"campfire_upgraded":3,"win_rate":0,"timestamp":1568310930,"path_taken":["M","?","M","$","M","?","R","E","T","$","E","?","?","M","R","BOSS","M","$","?","?","M","E","?","R","T","?","$","?","$","M","R","BOSS","M","?","M","?","M","M","$","?","T","$","R","M","?","?","R","BOSS"],"build_version":"2019-07-17","purchased_purges":0,"victory":true,"max_hp_per_floor":[75,75,75,75,75,75,75,75,75,75,75,75,75,75,75,75,75,75,75,80,80,80,80,80,80,80,80,80,80,80,80,80,80,80,80,80,80,80,80,80,80,80,80,80,80,80,80,80,80,80],"card_choices":[{"not_picked":["Coolheaded","Scrape"],"picked":"Ball Lightning","floor":1},{"not_picked":["Barrage","Capacitor"],"picked":"Reinforced Body","floor":2},{"not_picked":["Rebound","Chaos","Coolheaded"],"picked":"SKIP","floor":3},{"not_picked":["Skim","Hologram"],"picked":"Ball Lightning","floor":5},{"not_picked":["Hologram","Compile Driver"],"picked":"Gash","floor":8},{"not_picked":["Rebound","Tempest"],"picked":"Hello World","floor":11},{"not_picked":["Redo","Ball Lightning"],"picked":"Tempest","floor":12},{"not_picked":["Scrape","Skim"],"picked":"Storm","floor":14},{"not_picked":["Rainbow","Echo Form"],"picked":"Biased Cognition","floor":16},{"not_picked":["Go for the Eyes","Hologram+1"],"picked":"Loop","floor":18},{"not_picked":["BootSequence+1","Cold Snap"],"picked":"Gash","floor":22},{"not_picked":["Rebound","Darkness+1"],"picked":"Gash","floor":23},{"not_picked":["Streamline","BootSequence+1"],"picked":"Ball Lightning","floor":24},{"not_picked":["Rebound+1","Streamline"],"picked":"Force Field","floor":31},{"not_picked":["Fission","Thunder Strike"],"picked":"Multi-Cast","floor":33},{"not_picked":["Melter","Steam"],"picked":"White Noise","floor":35},{"not_picked":["Purity","Mind Blast"],"picked":"Good Instincts","floor":36},{"not_picked":["Redo+1","Beam Cell+1"],"picked":"Steam+1","floor":37},{"not_picked":["Gash","Chaos"],"picked":"Storm","floor":39},{"not_picked":["Barrage","Ball Lightning+1"],"picked":"Reboot","floor":40},{"not_picked":["Steam+1","Ball Lightning"],"picked":"Lockon+1","floor":42},{"not_picked":["Static Discharge","Skim"],"picked":"Lockon+1","floor":46}],"player_experience":167816,"relics_obtained":[{"floor":8,"key":"Matryoshka"},{"floor":9,"key":"Blood Vial"},{"floor":9,"key":"Torii"},{"floor":11,"key":"Bag of Preparation"},{"floor":13,"key":"PreservedInsect"},{"floor":13,"key":"Meat on the Bone"},{"floor":23,"key":"Pantograph"},{"floor":26,"key":"Centennial Puzzle"},{"floor":43,"key":"Ancient Tea Set"}],"event_choices":[{"damage_healed":0,"gold_gain":100,"player_choice":"Pray","damage_taken":0,"max_hp_gain":0,"max_hp_loss":0,"event_name":"Golden Shrine","floor":6,"gold_loss":0},{"damage_healed":0,"gold_gain":0,"player_choice":"Shed Blood","damage_taken":19,"max_hp_gain":5,"max_hp_loss":0,"event_name":"Forgotten Altar","floor":20,"gold_loss":0},{"damage_healed":0,"gold_gain":100,"player_choice":"Bet on Murderer","damage_taken":0,"max_hp_gain":0,"max_hp_loss":0,"event_name":"The Joust","floor":21,"gold_loss":50},{"damage_healed":0,"gold_gain":0,"player_choice":"Ignored","damage_taken":0,"max_hp_gain":0,"max_hp_loss":0,"event_name":"The Mausoleum","floor":27,"gold_loss":0},{"damage_healed":0,"gold_gain":0,"player_choice":"Became a vampire (Vial)","damage_taken":0,"max_hp_gain":0,"max_hp_loss":0,"event_name":"Vampires","floor":29,"relics_lost":["Blood Vial"],"gold_loss":0,"cards_obtained":["Bite","Bite","Bite","Bite","Bite"]},{"damage_healed":0,"gold_gain":0,"player_choice":"Memory 1","damage_taken":0,"max_hp_gain":0,"max_hp_loss":0,"event_name":"SensoryStone","floor":36,"gold_loss":0},{"damage_healed":0,"gold_gain":0,"player_choice":"Copied","damage_taken":0,"max_hp_gain":0,"max_hp_loss":0,"event_name":"Duplicator","floor":38,"gold_loss":0,"cards_obtained":["Storm"]},{"damage_healed":0,"gold_gain":0,"player_choice":"Paid","damage_taken":0,"relics_obtained":["Red Mask"],"max_hp_gain":0,"max_hp_loss":0,"event_name":"Tomb of Lord Red Mask","floor":48,"gold_loss":35}],"is_beta":false,"boss_relics":[{"not_picked":["Sozu","FrozenCore"],"picked":"Lizard Tail"},{"not_picked":["Runic Dome","Coffee Dripper"],"picked":"Eternal Feather"}],"items_purged_floors":[],"is_endless":false,"potions_floor_spawned":[2,3,14,16,22,23,35,40,46],"ascension_level":0}