{"gold_per_floor":[112,287,362,362,362,362,378,404,404,404,423,434,434,450,450,450],"floor_reached":16,"playtime":692,"items_purged":[],"score":170,"play_id":"e934182d-4bb5-42ac-b6c2-3546585fe240","local_time":"20190708065709","is_ascension_mode":true,"campfire_choices":[{"data":"Neutralize","floor":6,"key":"SMITH"},{"floor":10,"key":"REST"},{"floor":13,"key":"REST"},{"data":"Cloak And Dagger","floor":15,"key":"SMITH"}],"neow_cost":"NONE","seed_source_timestamp":29182362743238,"circlet_count":0,"master_deck":["AscendersBane","Strike_G+1","Strike_G","Strike_G","Strike_G","Strike_G","Defend_G","Defend_G","Defend_G","Defend_G+1","Defend_G","Survivor+1","Neutralize+1","Dagger Throw+1","Cloak And Dagger+1","Distraction","PiercingWail","Caltrops","Quick Slash"],"relics":["Ring of the Snake","Strawberry","War Paint","Singing Bowl"],"potions_floor_usage":[8,14,16],"damage_taken":[{"damage":2,"enemies":"Jaw Worm","floor":1,"turns":8},{"damage":6,"enemies":"Small Slimes","floor":7,"turns":5},{"damage":18,"enemies":"Lagavulin","floor":8,"turns":6},{"damage":0,"enemies":"2 Louse","floor":11,"turns":2},{"damage":0,"enemies":"2 Fungi Beasts","floor":12,"turns":3},{"damage":9,"enemies":"Looter","floor":14,"turns":5},{"damage":61,"enemies":"Slime Boss","floor":16,"turns":13}],"seed_played":"6986355510579192998","potions_obtained":[{"floor":1,"key":"PowerPotion"},{"floor":11,"key":"Regen Potion"},{"floor":14,"key":"SneckoOil"}],"is_trial":false,"path_per_floor":["M","?","?","?","?","R","M","E","T","R","M","M","R","M","R","B"],"character_chosen":"THE_SILENT","items_purchased":[],"campfire_rested":2,"item_purchase_floors":[],"current_hp_per_floor":[64,64,53,46,31,31,25,7,7,28,28,28,49,52,52,0],"gold":450,"neow_bonus":"RANDOM_COMMON_RELIC","is_prod":false,"is_daily":false,"chose_seed":false,"campfire_upgraded":2,"win_rate":0,"timestamp":1562533029,"path_taken":["M","?","?","?","?","R","M","E","T","R","M","M","R","M","R","BOSS"],"build_version":"2019-07-05","purchased_purges":0,"victory":false,"max_hp_per_floor":[73,73,73,73,73,73,73,73,73,73,73,73,73,73,73,73],"card_choices":[{"not_picked":["Heel Hook","Flying Knee"],"picked":"Dagger Throw","floor":1},{"not_picked":["Expertise","Bouncing Flask"],"picked":"Cloak And Dagger","floor":7},{"not_picked":["Flying Knee","Slice"],"picked":"Distraction","floor":8},{"not_picked":["Catalyst","Deflect"],"picked":"PiercingWail","floor":11},{"not_picked":["Acrobatics","Outmaneuver"],"picked":"Caltrops","floor":12},{"not_picked":["Prepared","Blade Dance"],"picked":"Quick Slash","floor":14}],"player_experience":949552,"relics_obtained":[{"floor":8,"key":"War Paint"},{"floor":9,"key":"Singing Bowl"}],"event_choices":[{"damage_healed":0,"gold_gain":175,"player_choice":"AGREE","damage_taken":0,"max_hp_gain":0,"max_hp_loss":0,"event_name":"Liars Game","floor":2,"gold_loss":0,"cards_obtained":["Doubt"]},{"damage_healed":0,"gold_gain":75,"player_choice":"Gather Gold","damage_taken":11,"max_hp_gain":0,"max_hp_loss":0,"event_name":"World of Goop","floor":3,"gold_loss":0},{"cards_removed":["Doubt"],"damage_healed":0,"gold_gain":0,"player_choice":"Card Removal","damage_taken":7,"max_hp_gain":0,"max_hp_loss":0,"event_name":"Golden Wing","floor":4,"gold_loss":0},{"damage_healed":0,"gold_gain":0,"player_choice":"Entered Light","damage_taken":15,"max_hp_gain":0,"max_hp_loss":0,"event_name":"Shining Light","floor":5,"gold_loss":0,"cards_upgraded":["Strike_G","Dagger Throw"]}],"is_beta":false,"boss_relics":[],"items_purged_floors":[],"is_endless":false,"potions_floor_spawned":[1,11,14],"killed_by":"Slime Boss","ascension_level":14}