{"gold_per_floor":[109,125,140,155,155,181,181,197,197,207,207,239,255,240],"floor_reached":14,"playtime":448,"items_purged":[],"score":120,"play_id":"608e1377-4fd1-49c7-98ac-baf88de547dd","local_time":"20190430150519","is_ascension_mode":true,"campfire_choices":[{"data":"Zap","floor":7,"key":"SMITH"},{"data":"Chaos","floor":11,"key":"SMITH"}],"neow_cost":"NONE","seed_source_timestamp":26067159272917,"circlet_count":0,"master_deck":["Strike_B","Strike_B","Strike_B","Defend_B","Defend_B","Defend_B","Defend_B","Zap+1","Dualcast","Beam Cell","Ball Lightning","Static Discharge","Hologram","Echo Form","Capacitor","Chaos+1","Stack","Self Repair"],"relics":["Cracked Core","Regal Pillow","Potion Belt","Pantograph","Singing Bowl"],"potions_floor_usage":[6,14,14],"damage_taken":[{"damage":1,"enemies":"Cultist","floor":1,"turns":3},{"damage":4,"enemies":"Small Slimes","floor":2,"turns":3},{"damage":1,"enemies":"2 Louse","floor":3,"turns":2},{"damage":4,"enemies":"Large Slime","floor":4,"turns":5},{"damage":17,"enemies":"Gremlin Nob","floor":6,"turns":3},{"damage":4,"enemies":"Looter","floor":8,"turns":3},{"damage":3,"enemies":"2 Fungi Beasts","floor":10,"turns":2},{"damage":31,"enemies":"Lagavulin","floor":12,"turns":5},{"damage":4,"enemies":"Large Slime","floor":13,"turns":6},{"damage":7,"enemies":"Exordium Thugs","floor":14,"turns":1}],"seed_played":"7250939204712199279","potions_obtained":[{"floor":4,"key":"AttackPotion"},{"floor":8,"key":"LiquidBronze"},{"floor":10,"key":"FearPotion"}],"is_trial":false,"path_per_floor":["M","M","M","M","?","E","R","M","T","M","R","E","M","M"],"character_chosen":"DEFECT","items_purchased":[],"campfire_rested":0,"item_purchase_floors":[],"current_hp_per_floor":[74,70,69,65,65,48,48,44,44,41,41,10,6,0],"gold":240,"neow_bonus":"RANDOM_COMMON_RELIC","is_prod":false,"is_daily":false,"chose_seed":false,"campfire_upgraded":2,"win_rate":0,"timestamp":1556600719,"path_taken":["M","M","?","M","?","E","R","M","T","M","R","E","M","?"],"build_version":"2019-01-23","purchased_purges":0,"victory":false,"max_hp_per_floor":[75,75,75,75,75,75,75,75,75,75,75,75,75,75],"card_choices":[{"not_picked":["Barrage","Turbo"],"picked":"Beam Cell","floor":1},{"not_picked":["Barrage","Leap"],"picked":"Ball Lightning","floor":2},{"not_picked":["Stack","Ball Lightning"],"picked":"Static Discharge","floor":3},{"not_picked":["Ball Lightning","Rebound"],"picked":"Hologram","floor":4},{"not_picked":["Steam","Beam Cell"],"picked":"Echo Form","floor":6},{"not_picked":["Melter","Tempest"],"picked":"Capacitor","floor":8},{"not_picked":["Aggregate","Static Discharge"],"picked":"Chaos","floor":10},{"not_picked":["Lockon","Rip and Tear"],"picked":"Stack","floor":12},{"not_picked":["Consume","Hello World"],"picked":"Self Repair","floor":13}],"player_experience":528584,"relics_obtained":[{"floor":6,"key":"Potion Belt"},{"floor":9,"key":"Pantograph"},{"floor":12,"key":"Singing Bowl"}],"event_choices":[{"cards_removed":["Strike_B"],"damage_healed":0,"gold_gain":0,"player_choice":"Card Removal","damage_taken":0,"max_hp_gain":0,"max_hp_loss":0,"event_name":"Wheel of Change","floor":5,"gold_loss":0}],"is_beta":false,"boss_relics":[],"items_purged_floors":[],"is_endless":false,"potions_floor_spawned":[4,8,10],"killed_by":"Exordium Thugs","ascension_level":3}