{"gold_per_floor":[20,20,37,37,37,37,53,80,80,80,80],"floor_reached":11,"playtime":292,"items_purged":[],"score":85,"play_id":"68ae23cf-6dce-4731-841c-b1e2da321e64","local_time":"20190426191506","is_ascension_mode":true,"campfire_choices":[{"data":"Spot Weakness","floor":6,"key":"SMITH"},{"data":"Dark Embrace","floor":10,"key":"SMITH"}],"neow_cost":"NO_GOLD","seed_source_timestamp":82216316184894,"circlet_count":0,"master_deck":["Strike_R","Strike_R","Strike_R","Strike_R","Defend_R","Defend_R","Defend_R+1","Defend_R","Bash","Dark Embrace+1","Feel No Pain+1","Spot Weakness+1","Regret","Immolate","Pommel Strike","Burning Pact"],"relics":["Burning Blood","Letter Opener","PreservedInsect","Blood Vial"],"potions_floor_usage":[8],"damage_taken":[{"damage":6,"enemies":"2 Louse","floor":1,"turns":4},{"damage":16,"enemies":"Small Slimes","floor":3,"turns":5},{"damage":22,"enemies":"Cultist","floor":7,"turns":5},{"damage":16,"enemies":"Gremlin Nob","floor":8,"turns":3},{"damage":33,"enemies":"Lagavulin","floor":11,"turns":4}],"seed_played":"1793619090007830795","potions_obtained":[{"floor":3,"key":"Fire Potion"}],"is_trial":false,"path_per_floor":["M","?","M","?","?","R","M","E","T","R","E"],"character_chosen":"IRONCLAD","items_purchased":[],"campfire_rested":0,"item_purchase_floors":[],"current_hp_per_floor":[80,64,54,54,54,54,38,28,28,28,0],"gold":80,"neow_bonus":"THREE_RARE_CARDS","is_prod":false,"is_daily":false,"chose_seed":false,"campfire_upgraded":2,"win_rate":0,"timestamp":1556270106,"path_taken":["M","?","M","?","?","R","M","E","T","R","E"],"build_version":"2019-01-23","purchased_purges":0,"victory":false,"max_hp_per_floor":[80,80,80,80,80,80,80,80,80,80,80],"card_choices":[{"not_picked":["Fiend Fire","Brutality"],"picked":"Dark Embrace","floor":0},{"not_picked":["Heavy Blade","Blood for Blood"],"picked":"Feel No Pain","floor":1},{"not_picked":["Dropkick","Carnage"],"picked":"Spot Weakness","floor":3},{"not_picked":["Shrug It Off","Sword Boomerang"],"picked":"Pommel Strike","floor":7},{"not_picked":["Armaments","Feed"],"picked":"Burning Pact","floor":8}],"player_experience":491312,"relics_obtained":[{"floor":8,"key":"PreservedInsect"},{"floor":9,"key":"Blood Vial"}],"event_choices":[{"damage_healed":0,"gold_gain":0,"player_choice":"Entered Light","damage_taken":16,"max_hp_gain":0,"max_hp_loss":0,"event_name":"Shining Light","floor":2,"gold_loss":0,"cards_upgraded":["Defend_R","Feel No Pain"]},{"damage_healed":0,"gold_gain":0,"player_choice":"Box","damage_taken":0,"relics_obtained":["Letter Opener"],"max_hp_gain":0,"max_hp_loss":0,"event_name":"Big Fish","floor":4,"gold_loss":0,"cards_obtained":["Regret"]},{"damage_healed":0,"gold_gain":0,"cards_transformed":["Strike_R"],"player_choice":"Change","damage_taken":0,"max_hp_gain":0,"max_hp_loss":0,"event_name":"Living Wall","floor":5,"gold_loss":0,"cards_obtained":["Immolate"]}],"is_beta":false,"boss_relics":[],"items_purged_floors":[],"is_endless":false,"potions_floor_spawned":[3],"killed_by":"Lagavulin","ascension_level":4}