{"gold_per_floor":[10,10,10,10,30,64,64,102,102,117,117,117,117,137,137,137],"floor_reached":16,"playtime":1632,"items_purged":[],"score":108,"play_id":"311d095e-776c-4a67-86c9-e899328b2f9b","local_time":"20190911124909","is_ascension_mode":false,"campfire_choices":[{"floor":12,"key":"REST"},{"data":"Leap","floor":15,"key":"SMITH"}],"neow_cost":"NO_GOLD","seed_source_timestamp":82235345821910,"circlet_count":0,"master_deck":["Strike_B","Strike_B","Strike_B","Strike_B","Defend_B","Defend_B","Defend_B","Defend_B","Zap","Dualcast","Auto Shields","Leap+1","Leap","Injury","Coolheaded","Cold Snap","Coolheaded"],"relics":["Cracked Core","Gambling Chip","Shuriken","Golden Idol","Ornamental Fan","Potion Belt"],"potions_floor_usage":[16,16],"damage_taken":[{"damage":0,"enemies":"2 Louse","floor":1,"turns":4},{"damage":0,"enemies":"Cultist","floor":5,"turns":3},{"damage":18,"enemies":"Gremlin Nob","floor":6,"turns":4},{"damage":36,"enemies":"Lagavulin","floor":8,"turns":8},{"damage":0,"enemies":"Jaw Worm","floor":10,"turns":4},{"damage":0,"enemies":"3 Louse","floor":14,"turns":4},{"damage":46,"enemies":"Slime Boss","floor":16,"turns":23}],"seed_played":"5299999796856851145","potions_obtained":[{"floor":1,"key":"Fire Potion"},{"floor":2,"key":"Strength Potion"},{"floor":2,"key":"SneckoOil"},{"floor":2,"key":"EntropicBrew"},{"floor":6,"key":"Weak Potion"},{"floor":8,"key":"Dexterity Potion"}],"is_trial":false,"path_per_floor":["M","?","$","$","M","E","?","E","T","M","?","R","?","M","R","B"],"character_chosen":"DEFECT","items_purchased":[],"campfire_rested":1,"item_purchase_floors":[],"current_hp_per_floor":[75,75,75,75,75,57,57,21,21,21,21,43,43,43,43,0],"gold":137,"neow_bonus":"ONE_RARE_RELIC","is_prod":false,"is_daily":false,"chose_seed":false,"campfire_upgraded":1,"win_rate":0,"timestamp":1568216949,"path_taken":["M","?","?","$","M","E","?","E","T","M","?","R","?","M","R","BOSS"],"build_version":"2019-07-17","purchased_purges":0,"victory":false,"max_hp_per_floor":[75,75,75,75,75,75,75,75,75,75,75,75,75,75,75,75],"card_choices":[{"not_picked":["Barrage","Hologram"],"picked":"Auto Shields","floor":1},{"not_picked":["Reprogram","Coolheaded"],"picked":"Leap","floor":5},{"not_picked":["Hyperbeam","Heatsinks"],"picked":"Leap","floor":6},{"not_picked":["Darkness","Steam"],"picked":"Coolheaded","floor":8},{"not_picked":["Stack","Steam Power"],"picked":"Cold Snap","floor":10},{"not_picked":["Streamline","Hologram"],"picked":"Coolheaded","floor":14}],"player_experience":146345,"relics_obtained":[{"floor":6,"key":"Shuriken"},{"floor":8,"key":"Ornamental Fan"},{"floor":9,"key":"Potion Belt"}],"event_choices":[{"damage_healed":0,"gold_gain":0,"player_choice":"Got Potions","damage_taken":0,"max_hp_gain":0,"max_hp_loss":0,"event_name":"Lab","floor":2,"gold_loss":0},{"damage_healed":0,"gold_gain":0,"player_choice":"Take Wound","damage_taken":0,"relics_obtained":["Golden Idol"],"max_hp_gain":0,"max_hp_loss":0,"event_name":"Golden Idol","floor":7,"gold_loss":0,"cards_obtained":["Injury"]},{"damage_healed":0,"gold_gain":0,"player_choice":"Searched \u00270\u0027 times","damage_taken":0,"max_hp_gain":0,"max_hp_loss":0,"event_name":"Dead Adventurer","floor":11,"gold_loss":0},{"damage_healed":0,"gold_gain":0,"player_choice":"Bought 0 Potions","damage_taken":0,"max_hp_gain":0,"max_hp_loss":0,"event_name":"The Woman in Blue","floor":13,"gold_loss":0}],"is_beta":false,"boss_relics":[],"items_purged_floors":[],"is_endless":false,"potions_floor_spawned":[1,6,8],"killed_by":"Slime Boss","ascension_level":0}