{"gold_per_floor":[118,129,199,349,84,115,135,135,135,135,82,97,97,111,111,186,186,199,124,138,138,153,181,181,200,200,200],"floor_reached":27,"playtime":818,"items_purged":["Doubt"],"score":490,"play_id":"809d78a8-b028-4681-96b3-29ec230581d8","local_time":"20190826195224","is_ascension_mode":true,"campfire_choices":[{"data":"Sucker Punch","floor":10,"key":"SMITH"},{"data":"Adrenaline","floor":13,"key":"SMITH"},{"data":"Dagger Spray","floor":15,"key":"SMITH"},{"floor":24,"key":"REST"}],"neow_cost":"NONE","seed_source_timestamp":39936476707102,"circlet_count":0,"master_deck":["AscendersBane","Strike_G","Strike_G","Strike_G","Strike_G","Defend_G","Defend_G","Defend_G","Defend_G","Defend_G","Survivor","Neutralize+1","Predator","Terror","Backflip","Dagger Spray+1","Adrenaline+1","Sucker Punch+1","Deadly Poison","Crippling Poison","PiercingWail","Corpse Explosion","Cloak And Dagger+1","Acrobatics+1","PiercingWail","Clumsy"],"relics":["Ring of the Snake","NeowsBlessing","Shuriken","Mercury Hourglass","Mango","Cursed Key","StoneCalendar","Ornamental Fan"],"potions_floor_usage":[22,23,23,23],"damage_taken":[{"damage":0,"enemies":"Small Slimes","floor":1,"turns":1},{"damage":0,"enemies":"Jaw Worm","floor":2,"turns":1},{"damage":0,"enemies":"Gremlin Nob","floor":6,"turns":1},{"damage":6,"enemies":"Cultist","floor":7,"turns":3},{"damage":9,"enemies":"Large Slime","floor":12,"turns":5},{"damage":8,"enemies":"Looter","floor":14,"turns":2},{"damage":31,"enemies":"Slime Boss","floor":16,"turns":10},{"damage":4,"enemies":"Shell Parasite","floor":18,"turns":4},{"damage":16,"enemies":"Spheric Guardian","floor":20,"turns":4},{"damage":17,"enemies":"Shelled Parasite and Fungi","floor":22,"turns":5},{"damage":18,"enemies":"Slavers","floor":23,"turns":2},{"damage":7,"enemies":"3 Cultists","floor":25,"turns":3},{"damage":27,"enemies":"Book of Stabbing","floor":27,"turns":5}],"seed_played":"6668296570025288590","potions_obtained":[{"floor":2,"key":"Dexterity Potion"},{"floor":6,"key":"EntropicBrew"}],"is_trial":false,"path_per_floor":["M","M","?","?","$","E","M","T","T","R","$","M","R","M","R","B",null,"M","?","M","?","M","E","R","M","T","E"],"character_chosen":"THE_SILENT","items_purchased":["Backflip","Dagger Spray","GhostInAJar","Deadly Poison"],"campfire_rested":1,"item_purchase_floors":[5,5,5,11],"current_hp_per_floor":[59,59,59,59,59,59,53,53,67,67,67,58,58,50,50,19,65,61,61,45,45,28,10,34,27,27,0],"gold":200,"neow_bonus":"THREE_ENEMY_KILL","is_prod":false,"is_daily":false,"chose_seed":false,"campfire_upgraded":3,"win_rate":0,"timestamp":1566813144,"path_taken":["M","M","?","?","$","E","M","?","T","R","$","?","R","M","R","BOSS","M","?","M","?","?","E","R","M","T","E"],"build_version":"2019-07-17","purchased_purges":1,"victory":false,"max_hp_per_floor":[66,66,66,66,66,66,66,66,80,80,80,80,80,80,80,80,80,80,80,80,80,80,80,80,80,80,80],"card_choices":[{"not_picked":["Dodge and Roll","Underhanded Strike"],"picked":"Predator","floor":1},{"not_picked":["Sucker Punch","Endless Agony"],"picked":"Terror","floor":2},{"not_picked":["Terror","Setup"],"picked":"Adrenaline","floor":6},{"not_picked":["Riddle With Holes","Dagger Spray"],"picked":"Sucker Punch","floor":7},{"not_picked":["Endless Agony","Cloak And Dagger"],"picked":"Crippling Poison","floor":12},{"not_picked":["Prepared","Dodge and Roll"],"picked":"PiercingWail","floor":14},{"not_picked":["Die Die Die","Adrenaline"],"picked":"Corpse Explosion","floor":16},{"not_picked":["Deflect","Poisoned Stab"],"picked":"Cloak And Dagger+1","floor":18},{"not_picked":["Deadly Poison","Deflect+1"],"picked":"Acrobatics+1","floor":20},{"not_picked":["Acrobatics","Reflex","Storm of Steel"],"picked":"SKIP","floor":22},{"not_picked":["Underhanded Strike","Prepared"],"picked":"PiercingWail","floor":23},{"not_picked":["Sucker Punch+1","PiercingWail","Outmaneuver"],"picked":"SKIP","floor":25}],"player_experience":1221557,"relics_obtained":[{"floor":6,"key":"Shuriken"},{"floor":8,"key":"Mercury Hourglass"},{"floor":9,"key":"Mango"},{"floor":23,"key":"StoneCalendar"},{"floor":26,"key":"Ornamental Fan"}],"event_choices":[{"damage_healed":0,"gold_gain":70,"player_choice":"Gained Gold","damage_taken":0,"max_hp_gain":0,"max_hp_loss":0,"event_name":"Golden Wing","floor":3,"gold_loss":0},{"damage_healed":0,"gold_gain":150,"player_choice":"AGREE","damage_taken":0,"max_hp_gain":0,"max_hp_loss":0,"event_name":"Liars Game","floor":4,"gold_loss":0,"cards_obtained":["Doubt"]},{"cards_removed":["Strike_G"],"damage_healed":0,"gold_gain":0,"player_choice":"Gave Gold","damage_taken":0,"max_hp_gain":0,"max_hp_loss":0,"event_name":"Beggar","floor":19,"gold_loss":75},{"damage_healed":0,"gold_gain":0,"player_choice":"Forge","damage_taken":0,"max_hp_gain":0,"max_hp_loss":0,"event_name":"Accursed Blacksmith","floor":21,"gold_loss":0,"cards_upgraded":["Neutralize"]}],"is_beta":false,"boss_relics":[{"not_picked":["Philosopher\u0027s Stone","Runic Pyramid"],"picked":"Cursed Key"}],"items_purged_floors":[5],"is_endless":false,"potions_floor_spawned":[2,6,12,18,20],"killed_by":"Book of Stabbing","ascension_level":18}