{"path_per_floor":["M","M","?","$","M","E","M","R","T","M","M","E","?","M","R","B",null,"M","M","M","$"],"character_chosen":"THE_SILENT","items_purchased":["Finisher","Gremlin Horn"],"gold_per_floor":[111,129,129,60,71,97,109,109,109,122,136,166,131,151,151,252,252,252,207,207,1,1],"floor_reached":22,"campfire_rested":0,"playtime":1381,"current_hp_per_floor":[68,68,68,68,62,52,48,48,48,48,48,32,49,49,49,30,70,68,56,46,46,0],"items_purged":[],"gold":1,"score":220,"play_id":"b23b2af6-34e3-42b8-81d0-b94ac36bfbc0","local_time":"20180326204543","is_prod":false,"is_daily":false,"is_ascension_mode":true,"campfire_upgraded":2,"timestamp":1522111543,"path_taken":["M","M","?","$","M","E","M","R","T","M","M","E","?","M","R","BOSS","M","M","M","$","M"],"build_version":"2018-03-22v2","purchased_purges":0,"victory":false,"master_deck":["Defend_G","Defend_G","Defend_G","Defend_G","Defend_G","Strike_G","Strike_G","Strike_G","Strike_G","Strike_G","Survivor","Neutralize+1","Flying Knee","Well Laid Plans+1","Finisher+1","Backstab","PiercingWail","Dash","Dagger Spray","Backstab","Cloak And Dagger","Cloak And Dagger","Doppelganger","Dagger Spray+1","Dagger Throw","Accuracy"],"max_hp_per_floor":[70,70,70,70,70,70,70,70,70,70,70,70,70,70,70,70,70,70,70,70,70,70],"relics":["Question Card","Blue Candle","The Courier","Mercury Hourglass","Ectoplasm","Gremlin Horn"],"card_choices":[{"not_picked":["Acrobatics","Infinite Blades","Sucker Punch"],"picked":"Flying Knee","floor":1},{"not_picked":["Terror","Flechettes","Bane"],"picked":"Well Laid Plans","floor":2},{"not_picked":["Riddle With Holes","Deflect","Sucker Punch"],"picked":"Backstab","floor":5},{"not_picked":["Grand Finale","Deadly Poison","Terror"],"picked":"PiercingWail","floor":6},{"not_picked":["Crippling Poison","Dagger Throw","Poisoned Stab"],"picked":"Dash","floor":7},{"not_picked":["Backflip","Outmaneuver","PiercingWail"],"picked":"Dagger Spray","floor":10},{"not_picked":["Deadly Poison","Escape Plan","Dagger Spray"],"picked":"Backstab","floor":11},{"not_picked":["Backstab","Quick Slash","Storm of Steel"],"picked":"Cloak And Dagger","floor":12},{"not_picked":["Masterful Stab","Underhanded Strike","Malaise"],"picked":"Cloak And Dagger","floor":14},{"not_picked":["Wraith Form","Envenom","Tactician"],"picked":"Doppelganger","floor":16},{"not_picked":["Dash","Bouncing Flask","Slice"],"picked":"Dagger Spray","floor":18},{"not_picked":["Terror","PiercingWail","Deflect"],"picked":"Dagger Throw","floor":19},{"not_picked":["Escape Plan","Bane","Malaise"],"picked":"Accuracy","floor":20}],"player_experience":98717,"potions_floor_usage":[11,16,16,19,20],"damage_taken":[{"damage":2,"enemies":"Cultist","floor":1,"turns":5},{"damage":0,"enemies":"Small Slimes","floor":2,"turns":4},{"damage":6,"enemies":"2 Louse","floor":5,"turns":3},{"damage":10,"enemies":"3 Sentries","floor":6,"turns":11},{"damage":4,"enemies":"Blue Slaver","floor":7,"turns":3},{"damage":0,"enemies":"Exordium Wildlife","floor":10,"turns":3},{"damage":0,"enemies":"Gremlin Gang","floor":11,"turns":3},{"damage":16,"enemies":"Lagavulin","floor":12,"turns":6},{"damage":0,"enemies":"Blue Slaver","floor":14,"turns":2},{"damage":34,"enemies":"The Guardian","floor":16,"turns":11},{"damage":2,"enemies":"3 Byrds","floor":18,"turns":4},{"damage":12,"enemies":"2 Thieves","floor":19,"turns":3},{"damage":10,"enemies":"Snake Plant","floor":20,"turns":4},{"damage":46,"enemies":"Cultist and Chosen","floor":22,"turns":6}],"event_choices":[{"event_name":"Living Wall","player_choice":"Grow","floor":3,"damage_taken":0},{"event_name":"The Cleric","player_choice":"Healed","floor":13,"damage_taken":0}],"boss_relics":[{"not_picked":["Pandora\u0027s Box","White Beast Statue"],"picked":"Ectoplasm"}],"potions_floor_spawned":[5,6,7,11,12,18],"seed_played":"1932646913862777812","killed_by":"Cultist and Chosen","ascension_level":2,"is_trial":false}