{"gold_per_floor":[113,125,42,42,57,57,1,1,1,34,34,52,52,70,70,168,168,183,183,201,201],"floor_reached":21,"playtime":735,"items_purged":[],"score":340,"play_id":"1d7f00e0-820b-464c-9d98-cb1878bf8397","local_time":"20190825092622","is_ascension_mode":true,"campfire_choices":[{"data":"Heavy Blade","floor":6,"key":"SMITH"},{"data":"Armaments","floor":13,"key":"SMITH"},{"floor":15,"key":"REST"}],"neow_cost":"NONE","seed_source_timestamp":12167979097536,"circlet_count":0,"master_deck":["AscendersBane","Strike_R","Strike_R","Strike_R","Strike_R","Strike_R","Defend_R","Defend_R","Defend_R","Defend_R","Bash","Spot Weakness","Anger","Thunderclap","Armaments+1","Immolate","Heavy Blade+1","Injury","Burning Pact","Corruption+1","Shrug It Off","Offering","Inflame+1","Headbutt"],"relics":["Burning Blood","Bloody Idol","Centennial Puzzle","Frozen Egg 2","Omamori","Runic Cube"],"potions_floor_usage":[10,16,16,21],"damage_taken":[{"damage":6,"enemies":"Cultist","floor":1,"turns":3},{"damage":10,"enemies":"2 Louse","floor":2,"turns":3},{"damage":3,"enemies":"Small Slimes","floor":5,"turns":3},{"damage":20,"enemies":"Lagavulin","floor":10,"turns":4},{"damage":13,"enemies":"Blue Slaver","floor":12,"turns":2},{"damage":22,"enemies":"Exordium Wildlife","floor":14,"turns":4},{"damage":57,"enemies":"The Guardian","floor":16,"turns":9},{"damage":32,"enemies":"2 Thieves","floor":18,"turns":3},{"damage":12,"enemies":"Spheric Guardian","floor":20,"turns":3},{"damage":46,"enemies":"Shelled Parasite and Fungi","floor":21,"turns":3}],"seed_played":"1894854311323159007","potions_obtained":[{"floor":1,"key":"EssenceOfSteel"},{"floor":2,"key":"Regen Potion"},{"floor":14,"key":"Swift Potion"},{"floor":16,"key":"LiquidBronze"},{"floor":20,"key":"PowerPotion"}],"is_trial":false,"path_per_floor":["M","M","$","?","M","R","$","?","T","E","T","M","R","M","R","B",null,"M","?","M","M"],"character_chosen":"IRONCLAD","items_purchased":["Thunderclap","Armaments","AttackPotion"],"campfire_rested":1,"item_purchase_floors":[3,3,7],"current_hp_per_floor":[75,71,71,71,74,74,74,74,74,60,60,53,53,37,61,25,68,42,42,41,0],"gold":201,"neow_bonus":"TEN_PERCENT_HP_BONUS","is_prod":false,"is_daily":false,"chose_seed":false,"campfire_upgraded":2,"win_rate":0,"timestamp":1566689182,"path_taken":["M","?","$","?","M","R","?","?","T","E","?","?","R","M","R","BOSS","M","?","M","M"],"build_version":"2019-07-17","purchased_purges":0,"victory":false,"max_hp_per_floor":[82,82,82,82,82,82,82,82,82,82,82,82,82,82,82,82,82,82,82,82,82],"card_choices":[{"not_picked":["Shockwave","Havoc"],"picked":"Spot Weakness","floor":1},{"not_picked":["Spot Weakness","Ghostly Armor"],"picked":"Anger","floor":2},{"not_picked":["Fire Breathing","Ghostly Armor"],"picked":"Heavy Blade","floor":5},{"not_picked":["Cleave","Ghostly Armor"],"picked":"Burning Pact","floor":10},{"not_picked":["Flame Barrier","Twin Strike"],"picked":"Corruption+1","floor":12},{"not_picked":["Burning Pact","Rage"],"picked":"Shrug It Off","floor":14},{"not_picked":["Juggernaut+1","Double Tap"],"picked":"Offering","floor":16},{"not_picked":["Anger","Pommel Strike"],"picked":"Inflame+1","floor":18},{"not_picked":["Warcry","Body Slam"],"picked":"Headbutt","floor":20}],"player_experience":1214334,"relics_obtained":[{"floor":9,"key":"Centennial Puzzle"},{"floor":10,"key":"Frozen Egg 2"},{"floor":11,"key":"Omamori"}],"event_choices":[{"damage_healed":0,"gold_gain":0,"player_choice":"1 cards matched","damage_taken":0,"max_hp_gain":0,"max_hp_loss":0,"event_name":"Match and Keep!","floor":4,"gold_loss":0,"cards_obtained":["Immolate"]},{"damage_healed":0,"gold_gain":0,"player_choice":"Take Wound","damage_taken":0,"relics_obtained":["Golden Idol"],"max_hp_gain":0,"max_hp_loss":0,"event_name":"Golden Idol","floor":8,"gold_loss":0,"cards_obtained":["Injury"]},{"damage_healed":0,"gold_gain":0,"player_choice":"Gave Idol","damage_taken":0,"relics_obtained":["Bloody Idol"],"max_hp_gain":0,"max_hp_loss":0,"event_name":"Forgotten Altar","floor":19,"relics_lost":["Golden Idol"],"gold_loss":0}],"is_beta":false,"boss_relics":[{"not_picked":["Runic Pyramid","White Beast Statue"],"picked":"Runic Cube"}],"items_purged_floors":[],"is_endless":false,"potions_floor_spawned":[1,2,14,16,20],"killed_by":"Shelled Parasite and Fungi","ascension_level":18}