{"gold_per_floor":[115,134,152,167,39,39,70,70,146,177,177,202,202,202,202,306,306,324,335,585,585,90,90,290,321,374,407,455,455,465,61,61,160,160,178,194,211,226,33,33,33,58,128,128,140,160,183,233,233,233],"floor_reached":51,"playtime":3718,"items_purged":["Strike_G","Regret"],"score":958,"play_id":"f5f88406-19c8-42ba-8253-cffafd09b712","local_time":"20180802113035","is_ascension_mode":true,"campfire_choices":[{"data":"Flechettes","floor":6,"key":"SMITH"},{"data":"Neutralize","floor":8,"key":"SMITH"},{"data":"PiercingWail","floor":11,"key":"SMITH"},{"floor":13,"key":"REST"},{"data":"Dagger Throw","floor":15,"key":"SMITH"},{"floor":23,"key":"REST"},{"floor":29,"key":"REST"},{"floor":32,"key":"REST"},{"floor":41,"key":"REST"},{"floor":49,"key":"REST"}],"neow_cost":"NONE","seed_source_timestamp":1870153832014988,"circlet_count":0,"master_deck":["Defend_G+1","Defend_G+1","Defend_G+1","Defend_G+1","Defend_G+1","Strike_G+1","Strike_G+1","Strike_G+1","Strike_G+1","Survivor","Neutralize+1","Flechettes+1","PiercingWail+1","Dagger Throw+1","Dagger Throw+1","Cloak And Dagger","Reflex+1","Deflect","Sucker Punch+1","Die Die Die","Escape Plan+1","Cloak And Dagger","Footwork+1","Cloak And Dagger+1","Night Terror","Quick Slash+1","Accuracy+1","Clumsy","Leg Sweep+1","Underhanded Strike+1","Doubt"],"relics":["Runic Pyramid","Tingsha","The Courier","Whetstone","Odd Mushroom","Fusion Hammer","Bag of Preparation","Bag of Marbles","Lantern","Pantograph","Tiny Chest","Happy Flower","War Paint","TwistedFunnel","Mercury Hourglass","Cursed Key","Pear","Sundial","Meat on the Bone","Paper Crane","Art of War","Thread and Needle"],"potions_floor_usage":[7,16,19,33,33,50],"damage_taken":[{"damage":2,"enemies":"Jaw Worm","floor":1,"turns":4},{"damage":0,"enemies":"Small Slimes","floor":2,"turns":3},{"damage":0,"enemies":"Cultist","floor":3,"turns":4},{"damage":3,"enemies":"Blue Slaver","floor":4,"turns":5},{"damage":1,"enemies":"3 Sentries","floor":7,"turns":8},{"damage":16,"enemies":"Lagavulin","floor":10,"turns":5},{"damage":13,"floor":12,"turns":3},{"damage":0,"enemies":"Slime Boss","floor":16,"turns":5},{"damage":0,"enemies":"Chosen","floor":18,"turns":4},{"damage":2,"enemies":"Shell Parasite","floor":19,"turns":4},{"damage":0,"enemies":"Book of Stabbing","floor":25,"turns":5},{"damage":3,"enemies":"Gremlin Leader","floor":27,"turns":6},{"damage":0,"enemies":"3 Cultists","floor":30,"turns":4},{"damage":20,"enemies":"Automaton","floor":33,"turns":10},{"damage":0,"enemies":"Flame Bruiser 1 Orb","floor":35,"turns":4},{"damage":0,"enemies":"Orb Walker","floor":36,"turns":2},{"damage":15,"enemies":"Spire Growth","floor":37,"turns":4},{"damage":0,"enemies":"Sphere and 2 Shapes","floor":38,"turns":3},{"damage":2,"floor":40,"turns":5},{"damage":16,"enemies":"Giant Head","floor":42,"turns":10},{"damage":0,"enemies":"Flame Bruiser 2 Orb","floor":45,"turns":4},{"damage":0,"enemies":"3 Darklings","floor":46,"turns":3},{"damage":3,"floor":48,"turns":5},{"damage":7,"enemies":"Time Eater","floor":50,"turns":14}],"seed_played":"1688878571437368483","potions_obtained":[{"floor":2,"key":"PowerPotion"},{"floor":10,"key":"Strength Potion"},{"floor":16,"key":"AttackPotion"},{"floor":18,"key":"EssenceOfSteel"},{"floor":25,"key":"Dexterity Potion"},{"floor":33,"key":"SteroidPotion"},{"floor":37,"key":"Dexterity Potion"},{"floor":40,"key":"Block Potion"}],"is_trial":false,"path_per_floor":["M","M","M","M","$","R","E","R","T","E","R","?","R","?","R","B",null,"M","M","?","?","$","R","?","E","T","E","T","R","M","$","R","B",null,"M","M","M","M","$","?","R","E","T","?","M","M","T","?","R","B"],"character_chosen":"THE_SILENT","items_purchased":["Cloak And Dagger","Bag of Preparation","Bag of Marbles","Lantern","TwistedFunnel","Mercury Hourglass","Pear"],"campfire_rested":6,"item_purchase_floors":[5,22,22,22,31,31,39],"current_hp_per_floor":[68,68,68,65,65,65,64,64,64,48,48,35,56,56,56,56,67,67,65,65,65,65,70,70,70,70,67,67,70,70,70,70,50,65,65,65,50,50,60,78,80,64,64,64,64,64,64,61,80,73],"gold":233,"neow_bonus":"BOSS_RELIC","is_prod":false,"is_daily":false,"chose_seed":false,"campfire_upgraded":4,"win_rate":0,"timestamp":1533223835,"path_taken":["M","M","M","M","$","R","E","R","T","E","R","?","R","?","R","BOSS","M","M","?","?","$","R","?","E","T","E","?","R","M","$","R","BOSS","M","M","M","M","$","?","R","E","T","?","M","?","?","?","R","BOSS"],"build_version":"2018-07-26","purchased_purges":2,"victory":true,"max_hp_per_floor":[70,70,70,70,70,70,70,70,70,70,70,70,70,70,70,70,70,70,70,70,70,70,70,70,70,70,70,70,70,70,70,70,70,70,70,70,70,70,80,80,80,80,80,80,80,80,80,80,80,80],"card_choices":[{"not_picked":["Deflect","Acrobatics"],"picked":"Flechettes","floor":1},{"not_picked":["Poisoned Stab","Quick Slash"],"picked":"PiercingWail","floor":2},{"not_picked":["Backstab","All Out Attack"],"picked":"Dagger Throw","floor":3},{"not_picked":["Prepared","Sucker Punch"],"picked":"Dagger Throw","floor":4},{"not_picked":["Storm of Steel","Quick Slash"],"picked":"Reflex","floor":7},{"not_picked":["Calculated Gamble","Deadly Poison"],"picked":"Deflect","floor":10},{"not_picked":["Riddle With Holes","Flying Knee"],"picked":"Sucker Punch","floor":12},{"not_picked":["Phantasmal Killer","Grand Finale"],"picked":"Die Die Die","floor":16},{"not_picked":["Quick Slash","Noxious Fumes+1"],"picked":"Escape Plan","floor":18},{"not_picked":["Deadly Poison","Blur"],"picked":"Cloak And Dagger","floor":19},{"not_picked":["Dagger Throw","Infinite Blades+1"],"picked":"Footwork+1","floor":25},{"not_picked":["Choke","Dodge and Roll","Well Laid Plans"],"picked":"SKIP","floor":27},{"not_picked":["Underhanded Strike","Sucker Punch"],"picked":"Cloak And Dagger+1","floor":30},{"not_picked":["Unload","Venomology"],"picked":"Night Terror","floor":33},{"not_picked":["Blade Dance+1","Crippling Poison","Tactician"],"picked":"SKIP","floor":35},{"not_picked":["Bane+1","Acrobatics"],"picked":"Quick Slash+1","floor":36},{"not_picked":["Concentrate","Infinite Blades+1","Dodge and Roll+1"],"picked":"SKIP","floor":37},{"not_picked":["Endless Agony+1","Dodge and Roll+1"],"picked":"Accuracy+1","floor":38},{"not_picked":["Flying Knee","Acrobatics"],"picked":"Footwork","floor":40},{"not_picked":["Endless Agony","Corpse Explosion","Dagger Throw+1"],"picked":"SKIP","floor":42},{"not_picked":["Outmaneuver","Setup+1"],"picked":"Leg Sweep+1","floor":45},{"not_picked":["Slice+1","Blur"],"picked":"Underhanded Strike+1","floor":46}],"player_experience":353622,"relics_obtained":[{"floor":7,"key":"Tingsha"},{"floor":9,"key":"The Courier"},{"floor":10,"key":"Whetstone"},{"floor":12,"key":"Odd Mushroom"},{"floor":25,"key":"Pantograph"},{"floor":26,"key":"Tiny Chest"},{"floor":27,"key":"Happy Flower"},{"floor":28,"key":"War Paint"},{"floor":40,"key":"Sundial"},{"floor":42,"key":"Meat on the Bone"},{"floor":43,"key":"Paper Crane"},{"floor":47,"key":"Art of War"},{"floor":48,"key":"Thread and Needle"}],"event_choices":[{"event_name":"Mushrooms","player_choice":"Fought Mushrooms","floor":12,"damage_taken":0},{"event_name":"Living Wall","player_choice":"Grow","floor":14,"damage_taken":0},{"event_name":"Golden Shrine","player_choice":"Desecrate","floor":20,"damage_taken":0},{"event_name":"Back to Basics","player_choice":"Simplicity","floor":21,"damage_taken":0},{"event_name":"The Joust","player_choice":"Bet on Owner","floor":24,"damage_taken":0},{"event_name":"MindBloom","player_choice":"Fight","floor":40,"damage_taken":0},{"event_name":"Falling","player_choice":"Removed Power","floor":44,"damage_taken":0},{"event_name":"Mysterious Sphere","player_choice":"Fight","floor":48,"damage_taken":0}],"is_beta":false,"boss_relics":[{"not_picked":["Eternal Feather","Coffee Dripper"],"picked":"Fusion Hammer"},{"not_picked":["Orrery","Snecko Eye"],"picked":"Cursed Key"}],"items_purged_floors":[5,22],"is_endless":false,"potions_floor_spawned":[2,10,16,18,25,33,37,40,45,46,48],"ascension_level":5}