{"gold_per_floor":[112,122,122,134,151,182,182,182,209,60,75,75,89,89,89,189,189,202,277,6,6,6,33,45,45,68,68,99,99,119,219,219,219],"floor_reached":33,"playtime":2116,"items_purged":["Strike_P"],"score":322,"play_id":"6d6dc94a-850f-42b9-9554-cf20993d3fd7","local_time":"20190911123623","is_ascension_mode":true,"campfire_choices":[{"floor":7,"key":"REST"},{"data":"Nirvana","floor":12,"key":"SMITH"},{"data":"SandsOfTime","floor":15,"key":"SMITH"},{"floor":25,"key":"REST"},{"floor":29,"key":"REST"},{"floor":32,"key":"REST"}],"neow_cost":"PERCENT_DAMAGE","seed_source_timestamp":6369454567423,"circlet_count":0,"master_deck":["Strike_P+1","Strike_P+1","Strike_P+1","Defend_P+1","Defend_P+1","Defend_P+1","Eruption","Vigilance","Perseverance","TalkToTheHand","Consecrate","FearNoEvil","WindmillStrike","Nirvana+1","MasterReality+1","Meditate","EmptyMind","FollowUp","SandsOfTime+1","Pray","FlurryOfBlows+1","Sanctity","Adaptation","Protect","Protect+1","EmptyFist+1","Halt","CutThroughFate"],"relics":["PureWater","Anchor","Smiling Mask","Orrery","Fusion Hammer","Membership Card","Strawberry","Toy Ornithopter","Bottled Tornado","Frozen Egg 2","WingedGreaves","Bottled Lightning"],"potions_floor_usage":[5,16,28,28,31,31,33],"damage_taken":[{"damage":0,"enemies":"Small Slimes","floor":1,"turns":3},{"damage":6,"enemies":"Cultist","floor":2,"turns":3},{"damage":2,"enemies":"Jaw Worm","floor":4,"turns":3},{"damage":13,"enemies":"Exordium Thugs","floor":5,"turns":4},{"damage":33,"enemies":"Lagavulin","floor":6,"turns":10},{"damage":1,"enemies":"2 Fungi Beasts","floor":11,"turns":4},{"damage":0,"enemies":"Looter","floor":13,"turns":2},{"damage":13,"enemies":"Slime Boss","floor":16,"turns":9},{"damage":21,"enemies":"2 Thieves","floor":18,"turns":4},{"damage":12,"enemies":"Book of Stabbing","floor":23,"turns":5},{"damage":5,"enemies":"Spheric Guardian","floor":24,"turns":7},{"damage":28,"enemies":"Gremlin Leader","floor":28,"turns":9},{"damage":0,"enemies":"Chosen and Byrds","floor":30,"turns":6},{"damage":14,"enemies":"Colosseum Slavers","floor":31,"turns":3},{"damage":18,"enemies":"Colosseum Nobs","floor":31,"turns":5},{"damage":101,"enemies":"Automaton","floor":33,"turns":12}],"seed_played":"-7539499145996940754","potions_obtained":[{"floor":1,"key":"Swift Potion"},{"floor":5,"key":"StancePotion"},{"floor":13,"key":"Block Potion"},{"floor":16,"key":"Energy Potion"},{"floor":23,"key":"PowerPotion"},{"floor":28,"key":"EssenceOfSteel"},{"floor":30,"key":"AttackPotion"}],"is_trial":false,"path_per_floor":["M","M","?","M","M","E","R","?","T","$","M","R","M","?","R","B",null,"M","?","$","?","?","E","M","R","T","T","E","R","M","?","R","B"],"character_chosen":"WATCHER","items_purchased":["Orrery","Membership Card","Sanctity","Adaptation","SkillPotion"],"campfire_rested":4,"item_purchase_floors":[10,20,20,20,20],"current_hp_per_floor":[59,53,53,51,38,5,28,87,87,87,86,86,86,86,86,73,87,66,58,58,58,58,53,48,76,76,76,58,86,86,64,92,0],"gold":219,"neow_bonus":"TWENTY_PERCENT_HP_BONUS","is_prod":false,"is_daily":false,"chose_seed":false,"campfire_upgraded":2,"win_rate":0,"timestamp":1568169383,"path_taken":["M","M","?","M","?","E","R","?","T","?","M","R","M","?","R","BOSS","M","?","$","?","?","E","M","R","T","?","E","R","M","?","R","BOSS"],"build_version":"2019-09-10","purchased_purges":1,"victory":false,"max_hp_per_floor":[77,77,77,77,77,77,77,87,87,87,87,87,87,87,87,87,87,87,87,87,87,87,94,94,94,94,94,94,94,94,94,94,94],"card_choices":[{"not_picked":["JustLucky","BowlingBash"],"picked":"Perseverance","floor":1},{"not_picked":["CutThroughFate","Weave"],"picked":"TalkToTheHand","floor":2},{"not_picked":["JustLucky","Swivel"],"picked":"Consecrate","floor":4},{"not_picked":["FlurryOfBlows","CutThroughFate"],"picked":"Wish","floor":5},{"not_picked":["Crescendo","Weave"],"picked":"FearNoEvil","floor":6},{"not_picked":["Clarity","Crescendo"],"picked":"WindmillStrike","floor":10},{"not_picked":["BowlingBash","WaveOfTheHand"],"picked":"Nirvana","floor":10},{"not_picked":["EmptyFist","Protect"],"picked":"MasterReality","floor":10},{"not_picked":["JustLucky","Vengeance"],"picked":"Meditate","floor":10},{"not_picked":["FollowUp","Devotion"],"picked":"EmptyMind","floor":10},{"not_picked":["Perseverance","CrushJoints"],"picked":"FollowUp","floor":11},{"not_picked":["CrushJoints","Sanctity"],"picked":"SandsOfTime","floor":13},{"not_picked":["ReachHeaven","Metaphysics"],"picked":"Pray","floor":16},{"not_picked":["SpiritShield","CrushJoints"],"picked":"FlurryOfBlows+1","floor":18},{"not_picked":["Sanctity","Conclude"],"picked":"Protect","floor":23},{"not_picked":["BowlingBash","FlyingSleeves"],"picked":"Protect+1","floor":24},{"not_picked":["Halt","EmptyMind"],"picked":"EmptyFist+1","floor":28},{"not_picked":["Protect+1","FlyingSleeves"],"picked":"Halt","floor":30},{"not_picked":["FollowUp+1","Halt"],"picked":"CutThroughFate","floor":31}],"player_experience":1283751,"relics_obtained":[{"floor":6,"key":"Anchor"},{"floor":9,"key":"Smiling Mask"},{"floor":23,"key":"Strawberry"},{"floor":26,"key":"Toy Ornithopter"},{"floor":27,"key":"Bottled Tornado"},{"floor":28,"key":"Frozen Egg 2"},{"floor":31,"key":"WingedGreaves"},{"floor":31,"key":"Bottled Lightning"}],"event_choices":[{"cards_removed":["Defend_P"],"damage_healed":0,"gold_gain":0,"player_choice":"Purged","damage_taken":0,"max_hp_gain":0,"max_hp_loss":0,"event_name":"Purifier","floor":3,"gold_loss":0},{"cards_removed":["Wish"],"damage_healed":49,"gold_gain":0,"player_choice":"Offered Rare","damage_taken":0,"max_hp_gain":10,"max_hp_loss":0,"event_name":"Bonfire Elementals","floor":8,"gold_loss":0},{"damage_healed":0,"gold_gain":0,"player_choice":"Grow","damage_taken":0,"max_hp_gain":0,"max_hp_loss":0,"event_name":"Living Wall","floor":14,"gold_loss":0,"cards_upgraded":["MasterReality"]},{"damage_healed":0,"gold_gain":75,"player_choice":"Touch","damage_taken":8,"max_hp_gain":0,"max_hp_loss":0,"event_name":"FaceTrader","floor":19,"gold_loss":0},{"damage_healed":0,"gold_gain":0,"player_choice":"Ignored","damage_taken":0,"max_hp_gain":0,"max_hp_loss":0,"event_name":"Ghosts","floor":21,"gold_loss":0},{"damage_healed":0,"gold_gain":0,"player_choice":"Simplicity","damage_taken":0,"max_hp_gain":0,"max_hp_loss":0,"event_name":"Back to Basics","floor":22,"gold_loss":0,"cards_upgraded":["Strike_P","Strike_P","Strike_P","Defend_P","Defend_P","Defend_P"]},{"damage_healed":0,"gold_gain":0,"player_choice":"Fight","damage_taken":0,"max_hp_gain":0,"max_hp_loss":0,"event_name":"Colosseum","floor":31,"gold_loss":0},{"damage_healed":0,"gold_gain":0,"player_choice":"Fought Nobs","damage_taken":0,"max_hp_gain":0,"max_hp_loss":0,"event_name":"Colosseum","floor":31,"gold_loss":0}],"is_beta":true,"boss_relics":[{"not_picked":["Runic Pyramid","Empty Cage"],"picked":"Fusion Hammer"}],"items_purged_floors":[20],"is_endless":false,"potions_floor_spawned":[1,5,13,16,23,24,28,30],"killed_by":"Automaton","ascension_level":1}