{"gold_per_floor":[110,130,145,155,168,196,196,210,210,210,228,238,202,234,234,234],"floor_reached":16,"playtime":957,"items_purged":[],"score":197,"play_id":"2e013824-a079-4ef5-8752-19f678ba4577","local_time":"20181221022614","is_ascension_mode":true,"campfire_choices":[{"floor":7,"key":"REST"},{"floor":10,"key":"REST"},{"floor":15,"key":"REST"}],"neow_cost":"NONE","seed_source_timestamp":3713455027626,"circlet_count":0,"master_deck":["AscendersBane","Defend_G","Defend_G","Defend_G","Defend_G","Defend_G","Strike_G","Strike_G","Strike_G","Strike_G","Strike_G","Survivor","Neutralize","Skewer","Well Laid Plans","Dagger Spray","Underhanded Strike","Prepared","Deflect","Crippling Poison","Flying Knee","Die Die Die","Deflect"],"relics":["Ring of the Snake","NeowsBlessing","Boot","Bag of Marbles","Paper Crane"],"potions_floor_usage":[5,5,6,6,14,16],"damage_taken":[{"damage":0,"enemies":"2 Louse","floor":1,"turns":1},{"damage":0,"enemies":"Jaw Worm","floor":2,"turns":1},{"damage":0,"enemies":"Cultist","floor":3,"turns":1},{"damage":10,"enemies":"2 Fungi Beasts","floor":4,"turns":4},{"damage":2,"enemies":"Gremlin Gang","floor":5,"turns":3},{"damage":34,"enemies":"Lagavulin","floor":6,"turns":10},{"damage":2,"enemies":"3 Louse","floor":8,"turns":2},{"damage":16,"enemies":"Large Slime","floor":11,"turns":7},{"damage":6,"enemies":"Looter","floor":12,"turns":2},{"damage":18,"enemies":"Gremlin Nob","floor":14,"turns":4},{"damage":42,"enemies":"Hexaghost","floor":16,"turns":14}],"seed_played":"-6908099162914422878","potions_obtained":[{"floor":1,"key":"EntropicBrew"},{"floor":4,"key":"Poison Potion"},{"floor":12,"key":"Regen Potion"},{"floor":14,"key":"SpeedPotion"}],"is_trial":false,"path_per_floor":["M","M","M","M","M","E","R","M","T","R","M","M","?","E","R","B"],"character_chosen":"THE_SILENT","items_purchased":[],"campfire_rested":3,"item_purchase_floors":[],"current_hp_per_floor":[59,59,59,49,47,13,32,30,30,49,33,27,27,21,40,0],"gold":234,"neow_bonus":"THREE_ENEMY_KILL","is_prod":false,"is_daily":false,"chose_seed":false,"campfire_upgraded":0,"win_rate":0,"timestamp":1545377174,"path_taken":["M","M","M","M","M","E","R","M","T","R","M","M","?","E","R","BOSS"],"build_version":"2018-12-20","purchased_purges":0,"victory":false,"max_hp_per_floor":[66,66,66,66,66,66,66,66,66,66,66,66,66,66,66,66],"card_choices":[{"not_picked":["Riddle With Holes","Outmaneuver"],"picked":"Skewer","floor":1},{"not_picked":["Crippling Poison","Deadly Poison"],"picked":"Well Laid Plans","floor":2},{"not_picked":["Predator","Blade Dance"],"picked":"Dagger Spray","floor":3},{"not_picked":["Infinite Blades","Poisoned Stab"],"picked":"Underhanded Strike","floor":4},{"not_picked":["Dagger Throw","Finisher"],"picked":"Prepared","floor":5},{"not_picked":["Sucker Punch","Cloak And Dagger"],"picked":"Deflect","floor":6},{"not_picked":["Acrobatics","Backflip"],"picked":"Crippling Poison","floor":8},{"not_picked":["Catalyst","Prepared"],"picked":"Flying Knee","floor":11},{"not_picked":["All Out Attack","Dagger Spray"],"picked":"Die Die Die","floor":12},{"not_picked":["Backflip","Dagger Spray"],"picked":"Deflect","floor":14}],"player_experience":934571,"relics_obtained":[{"floor":6,"key":"Boot"},{"floor":9,"key":"Bag of Marbles"},{"floor":14,"key":"Paper Crane"}],"event_choices":[{"damage_healed":0,"gold_gain":0,"player_choice":"Left Gold","damage_taken":0,"max_hp_gain":0,"max_hp_loss":0,"event_name":"World of Goop","floor":13,"gold_loss":36}],"is_beta":false,"boss_relics":[],"items_purged_floors":[],"is_endless":false,"potions_floor_spawned":[1,4,5,12,14],"killed_by":"Hexaghost","ascension_level":14}