{"gold_per_floor":[117,127,140,13,13,13,13,26,26,26,61,125,125,141,141,242,242,253,283,42,54,54,54,85,85],"floor_reached":25,"playtime":996,"items_purged":["Strike_G"],"score":350,"play_id":"e520abed-c77c-401d-aabc-10d182a0a290","local_time":"20181210001252","is_ascension_mode":true,"campfire_choices":[{"data":"Backstab","floor":6,"key":"SMITH"},{"floor":10,"key":"REST"},{"floor":13,"key":"REST"},{"data":"Survivor","floor":15,"key":"SMITH"},{"data":"PiercingWail","floor":23,"key":"SMITH"}],"neow_cost":"NONE","seed_source_timestamp":514174613538356,"circlet_count":0,"master_deck":["AscendersBane","Defend_G","Defend_G","Defend_G","Defend_G","Defend_G","Strike_G","Strike_G","Strike_G","Survivor+1","Neutralize","Backstab+1","PiercingWail+1","Prepared","Underhanded Strike","Choke","Glass Knife+1","Flying Knee+1","Skewer+1","Sucker Punch+1"],"relics":["Ring of the Snake","Molten Egg 2","Coffee Dripper","Red Mask","Gremlin Horn","Du-Vu Doll"],"potions_floor_usage":[8,16,16,24],"damage_taken":[{"damage":2,"enemies":"Small Slimes","floor":1,"turns":4},{"damage":0,"enemies":"2 Louse","floor":2,"turns":3},{"damage":0,"enemies":"Jaw Worm","floor":3,"turns":6},{"damage":27,"enemies":"Exordium Thugs","floor":8,"turns":8},{"damage":50,"enemies":"Gremlin Nob","floor":11,"turns":5},{"damage":1,"enemies":"Looter","floor":14,"turns":2},{"damage":28,"enemies":"The Guardian","floor":16,"turns":15},{"damage":0,"enemies":"Spheric Guardian","floor":18,"turns":3},{"damage":42,"enemies":"Masked Bandits","floor":19,"turns":4},{"damage":0,"enemies":"Chosen","floor":21,"turns":3},{"damage":9,"enemies":"Slavers","floor":24,"turns":6},{"damage":13,"enemies":"Snake Plant","floor":25,"turns":1}],"seed_played":"7635333158676793490","potions_obtained":[{"floor":3,"key":"Poison Potion"},{"floor":11,"key":"Block Potion"},{"floor":14,"key":"Regen Potion"},{"floor":18,"key":"Weak Potion"}],"is_trial":false,"path_per_floor":["M","M","M","$","?","R","?","M","T","R","E","?","R","M","R","B",null,"M","?","$","M","?","R","E","M"],"character_chosen":"THE_SILENT","items_purchased":["Underhanded Strike","Gremlin Horn"],"campfire_rested":2,"item_purchase_floors":[4,20],"current_hp_per_floor":[61,61,61,61,66,66,66,39,39,61,11,11,33,32,32,19,61,61,19,19,19,19,19,10,0],"gold":85,"neow_bonus":"REMOVE_CARD","is_prod":false,"is_daily":false,"chose_seed":false,"campfire_upgraded":3,"win_rate":0,"timestamp":1544418772,"path_taken":["M","M","M","$","?","R","?","M","T","R","E","?","R","M","R","BOSS","M","?","?","?","?","R","E","M"],"build_version":"2018-12-06","purchased_purges":1,"victory":false,"max_hp_per_floor":[70,70,70,70,75,75,75,75,75,75,75,75,75,75,75,75,75,75,75,75,75,75,75,75,75],"card_choices":[{"not_picked":["Backflip","Sucker Punch"],"picked":"Backstab","floor":1},{"not_picked":["Dodge and Roll","Bouncing Flask"],"picked":"PiercingWail","floor":2},{"not_picked":["Backflip","Reflex"],"picked":"Prepared","floor":3},{"not_picked":["Well Laid Plans","Sucker Punch"],"picked":"Choke","floor":8},{"not_picked":["Riddle With Holes","Poisoned Stab"],"picked":"Glass Knife","floor":11},{"not_picked":["Catalyst","Concentrate"],"picked":"Flying Knee+1","floor":14},{"not_picked":["Bouncing Flask+1","Dagger Spray+1","Bane+1"],"picked":"SKIP","floor":18},{"not_picked":["Leg Sweep","Acrobatics"],"picked":"Skewer+1","floor":19},{"not_picked":["Bouncing Flask","Deadly Poison","Flying Knee+1"],"picked":"SKIP","floor":21},{"not_picked":["Eviscerate+1","Concentrate"],"picked":"Sucker Punch+1","floor":24}],"player_experience":852608,"relics_obtained":[{"floor":11,"key":"Molten Egg 2"},{"floor":19,"key":"Red Mask"},{"floor":24,"key":"Du-Vu Doll"}],"event_choices":[{"damage_healed":0,"gold_gain":0,"player_choice":"Donut","damage_taken":0,"max_hp_gain":5,"max_hp_loss":0,"event_name":"Big Fish","floor":5,"gold_loss":0},{"damage_healed":0,"gold_gain":0,"player_choice":"Ignored","damage_taken":0,"max_hp_gain":0,"max_hp_loss":0,"event_name":"Liars Game","floor":7,"gold_loss":0},{"damage_healed":0,"gold_gain":64,"player_choice":"Gained Gold","damage_taken":0,"max_hp_gain":0,"max_hp_loss":0,"event_name":"Golden Wing","floor":12,"gold_loss":0},{"damage_healed":0,"gold_gain":0,"player_choice":"Fought Bandits","damage_taken":0,"max_hp_gain":0,"max_hp_loss":0,"event_name":"Masked Bandits","floor":19,"gold_loss":0}],"is_beta":false,"boss_relics":[{"not_picked":["Tiny House","Velvet Choker"],"picked":"Coffee Dripper"}],"items_purged_floors":[4],"is_endless":false,"potions_floor_spawned":[3,11,14,18],"killed_by":"Snake Plant","ascension_level":12}