{"gold_per_floor":[215,231,249,263,263,263,296,306,332,343,361,24,44,44,44,121,121,137,151,167,167,180,207,2,2,2,27,27,58,58,58,58,58],"floor_reached":33,"playtime":1630,"items_purged":["Strike_G"],"score":585,"play_id":"0ea88fa5-ed1b-4541-8f18-5a6e8f86270c","local_time":"20181223232235","is_ascension_mode":true,"campfire_choices":[{"data":"Neutralize","floor":6,"key":"SMITH"},{"floor":15,"key":"REST"},{"floor":25,"key":"REST"},{"floor":28,"key":"REST"},{"data":"Flying Knee","floor":32,"key":"SMITH"}],"neow_cost":"NONE","seed_source_timestamp":251225489485783,"circlet_count":0,"master_deck":["AscendersBane","Defend_G","Defend_G","Defend_G","Defend_G","Defend_G","Strike_G","Strike_G","Strike_G","Survivor","Neutralize+1","Flying Knee+1","Underhanded Strike","Deadly Poison","Sucker Punch+1","Riddle With Holes+1","Finisher+1","Dagger Throw+1","Phantasmal Killer","Tools of the Trade","Backflip","Predator+1","Regret","Die Die Die+1","Ghostly","Ghostly","Ghostly"],"relics":["Ring of the Snake","Molten Egg 2","Happy Flower","Anchor","Shuriken","Cursed Key","Art of War","TwistedFunnel","Smiling Mask","Bottled Tornado"],"potions_floor_usage":[8,11,23,23],"damage_taken":[{"damage":1,"enemies":"Small Slimes","floor":1,"turns":5},{"damage":1,"enemies":"Cultist","floor":2,"turns":3},{"damage":2,"enemies":"2 Louse","floor":3,"turns":3},{"damage":0,"enemies":"Large Slime","floor":4,"turns":5},{"damage":51,"enemies":"3 Sentries","floor":7,"turns":11},{"damage":12,"enemies":"3 Louse","floor":8,"turns":4},{"damage":0,"enemies":"Blue Slaver","floor":10,"turns":3},{"damage":0,"enemies":"Gremlin Gang","floor":11,"turns":3},{"damage":0,"enemies":"Large Slime","floor":13,"turns":2},{"damage":4,"enemies":"Hexaghost","floor":16,"turns":7},{"damage":4,"enemies":"2 Thieves","floor":18,"turns":2},{"damage":11,"enemies":"3 Byrds","floor":19,"turns":5},{"damage":3,"enemies":"Snake Plant","floor":20,"turns":2},{"damage":16,"enemies":"Colosseum Slavers","floor":21,"turns":4},{"damage":8,"enemies":"Snecko","floor":22,"turns":4},{"damage":0,"enemies":"Gremlin Leader","floor":23,"turns":4},{"damage":26,"enemies":"Book of Stabbing","floor":27,"turns":5},{"damage":12,"enemies":"Slavers","floor":29,"turns":3},{"damage":66,"enemies":"Automaton","floor":33,"turns":6}],"seed_played":"-8675783664131204700","potions_obtained":[{"floor":7,"key":"Regen Potion"},{"floor":8,"key":"SkillPotion"},{"floor":13,"key":"SteroidPotion"},{"floor":16,"key":"Fire Potion"},{"floor":22,"key":"FearPotion"}],"is_trial":false,"path_per_floor":["M","M","M","M","?","R","E","M","T","M","M","$","M","?","R","B",null,"M","M","M","?","M","E","$","R","T","E","R","E","?","?","R","B"],"character_chosen":"THE_SILENT","items_purchased":["Shuriken","TwistedFunnel"],"campfire_rested":3,"item_purchase_floors":[12,24],"current_hp_per_floor":[58,57,55,55,55,55,4,4,4,4,4,4,4,4,23,19,54,50,39,36,20,12,12,12,31,31,5,24,12,12,19,19,0],"gold":58,"neow_bonus":"HUNDRED_GOLD","is_prod":false,"is_daily":false,"chose_seed":false,"campfire_upgraded":2,"win_rate":0,"timestamp":1545625355,"path_taken":["M","M","M","M","?","R","E","M","T","M","M","$","?","?","R","BOSS","M","?","M","?","M","E","$","R","T","E","R","E","?","?","R","BOSS"],"build_version":"2018-12-20","purchased_purges":1,"victory":false,"max_hp_per_floor":[66,66,66,66,66,66,66,66,66,66,66,66,66,66,66,66,66,66,66,66,66,66,66,66,66,66,66,66,66,33,33,33,33],"card_choices":[{"not_picked":["Bane","Dash"],"picked":"Flying Knee","floor":1},{"not_picked":["Dagger Spray","Sucker Punch"],"picked":"Underhanded Strike","floor":2},{"not_picked":["PiercingWail","Blade Dance"],"picked":"Crippling Poison","floor":3},{"not_picked":["All Out Attack","Underhanded Strike"],"picked":"Deadly Poison","floor":4},{"not_picked":["Escape Plan","Reflex"],"picked":"Sucker Punch+1","floor":7},{"not_picked":["Deflect","Blur"],"picked":"Riddle With Holes+1","floor":8},{"not_picked":["Terror","Underhanded Strike+1"],"picked":"Finisher+1","floor":10},{"not_picked":["Backflip","Underhanded Strike+1","Sucker Punch+1"],"picked":"SKIP","floor":11},{"not_picked":["Infinite Blades","Calculated Gamble"],"picked":"Dagger Throw+1","floor":13},{"not_picked":["After Image","Night Terror"],"picked":"Tools of the Trade","floor":16},{"not_picked":["Skewer+1","Deadly Poison"],"picked":"Backflip","floor":18},{"not_picked":["Tactician","Flying Knee+1"],"picked":"Predator+1","floor":19},{"not_picked":["Backflip","Dodge and Roll","Predator+1"],"picked":"SKIP","floor":20},{"not_picked":["Dagger Spray+1","Quick Slash+1","Acrobatics"],"picked":"SKIP","floor":22},{"not_picked":["Blur","PiercingWail","Backflip"],"picked":"SKIP","floor":23},{"not_picked":["Catalyst+1","Setup"],"picked":"Die Die Die+1","floor":27},{"not_picked":["Sucker Punch+1","Bouncing Flask+1","Caltrops"],"picked":"SKIP","floor":29}],"player_experience":956340,"relics_obtained":[{"floor":7,"key":"Happy Flower"},{"floor":9,"key":"Anchor"},{"floor":23,"key":"Art of War"},{"floor":27,"key":"Smiling Mask"},{"floor":29,"key":"Bottled Tornado"}],"event_choices":[{"cards_removed":["Crippling Poison"],"damage_healed":0,"gold_gain":0,"player_choice":"Gave Card","damage_taken":0,"relics_obtained":["Molten Egg 2"],"max_hp_gain":0,"max_hp_loss":0,"event_name":"WeMeetAgain","floor":5,"gold_loss":0},{"damage_healed":0,"gold_gain":0,"cards_transformed":["Strike_G"],"player_choice":"Transformed","damage_taken":0,"max_hp_gain":0,"max_hp_loss":0,"event_name":"Transmorgrifier","floor":14,"gold_loss":0,"cards_obtained":["Phantasmal Killer"]},{"damage_healed":0,"gold_gain":0,"player_choice":"Fight","damage_taken":0,"max_hp_gain":0,"max_hp_loss":0,"event_name":"Colosseum","floor":21,"gold_loss":0},{"damage_healed":0,"gold_gain":0,"player_choice":"Fled From Nobs","damage_taken":0,"max_hp_gain":0,"max_hp_loss":0,"event_name":"Colosseum","floor":21,"gold_loss":0},{"damage_healed":0,"gold_gain":0,"player_choice":"Became a Ghost","damage_taken":0,"max_hp_gain":0,"max_hp_loss":33,"event_name":"Ghosts","floor":30,"gold_loss":0,"cards_obtained":["Ghostly","Ghostly","Ghostly"]},{"damage_healed":7,"gold_gain":0,"player_choice":"Heal","damage_taken":0,"max_hp_gain":0,"max_hp_loss":0,"event_name":"The Library","floor":31,"gold_loss":0}],"is_beta":false,"boss_relics":[{"not_picked":["Runic Pyramid","Calling Bell"],"picked":"Cursed Key"}],"items_purged_floors":[12],"is_endless":false,"potions_floor_spawned":[7,8,13,16,18,20,21,22],"killed_by":"Automaton","ascension_level":15}