{"gold_per_floor":[119,138,151,76,88,88,100,0,51,51,51,51,16,52,52,52],"floor_reached":16,"playtime":610,"items_purged":["Strike_R","Strike_R"],"score":145,"play_id":"f901f6e4-eb19-4da9-94d6-24fb99ea8849","local_time":"20180907020159","is_ascension_mode":true,"campfire_choices":[{"data":"Searing Blow","floor":6,"key":"SMITH"},{"data":"True Grit","floor":10,"key":"SMITH"},{"data":"Searing Blow+1","floor":12,"key":"SMITH"},{"data":"Searing Blow+2","floor":15,"key":"SMITH"}],"neow_cost":"NONE","seed_source_timestamp":1585008166710278,"circlet_count":0,"master_deck":["Strike_R","Strike_R","Defend_R","Defend_R","Defend_R","Defend_R","Bash","True Grit+1","Cleave","Searing Blow+3","Rage","Intimidate"],"relics":["Burning Blood","Oddly Smooth Stone","Golden Idol","Sundial"],"potions_floor_usage":[7,14],"damage_taken":[{"damage":16,"enemies":"Cultist","floor":1,"turns":7},{"damage":15,"enemies":"Small Slimes","floor":2,"turns":5},{"damage":0,"enemies":"2 Louse","floor":3,"turns":2},{"damage":6,"enemies":"Blue Slaver","floor":5,"turns":6},{"damage":9,"enemies":"Large Slime","floor":7,"turns":6},{"damage":12,"enemies":"3 Sentries","floor":14,"turns":7},{"damage":68,"enemies":"Hexaghost","floor":16,"turns":9}],"seed_played":"-8823429417085635452","potions_obtained":[{"floor":3,"key":"SkillPotion"},{"floor":5,"key":"Energy Potion"}],"is_trial":false,"path_per_floor":["M","M","M","$","M","R","M","$","T","R","?","R","?","E","R"],"character_chosen":"IRONCLAD","items_purchased":[],"campfire_rested":0,"item_purchase_floors":[],"current_hp_per_floor":[62,53,59,59,59,59,56,56,56,56,56,56,74,68,68,0],"gold":52,"neow_bonus":"TRANSFORM_CARD","is_prod":false,"is_daily":false,"chose_seed":false,"campfire_upgraded":4,"win_rate":0,"timestamp":1536300119,"path_taken":["M","M","M","$","M","R","M","$","T","R","?","R","?","E","R","BOSS"],"build_version":"2018-09-06","purchased_purges":2,"victory":false,"max_hp_per_floor":[80,80,80,80,80,80,80,80,80,80,74,74,74,74,74,74],"card_choices":[{"not_picked":["Clothesline","Shrug It Off"],"picked":"Cleave","floor":1},{"not_picked":["Pommel Strike","Body Slam"],"picked":"Searing Blow","floor":2},{"not_picked":["Bludgeon","Wild Strike","Twin Strike"],"picked":"SKIP","floor":3},{"not_picked":["Havoc","Clothesline"],"picked":"Rage","floor":5},{"not_picked":["Whirlwind","Flex"],"picked":"Intimidate","floor":7},{"not_picked":["Exhume","Fiend Fire","Headbutt"],"picked":"SKIP","floor":14}],"player_experience":522823,"relics_obtained":[{"floor":9,"key":"Oddly Smooth Stone"},{"floor":14,"key":"Sundial"}],"event_choices":[{"event_name":"Golden Idol","player_choice":"Lose Max HP","floor":11,"damage_taken":0},{"event_name":"The Cleric","player_choice":"Healed","floor":13,"damage_taken":0}],"is_beta":false,"boss_relics":[],"items_purged_floors":[4,8],"is_endless":false,"potions_floor_spawned":[3,5],"killed_by":"Hexaghost","ascension_level":9}