{"gold_per_floor":[119,138,138,151,151,190,190,204,204,235,235,278,291,309,309,309],"floor_reached":16,"playtime":1578,"items_purged":[],"score":128,"play_id":"f41817eb-543e-4c85-aaa4-c08f82037b9b","local_time":"20190727012827","is_ascension_mode":true,"campfire_choices":[{"floor":7,"key":"RECALL"},{"floor":11,"key":"REST"},{"floor":15,"key":"REST"}],"neow_cost":"NONE","seed_source_timestamp":21638787597706,"circlet_count":0,"master_deck":["Strike_G","Strike_G","Strike_G","Strike_G","Strike_G","Defend_G","Defend_G","Defend_G","Defend_G","Defend_G","Survivor","Neutralize","Backstab","Backflip","Dash","Corpse Explosion","Riddle With Holes","Blur","Deadly Poison","Backflip"],"relics":["HoveringKite","Golden Idol","Omamori","Incense Burner","Letter Opener"],"potions_floor_usage":[10,10,12,16],"damage_taken":[{"damage":0,"enemies":"Small Slimes","floor":1,"turns":4},{"damage":5,"enemies":"Cultist","floor":2,"turns":5},{"damage":1,"enemies":"Jaw Worm","floor":4,"turns":4},{"damage":27,"enemies":"Lagavulin","floor":6,"turns":10},{"damage":0,"enemies":"Large Slime","floor":8,"turns":5},{"damage":4,"enemies":"3 Sentries","floor":10,"turns":7},{"damage":34,"enemies":"Gremlin Nob","floor":12,"turns":5},{"damage":0,"enemies":"2 Fungi Beasts","floor":13,"turns":3},{"damage":0,"enemies":"Blue Slaver","floor":14,"turns":3},{"damage":39,"enemies":"Slime Boss","floor":16,"turns":8}],"seed_played":"4702043931839691702","potions_obtained":[{"floor":1,"key":"LiquidBronze"},{"floor":4,"key":"Swift Potion"},{"floor":8,"key":"Fire Potion"},{"floor":13,"key":"SteroidPotion"}],"is_trial":false,"path_per_floor":["M","M","?","M","?","E","R","M","T","E","R","E","M","M","R","B"],"character_chosen":"THE_SILENT","items_purchased":[],"campfire_rested":2,"item_purchase_floors":[],"current_hp_per_floor":[70,65,65,64,58,31,31,31,31,27,46,12,12,12,31,0],"gold":309,"neow_bonus":"BOSS_RELIC","is_prod":false,"is_daily":false,"chose_seed":false,"campfire_upgraded":0,"win_rate":0,"timestamp":1564187307,"path_taken":["M","M","?","M","?","E","R","M","T","E","R","E","M","M","R","BOSS"],"build_version":"2019-07-17","purchased_purges":0,"victory":false,"max_hp_per_floor":[70,70,65,65,65,65,65,65,65,65,65,65,65,65,65,65],"card_choices":[{"not_picked":["Dash","Skewer"],"picked":"Backstab","floor":1},{"not_picked":["Slice","Acrobatics"],"picked":"Backflip","floor":2},{"not_picked":["Dodge and Roll","Dagger Throw"],"picked":"Dash","floor":4},{"not_picked":["Slice","Deflect"],"picked":"Corpse Explosion","floor":6},{"not_picked":["Catalyst","Deflect"],"picked":"Riddle With Holes","floor":8},{"not_picked":["Poisoned Stab","Slice"],"picked":"Blur","floor":10},{"not_picked":["Quick Slash","PiercingWail"],"picked":"Deadly Poison","floor":12},{"not_picked":["Acrobatics","Noxious Fumes"],"picked":"Backflip","floor":13},{"not_picked":["Well Laid Plans","Envenom","Underhanded Strike"],"picked":"SKIP","floor":14}],"player_experience":88739,"relics_obtained":[{"floor":6,"key":"Omamori"},{"floor":10,"key":"Incense Burner"},{"floor":12,"key":"Letter Opener"}],"event_choices":[{"damage_healed":0,"gold_gain":0,"player_choice":"Lose Max HP","damage_taken":0,"relics_obtained":["Golden Idol"],"max_hp_gain":0,"max_hp_loss":5,"event_name":"Golden Idol","floor":3,"gold_loss":0},{"damage_healed":0,"gold_gain":0,"player_choice":"Damaged","damage_taken":6,"max_hp_gain":0,"max_hp_loss":0,"event_name":"Wheel of Change","floor":5,"gold_loss":0}],"is_beta":false,"boss_relics":[],"items_purged_floors":[],"is_endless":false,"potions_floor_spawned":[1,4,8,13],"killed_by":"Slime Boss","ascension_level":1}