{"gold_per_floor":[210,34,34,51,65,65,75,110,110,35,69,69,86,161,161,161],"floor_reached":16,"playtime":671,"items_purged":["Regret"],"score":160,"play_id":"4ca2b764-7fde-4a1b-87da-7e58aa29f546","local_time":"20181103022116","is_ascension_mode":true,"campfire_choices":[{"data":"Streamline","floor":6,"key":"SMITH"},{"floor":12,"key":"REST"},{"floor":15,"key":"REST"}],"neow_cost":"NONE","seed_source_timestamp":539011107343064,"circlet_count":0,"master_deck":["Strike_B","Strike_B","Strike_B","Strike_B","Defend_B","Defend_B","Defend_B","Defend_B","Zap","Dualcast","Streamline+1","Leap","Capacitor","Double Energy","Fusion","Consume","Lockon"],"relics":["Cracked Core","PreservedInsect","Mummified Hand","Ornamental Fan","Bottled Flame","Bag of Preparation"],"potions_floor_usage":[8,8,11],"damage_taken":[{"damage":1,"enemies":"Cultist","floor":1,"turns":3},{"damage":4,"enemies":"Small Slimes","floor":4,"turns":4},{"damage":8,"enemies":"Jaw Worm","floor":5,"turns":3},{"damage":11,"enemies":"2 Fungi Beasts","floor":7,"turns":3},{"damage":16,"enemies":"3 Sentries","floor":8,"turns":5},{"damage":22,"enemies":"Gremlin Nob","floor":11,"turns":4},{"damage":4,"enemies":"Red Slaver","floor":13,"turns":3},{"damage":38,"enemies":"Slime Boss","floor":16,"turns":9}],"seed_played":"3338456176124436886","potions_obtained":[{"floor":1,"key":"Strength Potion"},{"floor":4,"key":"GamblersBrew"},{"floor":7,"key":"Strength Potion"}],"is_trial":false,"path_per_floor":["M","$","?","M","M","R","M","E","T","$","E","R","M","?","R","B"],"character_chosen":"DEFECT","items_purchased":["PreservedInsect","Leap"],"campfire_rested":2,"item_purchase_floors":[2,2],"current_hp_per_floor":[67,67,67,63,55,55,44,28,28,28,6,28,24,13,35,0],"gold":161,"neow_bonus":"HUNDRED_GOLD","is_prod":false,"is_daily":false,"chose_seed":false,"campfire_upgraded":1,"win_rate":0,"timestamp":1541226076,"path_taken":["M","$","?","M","M","R","M","E","T","$","E","R","M","?","R","BOSS"],"build_version":"2018-11-01","purchased_purges":1,"victory":false,"max_hp_per_floor":[75,75,75,75,75,75,75,75,75,75,75,75,75,75,75,75],"card_choices":[{"not_picked":["Heatsinks","Rebound"],"picked":"Streamline","floor":1},{"not_picked":["Genetic Algorithm","Hologram"],"picked":"Capacitor","floor":4},{"not_picked":["Gash","Streamline"],"picked":"Double Energy","floor":5},{"not_picked":["Darkness","Force Field"],"picked":"Fusion","floor":7},{"not_picked":["Sweeping Beam","Seek"],"picked":"Consume","floor":8},{"not_picked":["Steam","Beam Cell"],"picked":"Lockon","floor":11},{"not_picked":["Gash","Leap","Lockon"],"picked":"SKIP","floor":13}],"player_experience":579699,"relics_obtained":[{"floor":8,"key":"Ornamental Fan"},{"floor":9,"key":"Bottled Flame"},{"floor":11,"key":"Bag of Preparation"}],"event_choices":[{"damage_healed":0,"gold_gain":0,"player_choice":"Box","damage_taken":0,"relics_obtained":["Mummified Hand"],"max_hp_gain":0,"max_hp_loss":0,"event_name":"Big Fish","floor":3,"gold_loss":0,"cards_obtained":["Regret"]},{"damage_healed":0,"gold_gain":75,"player_choice":"Gather Gold","damage_taken":11,"max_hp_gain":0,"max_hp_loss":0,"event_name":"World of Goop","floor":14,"gold_loss":0}],"is_beta":false,"boss_relics":[],"items_purged_floors":[10],"is_endless":false,"potions_floor_spawned":[1,4,7],"killed_by":"Slime Boss","ascension_level":9}