{"gold_per_floor":[109,127,127,302,54,73,101,112,112,112,125,125,142,166,166,269,269,283,283,107,117,45,45,61,61,87,87,120,120,140,21,21,116,116,129,229,229,229,243,243],"floor_reached":40,"playtime":3362,"items_purged":[],"score":429,"play_id":"98df39a3-b0ee-4bd5-af63-d6ccd676da13","local_time":"20190324223730","is_ascension_mode":false,"campfire_choices":[{"floor":10,"key":"RECALL"},{"data":"White Noise","floor":12,"key":"SMITH"},{"floor":15,"key":"REST"},{"data":"Redo","floor":23,"key":"SMITH"},{"floor":25,"key":"REST"},{"floor":29,"key":"REST"},{"data":"Dualcast","floor":32,"key":"SMITH"}],"neow_cost":"NONE","seed_source_timestamp":28625414991361,"circlet_count":0,"master_deck":["Strike_B","Strike_B","Strike_B","Defend_B","Defend_B","Defend_B","Defend_B","Zap+1","Dualcast+1","FTL","White Noise+1","White Noise+1","Cold Snap","Coolheaded","Auto Shields","Stack","Lockon","Capacitor","Ball Lightning","Go for the Eyes","Multi-Cast","Fusion","Redo+1","Conserve Battery","Defragment","Glacier","Self Repair","Auto Shields+1","Writhe","Coolheaded","Lockon","Ball Lightning","Swift Strike","Electrodynamics","Reprogram","Chill+1","Beam Cell+1"],"relics":["Cracked Core","NeowsBlessing","Regal Pillow","Shovel","Odd Mushroom","Sozu","War Paint","Nunchaku","Pen Nib","Inserter","Thread and Needle","Meat on the Bone"],"potions_floor_usage":[8,14,14,28],"damage_taken":[{"damage":0,"enemies":"2 Louse","floor":1,"turns":1},{"damage":0,"enemies":"Small Slimes","floor":2,"turns":1},{"damage":0,"enemies":"Jaw Worm","floor":6,"turns":1},{"damage":19,"enemies":"Lagavulin","floor":7,"turns":9},{"damage":0,"enemies":"Exordium Thugs","floor":8,"turns":7},{"damage":3,"enemies":"Blue Slaver","floor":11,"turns":4},{"damage":13,"enemies":"Red Slaver","floor":13,"turns":4},{"damage":11,"enemies":"The Mushroom Lair","floor":14,"turns":3},{"damage":24,"enemies":"Hexaghost","floor":16,"turns":12},{"damage":14,"enemies":"Shell Parasite","floor":18,"turns":6},{"damage":12,"enemies":"Chosen","floor":21,"turns":6},{"damage":31,"enemies":"Snake Plant","floor":24,"turns":7},{"damage":30,"enemies":"Slavers","floor":28,"turns":3},{"damage":7,"enemies":"Centurion and Healer","floor":30,"turns":5},{"damage":50,"enemies":"Automaton","floor":33,"turns":13},{"damage":36,"enemies":"3 Shapes","floor":35,"turns":4},{"damage":0,"enemies":"Mind Bloom Boss Battle","floor":36,"turns":6},{"damage":0,"enemies":"3 Darklings","floor":39,"turns":6},{"damage":74,"enemies":"Giant Head","floor":40,"turns":11}],"seed_played":"-4064304447598354036","potions_obtained":[{"floor":1,"key":"PowerPotion"},{"floor":6,"key":"EssenceOfSteel"},{"floor":8,"key":"AttackPotion"},{"floor":14,"key":"SkillPotion"},{"floor":16,"key":"GamblersBrew"}],"is_trial":false,"path_per_floor":["M","M","?","?","$","M","E","M","T","R","M","R","M","?","R","B",null,"M","?","$","M","$","R","M","R","T","?","E","R","M","$","R","B",null,"M","?","?","T","M","E"],"character_chosen":"DEFECT","items_purchased":["Cold Snap","Regal Pillow","Coolheaded","Redo","Conserve Battery","Defragment","Self Repair","Ball Lightning","Swift Strike"],"campfire_rested":3,"item_purchase_floors":[5,5,5,20,20,20,22,31,31],"current_hp_per_floor":[75,75,75,75,75,75,56,56,56,56,53,53,40,29,66,42,75,61,61,61,49,49,49,25,62,62,62,39,75,68,68,68,25,75,46,46,46,46,53,0],"gold":243,"neow_bonus":"THREE_ENEMY_KILL","is_prod":false,"is_daily":false,"chose_seed":false,"campfire_upgraded":3,"win_rate":0,"timestamp":1553431050,"path_taken":["M","M","?","?","?","M","E","?","T","R","M","R","M","?","R","BOSS","M","?","$","?","?","R","M","R","T","?","E","R","M","$","R","BOSS","M","?","?","?","?","E"],"build_version":"2019-01-23","purchased_purges":0,"victory":false,"max_hp_per_floor":[75,75,75,75,75,75,75,75,75,75,75,75,75,75,75,75,75,75,75,75,75,75,75,75,75,75,75,75,75,75,75,75,75,75,75,75,75,75,75,75],"card_choices":[{"not_picked":["Chill","BootSequence"],"picked":"FTL","floor":1},{"not_picked":["Undo","Static Discharge"],"picked":"White Noise","floor":2},{"not_picked":["Scrape","Rebound"],"picked":"Auto Shields","floor":6},{"not_picked":["Buffer","Coolheaded"],"picked":"Stack","floor":7},{"not_picked":["White Noise","Sweeping Beam"],"picked":"Lockon","floor":8},{"not_picked":["Steam","Self Repair"],"picked":"Capacitor","floor":11},{"not_picked":["Leap","Rebound"],"picked":"Ball Lightning","floor":13},{"not_picked":["Loop","Stack"],"picked":"Go for the Eyes","floor":14},{"not_picked":["Electrodynamics","All For One"],"picked":"Multi-Cast","floor":16},{"not_picked":["Coolheaded","Double Energy"],"picked":"Fusion","floor":18},{"not_picked":["Stack+1","Doom and Gloom"],"picked":"Glacier","floor":21},{"not_picked":["Go for the Eyes","Rip and Tear"],"picked":"Auto Shields+1","floor":24},{"not_picked":["Consume","Steam"],"picked":"Coolheaded","floor":28},{"not_picked":["White Noise","Fusion"],"picked":"Lockon","floor":30},{"not_picked":["Core Surge","Buffer"],"picked":"Electrodynamics","floor":33},{"not_picked":["Barrage","Compile Driver+1"],"picked":"Reprogram","floor":35},{"not_picked":["Cold Snap","Gash+1"],"picked":"Chill+1","floor":36},{"not_picked":["Reprogram+1","Recycle+1"],"picked":"Beam Cell+1","floor":39}],"player_experience":93930,"relics_obtained":[{"floor":7,"key":"Shovel"},{"floor":14,"key":"Odd Mushroom"},{"floor":26,"key":"War Paint"},{"floor":28,"key":"Pen Nib"},{"floor":36,"key":"Thread and Needle"},{"floor":38,"key":"Meat on the Bone"}],"event_choices":[{"damage_healed":0,"gold_gain":0,"cards_transformed":["Strike_B"],"player_choice":"Change","damage_taken":0,"max_hp_gain":0,"max_hp_loss":0,"event_name":"Living Wall","floor":3,"gold_loss":0,"cards_obtained":["White Noise"]},{"damage_healed":0,"gold_gain":175,"player_choice":"AGREE","damage_taken":0,"max_hp_gain":0,"max_hp_loss":0,"event_name":"Liars Game","floor":4,"gold_loss":0,"cards_obtained":["Doubt"]},{"damage_healed":0,"gold_gain":0,"player_choice":"Fought Mushrooms","damage_taken":0,"max_hp_gain":0,"max_hp_loss":0,"event_name":"Mushrooms","floor":14,"gold_loss":0},{"cards_removed":["Doubt"],"damage_healed":0,"gold_gain":0,"player_choice":"Card Removal","damage_taken":0,"max_hp_gain":0,"max_hp_loss":0,"event_name":"Wheel of Change","floor":19,"gold_loss":0},{"damage_healed":0,"gold_gain":0,"player_choice":"Opened","damage_taken":0,"relics_obtained":["Nunchaku"],"max_hp_gain":0,"max_hp_loss":0,"event_name":"The Mausoleum","floor":27,"gold_loss":0,"cards_obtained":["Writhe"]},{"damage_healed":0,"gold_gain":0,"player_choice":"Fight","damage_taken":0,"max_hp_gain":0,"max_hp_loss":0,"event_name":"MindBloom","floor":36,"gold_loss":0},{"damage_healed":0,"gold_gain":0,"player_choice":"Ignored","damage_taken":0,"max_hp_gain":0,"max_hp_loss":0,"event_name":"Tomb of Lord Red Mask","floor":37,"gold_loss":0}],"is_beta":false,"boss_relics":[{"not_picked":["Philosopher\u0027s Stone","Nuclear Battery"],"picked":"Sozu"},{"not_picked":["Orrery","White Beast Statue"],"picked":"Inserter"}],"items_purged_floors":[],"is_endless":false,"potions_floor_spawned":[1,6,8,14,16,18,24,30],"killed_by":"Giant Head","ascension_level":0}