{"gold_per_floor":[118,136,155,155,170,170,198,212,239,239,22,40,68,80,80,153,153,172,187,187],"floor_reached":20,"playtime":1396,"items_purged":[],"score":426,"play_id":"90f03a47-19e6-4e96-ac27-535cfbe91662","local_time":"20190416081029","is_ascension_mode":true,"campfire_choices":[{"floor":6,"key":"REST"},{"floor":10,"key":"REST"},{"data":"Cloak And Dagger","floor":15,"key":"SMITH"}],"neow_cost":"NONE","seed_source_timestamp":310450769210439,"circlet_count":0,"master_deck":["AscendersBane","Defend_G","Defend_G","Defend_G","Defend_G","Defend_G","Strike_G+1","Strike_G+1","Strike_G+1","Strike_G","Survivor","Neutralize+1","Dagger Throw","All Out Attack","Masterful Stab","Envenom","Flying Knee","Cloak And Dagger+1","Glass Knife","Deflect","Backflip","Finisher","A Thousand Cuts","Deflect","Dodge and Roll"],"relics":["Ring of the Serpent","Pen Nib","Whetstone","Vajra"],"potions_floor_usage":[3,7,13,16,19],"damage_taken":[{"damage":16,"enemies":"Jaw Worm","floor":1,"turns":11},{"damage":0,"enemies":"Small Slimes","floor":2,"turns":5},{"damage":0,"enemies":"Cultist","floor":3,"turns":2},{"damage":6,"enemies":"3 Louse","floor":5,"turns":3},{"damage":7,"enemies":"Lagavulin","floor":7,"turns":6},{"damage":5,"enemies":"Red Slaver","floor":8,"turns":2},{"damage":0,"enemies":"Gremlin Gang","floor":12,"turns":3},{"damage":0,"enemies":"3 Sentries","floor":13,"turns":6},{"damage":1,"enemies":"Exordium Thugs","floor":14,"turns":3},{"damage":19,"enemies":"Hexaghost","floor":16,"turns":8},{"damage":19,"enemies":"2 Thieves","floor":18,"turns":5},{"damage":26,"enemies":"3 Byrds","floor":19,"turns":5},{"damage":11,"enemies":"Shelled Parasite and Fungi","floor":20,"turns":1}],"seed_played":"6371483850169719398","potions_obtained":[{"floor":2,"key":"AttackPotion"},{"floor":5,"key":"PowerPotion"},{"floor":7,"key":"Block Potion"},{"floor":8,"key":"Energy Potion"},{"floor":12,"key":"Dexterity Potion"},{"floor":18,"key":"Swift Potion"}],"is_trial":false,"path_per_floor":["M","M","M","?","M","R","E","M","T","R","$","M","E","M","R","B",null,"M","M","M"],"character_chosen":"THE_SILENT","items_purchased":["Cloak And Dagger","Glass Knife"],"campfire_rested":2,"item_purchase_floors":[11,11],"current_hp_per_floor":[43,43,43,23,17,36,29,24,24,43,43,43,43,42,42,23,55,36,10,0],"gold":187,"neow_bonus":"REMOVE_CARD","is_prod":false,"is_daily":false,"chose_seed":false,"campfire_upgraded":1,"win_rate":0,"timestamp":1555416629,"path_taken":["M","M","M","?","M","R","E","M","T","R","$","M","E","M","R","BOSS","M","M","M"],"build_version":"2019-01-23","purchased_purges":0,"victory":false,"max_hp_per_floor":[66,66,66,66,66,66,66,66,66,66,66,66,66,66,66,66,66,66,66,66],"card_choices":[{"not_picked":["Deadly Poison","Blade Dance"],"picked":"Dagger Throw","floor":1},{"not_picked":["Quick Slash","Catalyst"],"picked":"All Out Attack","floor":2},{"not_picked":["Prepared","Deadly Poison"],"picked":"Masterful Stab","floor":3},{"not_picked":["Quick Slash","Outmaneuver"],"picked":"Envenom","floor":5},{"not_picked":["Deadly Poison","Eviscerate"],"picked":"Flying Knee","floor":7},{"not_picked":["Endless Agony","Quick Slash","Terror"],"picked":"SKIP","floor":8},{"not_picked":["Dagger Throw","PiercingWail"],"picked":"Deflect","floor":12},{"not_picked":["Sucker Punch","Deflect"],"picked":"Backflip","floor":13},{"not_picked":["Dodge and Roll","Deadly Poison"],"picked":"Finisher","floor":14},{"not_picked":["Night Terror","Envenom"],"picked":"A Thousand Cuts","floor":16},{"not_picked":["Sucker Punch","Quick Slash"],"picked":"Deflect","floor":18},{"not_picked":["Well Laid Plans","Flying Knee"],"picked":"Dodge and Roll","floor":19}],"player_experience":1280895,"relics_obtained":[{"floor":7,"key":"Pen Nib"},{"floor":9,"key":"Whetstone"},{"floor":13,"key":"Vajra"}],"event_choices":[{"damage_healed":0,"gold_gain":0,"player_choice":"Entered Light","damage_taken":20,"max_hp_gain":0,"max_hp_loss":0,"event_name":"Shining Light","floor":4,"gold_loss":0,"cards_upgraded":["Strike_G","Neutralize"]}],"is_beta":false,"boss_relics":[{"not_picked":["Lizard Tail","Astrolabe"],"picked":"Ring of the Serpent"}],"items_purged_floors":[],"is_endless":false,"potions_floor_spawned":[2,5,7,8,12,18],"killed_by":"Shelled Parasite and Fungi","ascension_level":20}