{"gold_per_floor":[110,185,185,185,204,204,236,236,261,336,411,443,480,527,539,628,640,662,674,686,69,85,85,85,85,111,126,126,137,152,183,183,254,254,266,266,319,329,347,347,400,413,439,471,471,571,47,58,58,58],"floor_reached":50,"playtime":2367,"items_purged":["Strike_G","Normality"],"score":926,"play_id":"ad693552-b380-41d6-b0cd-21adea0a1c4c","local_time":"20181212233635","is_ascension_mode":true,"campfire_choices":[{"data":"Crippling Poison","floor":6,"key":"SMITH"},{"data":"Bane","floor":8,"key":"SMITH"},{"floor":15,"key":"REST"},{"floor":23,"key":"RECALL"},{"data":"Bane","floor":25,"key":"SMITH"},{"floor":32,"key":"REST"},{"floor":40,"key":"REST"},{"data":"Bouncing Flask","floor":45,"key":"SMITH"},{"data":"Spot Weakness","floor":49,"key":"SMITH"}],"neow_cost":"NONE","seed_source_timestamp":769824591468606,"circlet_count":0,"master_deck":["AscendersBane","Defend_G","Defend_G","Defend_G","Defend_G","Defend_G","Strike_G","Strike_G+1","Strike_G+1","Strike_G+1","Survivor","Neutralize","Crippling Poison+1","Bane+1","Dagger Spray+1","Bullet Time","Poisoned Stab","Bouncing Flask+1","Bane+1","Coolheaded","Coolheaded","BootSequence","Doubt","Spot Weakness+1","Seek","Thunderclap","Noxious Fumes"],"relics":["Ring of the Snake","NeowsBlessing","Bag of Marbles","Boot","MawBank","Tiny Chest","Oddly Smooth Stone","Strawberry","Runic Pyramid","PrismaticShard","Pantograph","Blood Vial","Snake Skull","Cursed Key","Torii","Bag of Preparation","Regal Pillow","Whetstone","Incense Burner","Mummified Hand"],"potions_floor_usage":[14,16,16,30,31,33,42,42,47],"damage_taken":[{"damage":0,"enemies":"Cultist","floor":1,"turns":1},{"damage":0,"enemies":"2 Louse","floor":5,"turns":1},{"damage":0,"enemies":"Gremlin Nob","floor":7,"turns":1},{"damage":9,"enemies":"3 Sentries","floor":10,"turns":6},{"damage":0,"enemies":"Small Slimes","floor":12,"turns":2},{"damage":12,"enemies":"Lagavulin","floor":14,"turns":4},{"damage":33,"enemies":"Hexaghost","floor":16,"turns":12},{"damage":17,"enemies":"Shell Parasite","floor":18,"turns":4},{"damage":0,"enemies":"Chosen","floor":22,"turns":3},{"damage":12,"enemies":"Snake Plant","floor":27,"turns":2},{"damage":3,"enemies":"Snecko","floor":29,"turns":4},{"damage":4,"enemies":"Cultist and Chosen","floor":30,"turns":4},{"damage":20,"enemies":"Book of Stabbing","floor":31,"turns":5},{"damage":50,"enemies":"Collector","floor":33,"turns":9},{"damage":0,"enemies":"3 Shapes","floor":35,"turns":3},{"damage":47,"enemies":"2 Orb Walkers","floor":37,"turns":6},{"damage":1,"enemies":"Orb Walker","floor":38,"turns":3},{"damage":2,"enemies":"4 Shapes","floor":39,"turns":5},{"damage":10,"enemies":"Maw","floor":42,"turns":7},{"damage":3,"enemies":"Nemesis","floor":44,"turns":7},{"damage":0,"enemies":"Mind Bloom Boss Battle","floor":46,"turns":7},{"damage":15,"enemies":"Spire Growth","floor":48,"turns":4},{"damage":92,"enemies":"Time Eater","floor":50,"turns":9}],"seed_played":"2641098213792746399","potions_obtained":[{"floor":7,"key":"Weak Potion"},{"floor":10,"key":"Strength Potion"},{"floor":14,"key":"SteroidPotion"},{"floor":18,"key":"Fire Potion"},{"floor":22,"key":"SteroidPotion"},{"floor":29,"key":"Explosive Potion"},{"floor":31,"key":"Energy Potion"},{"floor":37,"key":"FearPotion"},{"floor":39,"key":"Swift Potion"},{"floor":46,"key":"FearPotion"}],"is_trial":false,"path_per_floor":["M","?","?","?","M","R","E","R","T","E","?","M","T","E","R","B",null,"M","?","T","$","M","R","$","R","T","M","?","M","M","E","R","B",null,"M","?","?","M","M","R","T","M","T","E","R","?","$","M","R","B"],"character_chosen":"THE_SILENT","items_purchased":["PrismaticShard","Pantograph","Bouncing Flask","Bane","Noxious Fumes","Mummified Hand","Fruit Juice"],"campfire_rested":3,"item_purchase_floors":[21,21,21,21,47,47,47],"current_hp_per_floor":[63,52,38,38,38,38,38,38,38,29,29,29,29,24,47,14,61,44,44,44,44,44,44,44,44,44,34,34,33,31,13,36,13,61,63,63,18,19,19,42,42,34,34,33,33,60,65,52,52,0],"gold":58,"neow_bonus":"THREE_ENEMY_KILL","is_prod":false,"is_daily":false,"chose_seed":false,"campfire_upgraded":5,"win_rate":0,"timestamp":1544675795,"path_taken":["M","?","?","?","?","R","E","R","T","E","?","M","?","E","R","BOSS","M","?","?","?","M","R","?","R","T","?","?","M","M","E","R","BOSS","M","?","?","M","M","R","?","M","T","E","R","?","$","M","R","BOSS"],"build_version":"2018-12-06","purchased_purges":2,"victory":false,"max_hp_per_floor":[70,70,70,70,70,70,70,70,70,70,70,70,70,77,77,77,77,77,77,77,77,77,77,77,77,77,77,77,77,77,77,77,77,77,77,77,77,77,77,77,77,77,77,77,77,77,82,82,82,82],"card_choices":[{"not_picked":["PiercingWail","Cloak And Dagger"],"picked":"Reflex","floor":1},{"not_picked":["Noxious Fumes","Calculated Gamble"],"picked":"Crippling Poison","floor":5},{"not_picked":["Masterful Stab","Blade Dance"],"picked":"Bane","floor":7},{"not_picked":["Venomology","Expertise","Distraction"],"picked":"SKIP","floor":10},{"not_picked":["Predator","Cloak And Dagger"],"picked":"Dagger Spray","floor":12},{"not_picked":["After Image","Wraith Form v2","Outmaneuver"],"picked":"SKIP","floor":14},{"not_picked":["Grand Finale","Burst"],"picked":"Bullet Time","floor":16},{"not_picked":["Outmaneuver+1","Tactician"],"picked":"Poisoned Stab+1","floor":18},{"not_picked":["Capacitor+1","Clash","Dagger Throw"],"picked":"SKIP","floor":22},{"not_picked":["Static Discharge+1","Clash"],"picked":"Coolheaded","floor":27},{"not_picked":["Clash+1","Havoc","Doppelganger"],"picked":"SKIP","floor":29},{"not_picked":["Deadly Poison","Shrug It Off"],"picked":"Coolheaded","floor":30},{"not_picked":["Grand Finale","Pommel Strike","Blizzard"],"picked":"SKIP","floor":31},{"not_picked":["Beam Cell","Sword Boomerang+1","Heavy Blade"],"picked":"SKIP","floor":35},{"not_picked":["Backflip+1","Coolheaded"],"picked":"BootSequence","floor":38},{"not_picked":["Thunderclap","Swift Strike+1","Slice+1"],"picked":"SKIP","floor":39},{"not_picked":["FTL","Caltrops"],"picked":"Spot Weakness","floor":42},{"not_picked":["Distraction","Steam+1"],"picked":"Seek","floor":44},{"not_picked":["Spot Weakness","Pommel Strike"],"picked":"Thunderclap","floor":46},{"not_picked":["Swift Strike","Dark Shackles","Perfected Strike+1"],"picked":"SKIP","floor":48}],"player_experience":863074,"relics_obtained":[{"floor":7,"key":"Boot"},{"floor":9,"key":"MawBank"},{"floor":10,"key":"Tiny Chest"},{"floor":13,"key":"Oddly Smooth Stone"},{"floor":14,"key":"Strawberry"},{"floor":26,"key":"Blood Vial"},{"floor":31,"key":"Snake Skull"},{"floor":37,"key":"Torii"},{"floor":41,"key":"Bag of Preparation"},{"floor":43,"key":"Regal Pillow"},{"floor":44,"key":"Whetstone"},{"floor":46,"key":"Incense Burner"}],"event_choices":[{"damage_healed":0,"gold_gain":75,"player_choice":"Gather Gold","damage_taken":11,"max_hp_gain":0,"max_hp_loss":0,"event_name":"World of Goop","floor":2,"gold_loss":0},{"damage_healed":0,"gold_gain":0,"player_choice":"Entered Light","damage_taken":14,"max_hp_gain":0,"max_hp_loss":0,"event_name":"Shining Light","floor":3,"gold_loss":0,"cards_upgraded":["Strike_G","Strike_G"]},{"cards_removed":["Reflex"],"damage_healed":0,"gold_gain":0,"player_choice":"Gave Card","damage_taken":0,"relics_obtained":["Bag of Marbles"],"max_hp_gain":0,"max_hp_loss":0,"event_name":"WeMeetAgain","floor":4,"gold_loss":0},{"damage_healed":0,"gold_gain":63,"player_choice":"Gained Gold","damage_taken":0,"max_hp_gain":0,"max_hp_loss":0,"event_name":"Golden Wing","floor":11,"gold_loss":0},{"damage_healed":0,"gold_gain":0,"player_choice":"Read","damage_taken":0,"max_hp_gain":0,"max_hp_loss":0,"event_name":"The Library","floor":19,"gold_loss":0,"cards_obtained":["Poisoned Stab"]},{"damage_healed":0,"gold_gain":0,"player_choice":"Ignored","damage_taken":0,"max_hp_gain":0,"max_hp_loss":0,"event_name":"Vampires","floor":28,"gold_loss":0},{"cards_removed":["Poisoned Stab"],"damage_healed":0,"gold_gain":0,"player_choice":"Removed Attack","damage_taken":0,"max_hp_gain":0,"max_hp_loss":0,"event_name":"Falling","floor":36,"gold_loss":0},{"damage_healed":0,"gold_gain":0,"player_choice":"Fight","damage_taken":0,"max_hp_gain":0,"max_hp_loss":0,"event_name":"Mysterious Sphere","floor":37,"gold_loss":0},{"damage_healed":0,"gold_gain":0,"player_choice":"Fight","damage_taken":0,"max_hp_gain":0,"max_hp_loss":0,"event_name":"MindBloom","floor":46,"gold_loss":0}],"is_beta":false,"boss_relics":[{"not_picked":["Pandora\u0027s Box","Velvet Choker"],"picked":"Runic Pyramid"},{"not_picked":["White Beast Statue","Coffee Dripper"],"picked":"Cursed Key"}],"items_purged_floors":[21,47],"is_endless":false,"potions_floor_spawned":[7,10,12,14,18,22,29,31,37,39,46],"killed_by":"Time Eater","ascension_level":13}