{"gold_per_floor":[117,117,131,151,163,192,34,50,95,24,37,71,71,36,36,137,137,155,155,31,49,61,93,93,8,8,24,24],"floor_reached":28,"playtime":2262,"items_purged":[],"score":250,"play_id":"ed5a513f-042e-43b5-ab5e-02aa766ea31b","local_time":"20190713001249","is_ascension_mode":false,"campfire_choices":[{"data":"Body Slam","floor":15,"key":"SMITH"},{"floor":24,"key":"REST"}],"neow_cost":"TEN_PERCENT_HP_LOSS","seed_source_timestamp":188502486106851,"circlet_count":0,"master_deck":["Strike_R+1","Strike_R","Strike_R","Strike_R+1","Strike_R","Defend_R","Defend_R","Defend_R","Defend_R","Bash","Offering","Power Through+1","Clothesline","Headbutt","Shrug It Off","Cleave","Clash","Body Slam+1","Inflame","Ghostly Armor+1","Spot Weakness","Shrug It Off","Twin Strike","Inflame","Barricade","Heavy Blade+1","Ghostly Armor","Twin Strike","Cleave+1","Armaments","Juggernaut"],"relics":["Burning Blood","MawBank","War Paint","Ornamental Fan","Black Star","Nilry\u0027s Codex","Whetstone","Smiling Mask","Darkstone Periapt","Pear"],"potions_floor_usage":[6,11,12,16,23,23],"damage_taken":[{"damage":11,"enemies":"Jaw Worm","floor":1,"turns":5},{"damage":5,"enemies":"Cultist","floor":3,"turns":5},{"damage":0,"enemies":"2 Louse","floor":4,"turns":3},{"damage":2,"enemies":"Looter","floor":5,"turns":4},{"damage":18,"enemies":"Gremlin Nob","floor":6,"turns":4},{"damage":5,"enemies":"Blue Slaver","floor":8,"turns":4},{"damage":1,"enemies":"Exordium Wildlife","floor":11,"turns":4},{"damage":19,"enemies":"3 Sentries","floor":12,"turns":8},{"damage":12,"enemies":"Hexaghost","floor":16,"turns":9},{"damage":12,"enemies":"Chosen","floor":18,"turns":6},{"damage":2,"enemies":"Spheric Guardian","floor":21,"turns":4},{"damage":21,"enemies":"Centurion and Healer","floor":22,"turns":6},{"damage":43,"enemies":"Book of Stabbing","floor":23,"turns":8},{"damage":21,"enemies":"Sentry and Sphere","floor":27,"turns":6},{"damage":39,"enemies":"Gremlin Leader","floor":28,"turns":5}],"seed_played":"4576380110015582772","potions_obtained":[{"floor":1,"key":"Regen Potion"},{"floor":5,"key":"Block Potion"},{"floor":6,"key":"Dexterity Potion"},{"floor":8,"key":"Energy Potion"},{"floor":21,"key":"BloodPotion"},{"floor":22,"key":"EssenceOfSteel"}],"is_trial":false,"path_per_floor":["M","?","M","M","M","E","$","M","T","$","M","E","?","$","R","B",null,"M","?","$","M","M","E","R","?","T","M","E"],"character_chosen":"IRONCLAD","items_purchased":["Clash","Body Slam","Inflame","Spot Weakness","Inflame","Ghostly Armor","Twin Strike"],"campfire_rested":1,"item_purchase_floors":[7,7,7,10,14,20,20],"current_hp_per_floor":[67,67,68,72,72,60,60,61,61,61,72,59,59,59,59,53,72,66,50,50,54,39,20,41,41,51,36,0],"gold":24,"neow_bonus":"THREE_RARE_CARDS","is_prod":false,"is_daily":false,"chose_seed":false,"campfire_upgraded":1,"win_rate":0,"timestamp":1562973169,"path_taken":["M","?","M","M","M","E","?","M","T","?","M","E","?","?","R","BOSS","M","?","$","M","M","E","R","?","T","M","E"],"build_version":"2019-07-05","purchased_purges":0,"victory":false,"max_hp_per_floor":[72,72,72,72,72,72,72,72,72,72,72,72,72,72,72,72,72,72,72,72,72,72,72,72,72,82,82,82],"card_choices":[{"not_picked":["Juggernaut","Dark Embrace"],"picked":"Offering","floor":0},{"not_picked":["Corruption","Flex"],"picked":"Power Through","floor":1},{"not_picked":["Burning Pact","Anger"],"picked":"Clothesline","floor":3},{"not_picked":["Rupture","Fire Breathing"],"picked":"Headbutt","floor":4},{"not_picked":["Disarm","Headbutt"],"picked":"Shrug It Off","floor":5},{"not_picked":["Clothesline","Heavy Blade"],"picked":"Cleave","floor":6},{"not_picked":["Fire Breathing","Limit Break"],"picked":"Ghostly Armor","floor":8},{"not_picked":["Sword Boomerang","Twin Strike"],"picked":"Shrug It Off","floor":11},{"not_picked":["Bloodletting","Pommel Strike"],"picked":"Twin Strike","floor":12},{"not_picked":["Berserk","Double Tap"],"picked":"Barricade","floor":16},{"not_picked":["Hemokinesis","Clothesline"],"picked":"Heavy Blade+1","floor":18},{"not_picked":["Clash","Pommel Strike"],"picked":"Cleave+1","floor":21},{"not_picked":["Twin Strike+1","Headbutt"],"picked":"Armaments","floor":22},{"not_picked":["Ghostly Armor","Pommel Strike+1"],"picked":"Juggernaut","floor":23},{"not_picked":["Sever Soul","Battle Trance","Clothesline+1"],"picked":"SKIP","floor":27}],"player_experience":30512,"relics_obtained":[{"floor":6,"key":"MawBank"},{"floor":9,"key":"War Paint"},{"floor":12,"key":"Ornamental Fan"},{"floor":19,"key":"Nilry\u0027s Codex"},{"floor":23,"key":"Whetstone"},{"floor":23,"key":"Smiling Mask"},{"floor":26,"key":"Pear"}],"event_choices":[{"damage_healed":0,"gold_gain":0,"player_choice":"Ignored","damage_taken":0,"max_hp_gain":0,"max_hp_loss":0,"event_name":"Purifier","floor":2,"gold_loss":0},{"damage_healed":0,"gold_gain":0,"player_choice":"Ignored","damage_taken":0,"max_hp_gain":0,"max_hp_loss":0,"event_name":"Liars Game","floor":13,"gold_loss":0},{"damage_healed":0,"gold_gain":0,"player_choice":"Obtained Book","damage_taken":16,"max_hp_gain":0,"max_hp_loss":0,"event_name":"Cursed Tome","floor":19,"gold_loss":0},{"damage_healed":0,"gold_gain":0,"player_choice":"Obtained Relic","damage_taken":0,"relics_obtained":["Darkstone Periapt"],"max_hp_gain":0,"max_hp_loss":0,"event_name":"Addict","floor":25,"gold_loss":85}],"is_beta":false,"boss_relics":[{"not_picked":["Black Blood","Philosopher\u0027s Stone"],"picked":"Black Star"}],"items_purged_floors":[],"is_endless":false,"potions_floor_spawned":[1,5,6,8,21,22],"killed_by":"Gremlin Leader","ascension_level":0}