{"gold_per_floor":[115,115,3,3,24,367,367,382,382,382,397,436,436,457,457,556,556,570,584,624,141,157,157,180,35,90,114,155,155,430,445,445,445],"floor_reached":33,"playtime":1861,"items_purged":["Injury","Strike_B"],"score":554,"play_id":"14a54727-0ed5-4aae-afd3-4230566be464","local_time":"20190723042814","is_ascension_mode":true,"campfire_choices":[{"data":"Rainbow","floor":7,"key":"SMITH"},{"data":"Go for the Eyes","floor":10,"key":"SMITH"},{"data":"Zap","floor":13,"key":"SMITH"},{"data":"Loop","floor":15,"key":"SMITH"},{"floor":23,"key":"REST"},{"data":"Fission","floor":29,"key":"SMITH"},{"data":"Coolheaded","floor":32,"key":"SMITH"}],"neow_cost":"NONE","seed_source_timestamp":30518382413695,"circlet_count":0,"master_deck":["AscendersBane","Strike_B","Strike_B","Defend_B","Defend_B","Defend_B","Defend_B","Zap+1","Dualcast","Streamline","Self Repair","Heatsinks","Go for the Eyes+1","Rainbow+1","Reinforced Body+1","Ball Lightning","Sweeping Beam","Loop+1","Fission+1","Conserve Battery+1","Glacier","Self Repair","Genetic Algorithm","Double Energy+1","Cold Snap","Self Repair+1","Tempest","Regret","Coolheaded+1"],"relics":["Cracked Core","NeowsBlessing","Golden Idol","Old Coin","Dead Branch","Letter Opener","Runic Pyramid","Red Mask","Membership Card","Bag of Marbles","War Paint","Frozen Egg 2","Lantern","Smiling Mask"],"potions_floor_usage":[12,12,14,18,19,22,28,28,33],"damage_taken":[{"damage":0,"enemies":"Small Slimes","floor":1,"turns":1},{"damage":0,"enemies":"Cultist","floor":5,"turns":1},{"damage":0,"enemies":"Lagavulin","floor":6,"turns":1},{"damage":2,"enemies":"Jaw Worm","floor":8,"turns":3},{"damage":7,"enemies":"Blue Slaver","floor":11,"turns":4},{"damage":19,"enemies":"Gremlin Nob","floor":12,"turns":5},{"damage":9,"enemies":"Gremlin Gang","floor":14,"turns":4},{"damage":5,"enemies":"Slime Boss","floor":16,"turns":8},{"damage":24,"enemies":"Spheric Guardian","floor":18,"turns":4},{"damage":10,"enemies":"2 Thieves","floor":19,"turns":2},{"damage":41,"enemies":"Masked Bandits","floor":20,"turns":5},{"damage":0,"enemies":"Chosen and Byrds","floor":22,"turns":6},{"damage":26,"enemies":"Snake Plant","floor":24,"turns":6},{"damage":7,"enemies":"Centurion and Healer","floor":27,"turns":8},{"damage":37,"enemies":"Slavers","floor":28,"turns":7},{"damage":6,"enemies":"Snecko","floor":31,"turns":4},{"damage":76,"enemies":"Collector","floor":33,"turns":8}],"seed_played":"5071928102788096390","potions_obtained":[{"floor":6,"key":"SkillPotion"},{"floor":11,"key":"Energy Potion"},{"floor":12,"key":"SpeedPotion"},{"floor":14,"key":"Regen Potion"},{"floor":18,"key":"SkillPotion"},{"floor":24,"key":"SpeedPotion"},{"floor":31,"key":"Swift Potion"}],"is_trial":false,"path_per_floor":["M","?","$","?","M","E","R","M","T","R","M","E","R","M","R","B",null,"M","M","?","$","M","R","M","$","T","M","E","R","?","M","R","B"],"character_chosen":"DEFECT","items_purchased":["Self Repair","Membership Card","Bag of Marbles","War Paint","Genetic Algorithm","PowerPotion","Dexterity Potion","Frozen Egg 2","Self Repair+1"],"campfire_rested":1,"item_purchase_floors":[3,21,21,21,21,21,21,25,25],"current_hp_per_floor":[64,64,64,64,64,71,71,71,71,71,71,59,59,57,57,59,68,56,46,12,12,19,40,35,35,35,52,46,46,46,64,64,0],"gold":445,"neow_bonus":"THREE_ENEMY_KILL","is_prod":false,"is_daily":false,"chose_seed":false,"campfire_upgraded":6,"win_rate":0,"timestamp":1563820094,"path_taken":["M","?","$","?","?","E","R","?","T","R","M","E","R","M","R","BOSS","M","M","?","$","M","R","M","$","T","M","E","R","?","?","R","BOSS"],"build_version":"2019-07-17","purchased_purges":2,"victory":false,"max_hp_per_floor":[71,71,71,71,71,71,71,71,71,71,71,71,71,71,71,71,71,71,71,71,71,71,71,71,71,71,71,71,71,71,71,71,71],"card_choices":[{"not_picked":["Hologram","Turbo"],"picked":"Streamline","floor":1},{"not_picked":["Steam","Auto Shields"],"picked":"Go for the Eyes","floor":5},{"not_picked":["Redo","Turbo"],"picked":"Rainbow","floor":6},{"not_picked":["Streamline","Rebound"],"picked":"Reinforced Body","floor":8},{"not_picked":["Double Energy","Barrage"],"picked":"Ball Lightning","floor":11},{"not_picked":["FTL","Chaos"],"picked":"Sweeping Beam","floor":12},{"not_picked":["Chill","Turbo"],"picked":"Loop","floor":14},{"not_picked":["Amplify","Hyperbeam"],"picked":"Fission","floor":16},{"not_picked":["Reinforced Body+1","Hello World"],"picked":"Conserve Battery","floor":18},{"not_picked":["Cold Snap","Barrage"],"picked":"Glacier","floor":19},{"not_picked":["Steam","Cold Snap"],"picked":"Self Repair","floor":20},{"not_picked":["Scrape+1","Stack"],"picked":"Double Energy+1","floor":22},{"not_picked":["Rebound","Barrage"],"picked":"Cold Snap","floor":24},{"not_picked":["Force Field+1","Sweeping Beam"],"picked":"Tempest","floor":27},{"not_picked":["Redo","Gash","Stack"],"picked":"SKIP","floor":28},{"not_picked":["Leap","Steam+1"],"picked":"Coolheaded","floor":31}],"player_experience":1070453,"relics_obtained":[{"floor":6,"key":"Old Coin"},{"floor":9,"key":"Dead Branch"},{"floor":12,"key":"Letter Opener"},{"floor":20,"key":"Red Mask"},{"floor":26,"key":"Lantern"},{"floor":28,"key":"Smiling Mask"}],"event_choices":[{"damage_healed":0,"gold_gain":0,"player_choice":"Take Wound","damage_taken":0,"relics_obtained":["Golden Idol"],"max_hp_gain":0,"max_hp_loss":0,"event_name":"Golden Idol","floor":2,"gold_loss":0,"cards_obtained":["Injury"]},{"damage_healed":0,"gold_gain":0,"cards_transformed":["Strike_B"],"player_choice":"Transformed","damage_taken":0,"max_hp_gain":0,"max_hp_loss":0,"event_name":"Transmorgrifier","floor":4,"gold_loss":0,"cards_obtained":["Heatsinks"]},{"damage_healed":0,"gold_gain":0,"player_choice":"Fought Bandits","damage_taken":0,"max_hp_gain":0,"max_hp_loss":0,"event_name":"Masked Bandits","floor":20,"gold_loss":0},{"damage_healed":0,"gold_gain":275,"player_choice":"Desecrate","damage_taken":0,"max_hp_gain":0,"max_hp_loss":0,"event_name":"Golden Shrine","floor":30,"gold_loss":0,"cards_obtained":["Regret"]}],"is_beta":false,"boss_relics":[{"not_picked":["Inserter","Eternal Feather"],"picked":"Runic Pyramid"}],"items_purged_floors":[3,21],"is_endless":false,"potions_floor_spawned":[6,11,12,14,18,24,27,31],"killed_by":"Collector","ascension_level":15}