{"path_per_floor":["M","M","$","M","M","E","R","M","T","?","M","R","$","M","R","B",null,"M","M","?","?","M","E","R"],"character_chosen":"IRONCLAD","items_purchased":[],"gold_per_floor":[109,124,49,60,76,110,110,122,149,149,165,165,65,81,81,180,180,193,209,209,209,223,250,250,250],"floor_reached":25,"campfire_rested":2,"playtime":1329,"current_hp_per_floor":[77,80,80,79,76,41,65,69,69,69,73,73,73,77,77,65,80,80,80,40,40,40,16,28,0],"items_purged":["Writhe","Strike_R"],"gold":250,"score":296,"play_id":"3830f9b8-1cf2-4eca-93b3-e07c2d710875","local_time":"20180409195954","is_prod":false,"is_daily":false,"is_ascension_mode":true,"campfire_upgraded":2,"timestamp":1523318394,"path_taken":["M","M","$","M","M","E","R","M","T","?","M","R","$","M","R","BOSS","M","M","?","?","M","E","R","M"],"build_version":"2018-04-05v2","purchased_purges":2,"victory":false,"master_deck":["Strike_R","Strike_R","Strike_R","Defend_R","Defend_R","Defend_R","Bash","Headbutt","Intimidate","Blood for Blood","Ghostly Armor","Inflame+1","Iron Wave","Ghostly Armor+1","Immolate","Whirlwind","Ghostly","Ghostly","Ghostly","Ghostly","Ghostly","Warcry","Exhume"],"max_hp_per_floor":[80,80,80,80,80,80,80,80,80,80,80,80,80,80,80,80,80,80,80,40,40,40,40,40,40],"relics":["Burning Blood","Ice Cream","Torii","Lantern","Sozu","Ornamental Fan"],"card_choices":[{"not_picked":["Wild Strike","Rupture"],"picked":"Headbutt","floor":1},{"not_picked":["Wild Strike","Sever Soul"],"picked":"Intimidate","floor":2},{"not_picked":["Intimidate","Thunderclap"],"picked":"Blood for Blood","floor":4},{"not_picked":["Fire Breathing","Havoc"],"picked":"Ghostly Armor","floor":6},{"not_picked":["Hemokinesis","Pummel"],"picked":"Inflame","floor":8},{"not_picked":["Corruption","Juggernaut"],"picked":"Ghostly Armor","floor":14},{"not_picked":["Barricade","Limit Break"],"picked":"Immolate","floor":16},{"not_picked":["Havoc","Clothesline"],"picked":"Whirlwind","floor":18},{"not_picked":["Flex","Clash"],"picked":"Warcry","floor":22},{"not_picked":["Dropkick","Sentinel"],"picked":"Exhume","floor":23}],"player_experience":204002,"potions_floor_usage":[6,16,18],"damage_taken":[{"damage":9,"enemies":"2 Louse","floor":1,"turns":3},{"damage":1,"enemies":"Cultist","floor":2,"turns":3},{"damage":7,"enemies":"Jaw Worm","floor":4,"turns":4},{"damage":9,"enemies":"Looter","floor":5,"turns":3},{"damage":41,"enemies":"Lagavulin","floor":6,"turns":7},{"damage":2,"enemies":"3 Louse","floor":8,"turns":3},{"damage":2,"enemies":"Large Slime","floor":11,"turns":7},{"damage":2,"enemies":"2 Fungi Beasts","floor":14,"turns":4},{"damage":18,"enemies":"The Guardian","floor":16,"turns":10},{"damage":1,"enemies":"Chosen","floor":18,"turns":4},{"damage":0,"enemies":"3 Byrds","floor":19,"turns":3},{"damage":2,"enemies":"Snecko","floor":22,"turns":5},{"damage":30,"enemies":"Book of Stabbing","floor":23,"turns":7},{"damage":38,"enemies":"Chosen and Byrds","floor":25,"turns":7}],"event_choices":[{"event_name":"Transmorgrifier","player_choice":"Transform","floor":10,"damage_taken":0},{"event_name":"Ghosts","player_choice":"Became a Ghost","floor":20,"damage_taken":0},{"event_name":"Back to Basics","player_choice":"Elegance","floor":21,"damage_taken":0}],"boss_relics":[{"not_picked":["Black Blood","Eternal Feather"],"picked":"Sozu"}],"potions_floor_spawned":[1,2,8,16,19],"seed_played":"-575095731581839427","killed_by":"Chosen and Byrds","ascension_level":4,"is_trial":false}