{"gold_per_floor":[112,112,126,140,153,153,171,7,34,46,46,76,16,51,51,130,130,142,142,156,171,221,221,235,254,254,254,19,30,30,80,80,152,152,171,184,184,284,284],"floor_reached":39,"playtime":1878,"items_purged":["Strike_B"],"score":707,"play_id":"0eebcf86-58af-40ab-8ac7-ce995cf3c89a","local_time":"20190824074114","is_ascension_mode":true,"campfire_choices":[{"data":"Sunder","floor":6.0,"key":"SMITH"},{"data":"Rip and Tear","floor":11.0,"key":"SMITH"},{"data":"Loop","floor":15.0,"key":"SMITH"},{"data":"Redo","floor":23.0,"key":"SMITH"},{"data":"Glacier","floor":27.0,"key":"SMITH"},{"floor":32.0,"key":"REST"}],"neow_cost":"NONE","seed_source_timestamp":637117653056673,"circlet_count":0,"master_deck":["AscendersBane","Defend_B","Defend_B","Defend_B","Defend_B","Zap","Dualcast","Rip and Tear+1","Redo+1","Sunder+1","Leap","Melter","Chill","Loop+1","Coolheaded","Conserve Battery","Electrodynamics","Conserve Battery","Glacier+1","Defragment","Core Surge","BootSequence"],"special_seed":0,"relics":["Cracked Core","Blood Vial","Anchor","Centennial Puzzle","Pen Nib","Inserter","Mercury Hourglass","Oddly Smooth Stone","Bronze Scales","Empty Cage","Torii"],"potions_floor_usage":[33,35],"damage_taken":[{"damage":0.0,"enemies":"Small Slimes","floor":1.0,"turns":2.0},{"damage":0.0,"enemies":"2 Louse","floor":3.0,"turns":2.0},{"damage":0.0,"enemies":"Cultist","floor":4.0,"turns":2.0},{"damage":2.0,"enemies":"Exordium Wildlife","floor":5.0,"turns":2.0},{"damage":0.0,"enemies":"Large Slime","floor":7.0,"turns":4.0},{"damage":3.0,"enemies":"Exordium Thugs","floor":10.0,"turns":3.0},{"damage":14.0,"enemies":"Lagavulin","floor":12.0,"turns":8.0},{"damage":8.0,"enemies":"3 Sentries","floor":14.0,"turns":8.0},{"damage":10.0,"enemies":"The Guardian","floor":16.0,"turns":12.0},{"damage":7.0,"enemies":"Shell Parasite","floor":18.0,"turns":5.0},{"damage":0.0,"enemies":"Spheric Guardian","floor":20.0,"turns":3.0},{"damage":1.0,"enemies":"3 Cultists","floor":21.0,"turns":4.0},{"damage":6.0,"enemies":"Centurion and Healer","floor":24.0,"turns":5.0},{"damage":15.0,"enemies":"Snake Plant","floor":25.0,"turns":5.0},{"damage":16.0,"enemies":"Cultist and Chosen","floor":29.0,"turns":5.0},{"damage":17.0,"enemies":"Colosseum Slavers","floor":30.0,"turns":4.0},{"damage":41,"enemies":"Champ","floor":33,"turns":19},{"damage":23,"enemies":"3 Darklings","floor":35,"turns":3},{"damage":4,"enemies":"Orb Walker","floor":36,"turns":3},{"damage":24,"enemies":"Mind Bloom Boss Battle","floor":38,"turns":8},{"damage":21,"enemies":"Spire Growth","floor":39,"turns":2}],"seed_played":"7283393191043050991","potions_obtained":[{"floor":1.0,"key":"Poison Potion"},{"floor":3.0,"key":"SkillPotion"},{"floor":4.0,"key":"Block Potion"},{"floor":21.0,"key":"SpeedPotion"},{"floor":33,"key":"Energy Potion"},{"floor":36,"key":"Strength Potion"}],"is_trial":false,"path_per_floor":["M","?","M","M","M","R","M","$","T","M","R","E","?","E","R","B",null,"M","T","M","M","?","R","M","M","T","R","$","M","?","?","R","B",null,"M","M","?","?","M"],"character_chosen":"DEFECT","items_purchased":["Chill","Loop","Bronze Scales"],"campfire_rested":1,"item_purchase_floors":[8,8,28],"current_hp_per_floor":[71,64,64,64,62,62,62,62,62,61,61,49,49,43,43,35,67,62,62,64,65,65,65,61,48,48,48,48,34,19,19,42,3,59,38,36,36,14,0],"gold":284,"neow_bonus":"TEN_PERCENT_HP_BONUS","is_prod":false,"is_daily":false,"chose_seed":false,"campfire_upgraded":5,"win_rate":0,"timestamp":1566650474,"path_taken":["M","?","M","M","M","R","M","$","T","M","R","E","?","E","R","BOSS","M","?","M","M","?","R","M","M","T","R","$","M","?","?","R","BOSS","M","M","?","?","M"],"build_version":"2019-07-17","purchased_purges":1,"victory":false,"max_hp_per_floor":[78,78,78,78,78,78,78,78,78,78,78,78,78,78,78,78,78,78,78,78,78,78,78,78,78,78,78,78,78,78,78,78,78,78,78,78,78,78,78],"card_choices":[{"not_picked":["Genetic Algorithm","Streamline"],"picked":"Rip and Tear","floor":1.0},{"not_picked":["Reinforced Body","Leap"],"picked":"Redo","floor":3.0},{"not_picked":["Streamline","Undo"],"picked":"Sunder","floor":4.0},{"not_picked":["Hologram","Rebound"],"picked":"Leap","floor":5.0},{"not_picked":["Hologram","Turbo"],"picked":"Melter","floor":7.0},{"not_picked":["Steam","Thunder Strike","Barrage"],"picked":"SKIP","floor":10.0},{"not_picked":["Sunder","Static Discharge"],"picked":"Coolheaded","floor":12.0},{"not_picked":["All For One","Turbo"],"picked":"Conserve Battery","floor":14.0},{"not_picked":["Machine Learning","Buffer"],"picked":"Electrodynamics","floor":16.0},{"not_picked":["Hologram","Doom and Gloom"],"picked":"Cold Snap","floor":18.0},{"not_picked":["Rebound","Steam","Sweeping Beam"],"picked":"SKIP","floor":20.0},{"not_picked":["Melter+1","Undo","Coolheaded"],"picked":"SKIP","floor":21.0},{"not_picked":["Ball Lightning","Sweeping Beam"],"picked":"Conserve Battery","floor":24.0},{"not_picked":["Coolheaded","Genetic Algorithm"],"picked":"Glacier","floor":25.0},{"not_picked":["Melter","Double Energy"],"picked":"Defragment","floor":29.0},{"not_picked":["Rainbow","Echo Form"],"picked":"Core Surge","floor":33},{"not_picked":["Beam Cell+1","Barrage"],"picked":"BootSequence","floor":35},{"not_picked":["Steam","Hello World","Streamline"],"picked":"SKIP","floor":36}],"player_experience":281619,"relics_obtained":[{"floor":9.0,"key":"Blood Vial"},{"floor":12.0,"key":"Anchor"},{"floor":14.0,"key":"Pen Nib"},{"floor":19.0,"key":"Mercury Hourglass"},{"floor":26.0,"key":"Oddly Smooth Stone"},{"floor":38,"key":"Torii"}],"event_choices":[{"cards_removed":["Strike_B"],"damage_healed":0.0,"max_hp_gain":0.0,"max_hp_loss":0.0,"gold_gain":0.0,"event_name":"Golden Wing","player_choice":"Card Removal","floor":2.0,"gold_loss":0.0,"damage_taken":7.0},{"damage_healed":0.0,"max_hp_gain":0.0,"max_hp_loss":0.0,"gold_gain":0.0,"event_name":"WeMeetAgain","player_choice":"Paid Gold","floor":13.0,"gold_loss":60.0,"damage_taken":0.0,"relics_obtained":["Centennial Puzzle"]},{"damage_healed":0.0,"max_hp_gain":0.0,"max_hp_loss":0.0,"gold_gain":50.0,"event_name":"Nest","player_choice":"Stole From Cult","floor":22.0,"gold_loss":0.0,"damage_taken":0.0},{"damage_healed":0.0,"max_hp_gain":0.0,"max_hp_loss":0.0,"gold_gain":0.0,"event_name":"Colosseum","player_choice":"Fight","floor":30.0,"gold_loss":0.0,"damage_taken":0.0},{"damage_healed":0.0,"max_hp_gain":0.0,"max_hp_loss":0.0,"gold_gain":0.0,"event_name":"Colosseum","player_choice":"Fled From Nobs","floor":30.0,"gold_loss":0.0,"damage_taken":0.0},{"damage_healed":0.0,"max_hp_gain":0.0,"max_hp_loss":0.0,"gold_gain":50.0,"event_name":"Golden Shrine","player_choice":"Pray","floor":31.0,"gold_loss":0.0,"damage_taken":0.0},{"cards_removed":["Cold Snap"],"damage_healed":0,"gold_gain":0,"player_choice":"Removed Attack","damage_taken":0,"max_hp_gain":0,"max_hp_loss":0,"event_name":"Falling","floor":37,"gold_loss":0},{"damage_healed":0,"gold_gain":0,"player_choice":"Fight","damage_taken":0,"max_hp_gain":0,"max_hp_loss":0,"event_name":"MindBloom","floor":38,"gold_loss":0}],"is_beta":false,"boss_relics":[{"not_picked":["FrozenCore","Cursed Key"],"picked":"Inserter"},{"not_picked":["Fusion Hammer","Black Star"],"picked":"Empty Cage"}],"items_purged_floors":[28],"is_endless":false,"potions_floor_spawned":[1,3,4,21,30,33,36],"killed_by":"Spire Growth","ascension_level":16}