{"gold_per_floor":[118,118,132,144,163,189,189,204,204,217,290,13,0,12,12,88,88,106,126,126,146,176,204,204,229,282,282,299,315,315,327,327,403,403,421,113,113,129,142,177,177,202,202,202,214,214,214,231,231,231],"floor_reached":50,"playtime":2628,"items_purged":["Strike_G","Strike_G"],"score":942,"play_id":"285dc6a6-b4d3-40e9-86d5-5f807410f3c5","local_time":"20181215185031","is_ascension_mode":true,"campfire_choices":[{"floor":7,"key":"RECALL"},{"floor":15,"key":"REST"},{"floor":24,"key":"REST"},{"data":"Blade Dance","floor":27,"key":"SMITH"},{"floor":32,"key":"REST"},{"floor":41,"key":"REST"},{"data":"Finisher","floor":44,"key":"SMITH"},{"data":"Sucker Punch","floor":46,"key":"SMITH"},{"data":"Poisoned Stab","floor":49,"key":"SMITH"}],"neow_cost":"NONE","seed_source_timestamp":168485720515272,"circlet_count":0,"master_deck":["AscendersBane","Defend_G","Defend_G","Defend_G","Defend_G","Defend_G","Strike_G","Neutralize","Sucker Punch+1","Predator","Poisoned Stab+1","Footwork","Die Die Die","Blade Dance+1","After Image","Backstab","RitualDagger","Backflip","Dagger Throw","Concentrate","Finisher+1","Cloak And Dagger+1"],"relics":["Ring of the Snake","NeowsBlessing","Kunai","Shuriken","Mummified Hand","HandDrill","Philosopher\u0027s Stone","Red Mask","Potion Belt","Tingsha","Eternal Feather","PrismaticShard","Ice Cream","Turnip","Singing Bowl"],"potions_floor_usage":[6,8,18,25,33,33,33,39,40,50],"damage_taken":[{"damage":0,"enemies":"Jaw Worm","floor":1,"turns":1},{"damage":0,"enemies":"Cultist","floor":3,"turns":1},{"damage":0,"enemies":"Small Slimes","floor":4,"turns":1},{"damage":8,"enemies":"Looter","floor":5,"turns":3},{"damage":25,"enemies":"Lagavulin","floor":6,"turns":8},{"damage":0,"enemies":"Exordium Wildlife","floor":8,"turns":3},{"damage":12,"enemies":"Large Slime","floor":10,"turns":7},{"damage":0,"enemies":"Lots of Slimes","floor":14,"turns":1},{"damage":21,"enemies":"Hexaghost","floor":16,"turns":11},{"damage":0,"enemies":"2 Thieves","floor":18,"turns":3},{"damage":12,"enemies":"3 Byrds","floor":19,"turns":5},{"damage":12,"enemies":"Shelled Parasite and Fungi","floor":21,"turns":7},{"damage":1,"enemies":"Masked Bandits","floor":22,"turns":5},{"damage":0,"enemies":"Gremlin Leader","floor":23,"turns":7},{"damage":7,"enemies":"Book of Stabbing","floor":25,"turns":6},{"damage":11,"enemies":"Centurion and Healer","floor":28,"turns":5},{"damage":15,"enemies":"Cultist and Chosen","floor":29,"turns":6},{"damage":0,"enemies":"Snecko","floor":31,"turns":3},{"damage":14,"enemies":"Collector","floor":33,"turns":9},{"damage":4,"enemies":"3 Darklings","floor":35,"turns":5},{"damage":2,"enemies":"Orb Walker","floor":38,"turns":3},{"damage":17,"enemies":"4 Shapes","floor":39,"turns":6},{"damage":27,"enemies":"Nemesis","floor":40,"turns":6},{"damage":11,"enemies":"Reptomancer","floor":42,"turns":6},{"damage":0,"enemies":"3 Darklings","floor":45,"turns":4},{"damage":6,"enemies":"Jaw Worm Horde","floor":48,"turns":3},{"damage":67,"enemies":"Time Eater","floor":50,"turns":8}],"seed_played":"7090972585069942167","potions_obtained":[{"floor":4,"key":"Energy Potion"},{"floor":5,"key":"LiquidBronze"},{"floor":10,"key":"Swift Potion"},{"floor":14,"key":"Swift Potion"},{"floor":16,"key":"Poison Potion"},{"floor":19,"key":"Dexterity Potion"},{"floor":25,"key":"Weak Potion"},{"floor":29,"key":"SkillPotion"},{"floor":33,"key":"LiquidBronze"},{"floor":38,"key":"PowerPotion"},{"floor":42,"key":"PowerPotion"},{"floor":48,"key":"Poison Potion"}],"is_trial":false,"path_per_floor":["M","?","M","M","M","E","R","M","T","M","T","$","?","M","R","B",null,"M","M","?","M","?","E","R","E","T","R","M","M","?","M","R","B",null,"M","$","$","M","M","E","R","E","T","R","M","R","?","M","R","B"],"character_chosen":"THE_SILENT","items_purchased":["HandDrill","PrismaticShard"],"campfire_rested":4,"item_purchase_floors":[12,36],"current_hp_per_floor":[63,63,63,63,55,30,30,30,30,18,18,18,18,18,39,18,57,57,45,39,27,26,26,47,40,40,40,29,14,14,14,35,21,58,54,54,54,52,35,8,41,30,30,42,44,56,56,52,64,0],"gold":231,"neow_bonus":"THREE_ENEMY_KILL","is_prod":false,"is_daily":false,"chose_seed":false,"campfire_upgraded":4,"win_rate":0,"timestamp":1544917831,"path_taken":["M","?","M","?","M","E","R","M","T","M","?","$","?","M","R","BOSS","M","M","?","M","?","E","R","E","T","R","M","M","?","M","R","BOSS","M","?","$","M","M","E","R","E","T","R","M","R","?","M","R","BOSS"],"build_version":"2018-12-13","purchased_purges":2,"victory":false,"max_hp_per_floor":[70,70,70,70,70,70,70,70,70,70,70,70,70,70,70,70,70,70,70,70,70,70,70,70,70,70,70,70,70,70,70,70,70,70,70,70,70,70,70,70,70,70,70,70,72,72,72,74,74,74],"card_choices":[{"not_picked":["Outmaneuver","Masterful Stab"],"picked":"Sucker Punch","floor":1},{"not_picked":["Backflip","Slice"],"picked":"Predator","floor":3},{"not_picked":["Outmaneuver","Catalyst"],"picked":"Poisoned Stab","floor":4},{"not_picked":["Flying Knee","Deflect"],"picked":"Footwork","floor":5},{"not_picked":["Terror","Dagger Throw"],"picked":"Die Die Die","floor":6},{"not_picked":["Bane","Expertise","Poisoned Stab"],"picked":"SKIP","floor":8},{"not_picked":["Dodge and Roll","Concentrate","Deadly Poison"],"picked":"SKIP","floor":10},{"not_picked":["Flying Knee","PiercingWail"],"picked":"Blade Dance","floor":14},{"not_picked":["Burst","Corpse Explosion"],"picked":"After Image","floor":16},{"not_picked":["Dodge and Roll","Underhanded Strike","PiercingWail+1"],"picked":"SKIP","floor":18},{"not_picked":["Caltrops","PiercingWail"],"picked":"Backstab","floor":19},{"not_picked":["Choke","Deflect"],"picked":"Backflip","floor":21},{"not_picked":["Wraith Form v2","Poisoned Stab","Flechettes"],"picked":"SKIP","floor":23},{"not_picked":["Quick Slash","Deflect"],"picked":"Dagger Throw","floor":25},{"not_picked":["Backflip","Slice","Deadly Poison"],"picked":"SKIP","floor":28},{"not_picked":["Setup","Dodge and Roll"],"picked":"Concentrate","floor":29},{"not_picked":["Footwork","Tools of the Trade"],"picked":"Cloak And Dagger+1","floor":31},{"not_picked":["Prepared","Concentrate+1","Underhanded Strike"],"picked":"SKIP","floor":35},{"not_picked":["Perfected Strike+1","Searing Blow","Deadly Poison"],"picked":"SKIP","floor":38},{"not_picked":["Rebound","Deflect","Perfected Strike+1"],"picked":"SKIP","floor":39},{"not_picked":["Tactician","Pommel Strike","Underhanded Strike"],"picked":"SKIP","floor":40},{"not_picked":["Wild Strike","Seeing Red","Thunderclap+1"],"picked":"SKIP","floor":42},{"not_picked":["A Thousand Cuts","Burning Pact+1","Trip"],"picked":"Singing Bowl","floor":45},{"not_picked":["Warcry","Conserve Battery+1","Flying Knee"],"picked":"Singing Bowl","floor":48}],"player_experience":874050,"relics_obtained":[{"floor":6,"key":"Kunai"},{"floor":9,"key":"Shuriken"},{"floor":11,"key":"Mummified Hand"},{"floor":22,"key":"Red Mask"},{"floor":23,"key":"Potion Belt"},{"floor":25,"key":"Tingsha"},{"floor":40,"key":"Ice Cream"},{"floor":42,"key":"Turnip"},{"floor":43,"key":"Singing Bowl"}],"event_choices":[{"cards_removed":["Strike_G"],"damage_healed":0,"gold_gain":0,"player_choice":"Offered Basic","damage_taken":0,"max_hp_gain":0,"max_hp_loss":0,"event_name":"Bonfire Elementals","floor":2,"gold_loss":0},{"damage_healed":0,"gold_gain":0,"player_choice":"Left Gold","damage_taken":0,"max_hp_gain":0,"max_hp_loss":0,"event_name":"World of Goop","floor":13,"gold_loss":13},{"damage_healed":0,"gold_gain":0,"player_choice":"Joined the Cult","damage_taken":6,"max_hp_gain":0,"max_hp_loss":0,"event_name":"Nest","floor":20,"gold_loss":0,"cards_obtained":["RitualDagger"]},{"damage_healed":0,"gold_gain":0,"player_choice":"Fought Bandits","damage_taken":0,"max_hp_gain":0,"max_hp_loss":0,"event_name":"Masked Bandits","floor":22,"gold_loss":0},{"damage_healed":0,"gold_gain":0,"cards_transformed":["Strike_G"],"player_choice":"Transformed","damage_taken":0,"max_hp_gain":0,"max_hp_loss":0,"event_name":"Transmorgrifier","floor":30,"gold_loss":0,"cards_obtained":["Finisher"]},{"cards_removed":["Survivor"],"damage_healed":0,"gold_gain":0,"player_choice":"Removed Skill","damage_taken":0,"max_hp_gain":0,"max_hp_loss":0,"event_name":"Falling","floor":47,"gold_loss":0}],"is_beta":false,"boss_relics":[{"not_picked":["Calling Bell","Orrery"],"picked":"Philosopher\u0027s Stone"},{"not_picked":["Runic Pyramid","Velvet Choker"],"picked":"Eternal Feather"}],"items_purged_floors":[12,36],"is_endless":false,"potions_floor_spawned":[4,5,10,14,16,19,25,29,33,38,42,48],"killed_by":"Time Eater","ascension_level":13}