{"gold_per_floor":[114,114,129,146,156,212,212,246,246,266,295,63,90,90,90,186,186,197,197,212,227,237,237,267,267,290,305,605,605,204,217,217,217],"floor_reached":33,"playtime":1479,"items_purged":["Strike_G","Strike_G"],"score":445,"play_id":"58c335c4-2ff4-49fd-8f92-62eac683e006","local_time":"20181129014216","is_ascension_mode":true,"campfire_choices":[{"data":"Choke","floor":7,"key":"SMITH"},{"floor":15,"key":"REST"},{"floor":23,"key":"REST"},{"floor":25,"key":"REST"},{"data":"RitualDagger","floor":29,"key":"SMITH"},{"data":"Eviscerate","floor":32,"key":"SMITH"}],"neow_cost":"NONE","seed_source_timestamp":881067681217166,"circlet_count":0,"master_deck":["AscendersBane","Defend_G","Defend_G","Defend_G","Defend_G","Defend_G","Strike_G","Strike_G","Strike_G+1","Survivor","Neutralize","Choke+1","Dagger Throw","Dash+1","Bouncing Flask","Crippling Poison","Eviscerate","Underhanded Strike","Eviscerate+1","Storm of Steel","RitualDagger+1","Expertise","Eviscerate","PiercingWail+1"],"relics":["Snecko Eye","Tiny Chest","Sundial","Matryoshka","Letter Opener","Whetstone","Odd Mushroom","Sozu","Blood Vial","Pantograph","PreservedInsect","Old Coin","Vajra","Bag of Marbles"],"potions_floor_usage":[6,16],"damage_taken":[{"damage":2,"enemies":"Jaw Worm","floor":1,"turns":5},{"damage":4,"enemies":"Small Slimes","floor":3,"turns":3},{"damage":0,"enemies":"2 Louse","floor":4,"turns":3},{"damage":0,"enemies":"Gremlin Gang","floor":5,"turns":3},{"damage":15,"enemies":"Gremlin Nob","floor":6,"turns":4},{"damage":12,"enemies":"3 Sentries","floor":8,"turns":7},{"damage":9,"enemies":"Blue Slaver","floor":10,"turns":3},{"damage":10,"enemies":"Gremlin Nob","floor":11,"turns":3},{"damage":0,"enemies":"The Mushroom Lair","floor":13,"turns":2},{"damage":20,"enemies":"The Guardian","floor":16,"turns":6},{"damage":0,"enemies":"Spheric Guardian","floor":18,"turns":3},{"damage":7,"enemies":"Chosen","floor":20,"turns":2},{"damage":7,"enemies":"Centurion and Healer","floor":21,"turns":5},{"damage":24,"enemies":"Sentry and Sphere","floor":22,"turns":5},{"damage":19,"enemies":"Gremlin Leader","floor":24,"turns":3},{"damage":0,"enemies":"Cultist and Chosen","floor":27,"turns":3},{"damage":1,"enemies":"Snake Plant","floor":31,"turns":2},{"damage":76,"enemies":"Automaton","floor":33,"turns":8}],"seed_played":"-2398071125767632439","potions_obtained":[{"floor":1,"key":"PowerPotion"},{"floor":3,"key":"SpeedPotion"},{"floor":8,"key":"LiquidBronze"},{"floor":11,"key":"PowerPotion"}],"is_trial":false,"path_per_floor":["M","?","M","M","M","E","R","E","T","M","E","$","?","$","R","B",null,"M","?","M","M","M","R","E","R","T","M","?","R","$","M","R","B"],"character_chosen":"THE_SILENT","items_purchased":["Whetstone","Vajra","Bag of Marbles"],"campfire_rested":3,"item_purchase_floors":[12,30,30],"current_hp_per_floor":[61,66,62,62,62,47,47,35,35,26,16,16,16,16,38,18,61,61,55,48,41,17,39,20,42,42,44,44,44,44,45,45,0],"gold":217,"neow_bonus":"BOSS_RELIC","is_prod":false,"is_daily":false,"chose_seed":false,"campfire_upgraded":3,"win_rate":0,"timestamp":1543473736,"path_taken":["M","?","M","M","M","E","R","E","T","M","E","$","?","$","R","BOSS","M","?","M","M","M","R","E","R","T","M","?","R","$","M","R","BOSS"],"build_version":"2018-11-15","purchased_purges":2,"victory":false,"max_hp_per_floor":[70,75,75,75,75,75,75,75,75,75,75,75,75,75,75,75,75,75,75,75,75,75,75,75,75,75,75,75,75,75,75,75,75],"card_choices":[{"not_picked":["Prepared","All Out Attack"],"picked":"Choke","floor":1},{"not_picked":["Dagger Spray","Acrobatics"],"picked":"Dagger Throw","floor":3},{"not_picked":["Tactician","Flying Knee"],"picked":"Dash","floor":4},{"not_picked":["Concentrate","Sucker Punch"],"picked":"Bouncing Flask","floor":5},{"not_picked":["Acrobatics","Predator"],"picked":"Crippling Poison","floor":6},{"not_picked":["Deflect","Outmaneuver","Dagger Spray"],"picked":"SKIP","floor":8},{"not_picked":["PiercingWail","Flechettes"],"picked":"Eviscerate","floor":10},{"not_picked":["Choke","Heel Hook"],"picked":"Underhanded Strike","floor":11},{"not_picked":["All Out Attack","Underhanded Strike"],"picked":"Eviscerate","floor":13},{"not_picked":["Envenom","Malaise"],"picked":"Storm of Steel","floor":16},{"not_picked":["Dash","Flying Knee","Endless Agony+1"],"picked":"SKIP","floor":18},{"not_picked":["Poisoned Stab","Dagger Spray+1","Dash"],"picked":"SKIP","floor":20},{"not_picked":["Backflip","Calculated Gamble+1","Dagger Spray"],"picked":"SKIP","floor":21},{"not_picked":["Skewer","Deflect"],"picked":"Expertise","floor":22},{"not_picked":["Poisoned Stab","Burst"],"picked":"Eviscerate","floor":24},{"not_picked":["Poisoned Stab","Endless Agony+1"],"picked":"PiercingWail+1","floor":27},{"not_picked":["Cloak And Dagger","Bouncing Flask","Bane+1"],"picked":"SKIP","floor":31}],"player_experience":735903,"relics_obtained":[{"floor":6,"key":"Tiny Chest"},{"floor":8,"key":"Sundial"},{"floor":9,"key":"Matryoshka"},{"floor":11,"key":"Letter Opener"},{"floor":13,"key":"Odd Mushroom"},{"floor":24,"key":"Blood Vial"},{"floor":26,"key":"Pantograph"},{"floor":26,"key":"PreservedInsect"}],"event_choices":[{"damage_healed":0,"gold_gain":0,"player_choice":"Donut","damage_taken":0,"max_hp_gain":5,"max_hp_loss":0,"event_name":"Big Fish","floor":2,"gold_loss":0},{"damage_healed":0,"gold_gain":0,"player_choice":"Fought Mushrooms","damage_taken":0,"max_hp_gain":0,"max_hp_loss":0,"event_name":"Mushrooms","floor":13,"gold_loss":0},{"damage_healed":0,"gold_gain":0,"player_choice":"Joined the Cult","damage_taken":6,"max_hp_gain":0,"max_hp_loss":0,"event_name":"Nest","floor":19,"gold_loss":0,"cards_obtained":["RitualDagger"]},{"damage_healed":0,"gold_gain":0,"player_choice":"Opened","damage_taken":0,"relics_obtained":["Old Coin"],"max_hp_gain":0,"max_hp_loss":0,"event_name":"The Mausoleum","floor":28,"gold_loss":0}],"is_beta":false,"boss_relics":[{"not_picked":["Velvet Choker","Lizard Tail"],"picked":"Sozu"}],"items_purged_floors":[12,30],"is_endless":false,"potions_floor_spawned":[1,3,8,11,20,24],"killed_by":"Automaton","ascension_level":11}