{"gold_per_floor":[110,127,144,144,154,186,186,199,226,226,243,243,243,277,277,379,379,393,41,41,61,72,100,119,119,119,119,136,136,152,168,168,268,268,287,301,311,323,333,364,364,375,375,375],"floor_reached":44,"playtime":3905,"items_purged":[],"score":478,"play_id":"b99f2d83-0c90-4f75-8581-71cc8074da30","local_time":"20190725205149","is_ascension_mode":false,"campfire_choices":[{"data":"Go for the Eyes","floor":7,"key":"SMITH"},{"data":"Streamline","floor":10,"key":"SMITH"},{"data":"Rip and Tear","floor":12,"key":"SMITH"},{"floor":15,"key":"REST"},{"floor":25,"key":"REST"},{"floor":29,"key":"REST"},{"floor":32,"key":"REST"},{"floor":41,"key":"REST"}],"neow_cost":"NONE","seed_source_timestamp":1297990280476719,"circlet_count":0,"master_deck":["Zap+1","Dualcast","Go for the Eyes+1","Conserve Battery","Streamline+1","Rip and Tear+1","Conserve Battery+1","Go for the Eyes","Seek","Auto Shields","Rip and Tear","Lockon","Rebound","Fusion","Glacier","Sweeping Beam","Loop","Compile Driver","FTL","Consume","Redo","Rebound","Rebound+1","Conserve Battery+1","Go for the Eyes+1","Cold Snap","Electrodynamics","Gash","Sweeping Beam+1","Redo","Lockon+1","Cold Snap+1"],"relics":["Cracked Core","Art of War","Smiling Mask","Ancient Tea Set","Pandora\u0027s Box","Mercury Hourglass","Blood Vial","Centennial Puzzle","Busted Crown","Sundial","Question Card"],"potions_floor_usage":[5,8,11,23,28,33,33,39,40,42,44],"damage_taken":[{"damage":0,"enemies":"Small Slimes","floor":1,"turns":3},{"damage":0,"enemies":"Cultist","floor":2,"turns":3},{"damage":0,"enemies":"Jaw Worm","floor":3,"turns":2},{"damage":2,"enemies":"Looter","floor":5,"turns":3},{"damage":6,"enemies":"Gremlin Nob","floor":6,"turns":3},{"damage":1,"enemies":"3 Louse","floor":8,"turns":3},{"damage":3,"enemies":"Gremlin Gang","floor":11,"turns":4},{"damage":19,"enemies":"3 Sentries","floor":14,"turns":6},{"damage":10,"enemies":"The Guardian","floor":16,"turns":10},{"damage":0,"enemies":"Spheric Guardian","floor":18,"turns":3},{"damage":6,"enemies":"Chosen","floor":21,"turns":4},{"damage":8,"enemies":"3 Cultists","floor":22,"turns":4},{"damage":27,"enemies":"Book of Stabbing","floor":23,"turns":4},{"damage":10,"enemies":"Snake Plant","floor":24,"turns":4},{"damage":9,"enemies":"Centurion and Healer","floor":28,"turns":4},{"damage":0,"enemies":"Chosen and Byrds","floor":30,"turns":4},{"damage":10,"enemies":"Cultist and Chosen","floor":31,"turns":4},{"damage":74,"enemies":"Collector","floor":33,"turns":9},{"damage":0,"enemies":"Orb Walker","floor":35,"turns":3},{"damage":18,"enemies":"3 Shapes","floor":36,"turns":2},{"damage":18,"enemies":"Jaw Worm Horde","floor":37,"turns":4},{"damage":24,"enemies":"4 Shapes","floor":38,"turns":3},{"damage":2,"enemies":"Spire Growth","floor":39,"turns":4},{"damage":26,"enemies":"Reptomancer","floor":40,"turns":6},{"damage":14,"enemies":"Jaw Worm Horde","floor":42,"turns":3},{"damage":40,"enemies":"Nemesis","floor":44,"turns":3}],"seed_played":"-5687102384376007309","potions_obtained":[{"floor":1,"key":"SteroidPotion"},{"floor":2,"key":"Swift Potion"},{"floor":4,"key":"Weak Potion"},{"floor":4,"key":"FearPotion"},{"floor":5,"key":"LiquidBronze"},{"floor":11,"key":"SkillPotion"},{"floor":18,"key":"FearPotion"},{"floor":24,"key":"Ancient Potion"},{"floor":31,"key":"Energy Potion"},{"floor":33,"key":"Explosive Potion"},{"floor":38,"key":"Regen Potion"},{"floor":40,"key":"Poison Potion"},{"floor":42,"key":"EssenceOfSteel"}],"is_trial":false,"path_per_floor":["M","M","M","?","M","E","R","M","T","R","M","R","?","E","R","B",null,"M","$","?","M","M","E","M","R","T","?","M","R","M","M","R","B",null,"M","M","M","M","M","E","R","M","T","E"],"character_chosen":"DEFECT","items_purchased":["Mercury Hourglass","Loop","Compile Driver"],"campfire_rested":5,"item_purchase_floors":[19,19,19],"current_hp_per_floor":[75,75,75,75,73,67,67,66,66,66,63,63,63,44,66,56,75,75,75,75,69,61,34,26,48,48,48,41,63,65,57,75,1,75,75,57,41,19,31,7,29,17,17,0],"gold":375,"neow_bonus":"UPGRADE_CARD","is_prod":false,"is_daily":false,"chose_seed":false,"campfire_upgraded":3,"win_rate":0.0,"timestamp":1564084309,"path_taken":["M","M","M","?","M","E","R","M","T","R","?","R","?","E","R","BOSS","M","$","?","M","M","E","M","R","T","?","M","R","M","M","R","BOSS","M","M","M","M","M","E","R","?","T","E"],"build_version":"2019-07-17","purchased_purges":0,"victory":false,"max_hp_per_floor":[75,75,75,75,75,75,75,75,75,75,75,75,75,75,75,75,75,75,75,75,75,75,75,75,75,75,75,75,75,75,75,75,75,75,75,75,75,75,75,75,75,75,75,75],"card_choices":[{"not_picked":["Skim","Turbo"],"picked":"Go for the Eyes","floor":1},{"not_picked":["Redo","Fusion"],"picked":"Conserve Battery","floor":2},{"not_picked":["Steam","Barrage"],"picked":"Streamline","floor":3},{"not_picked":["Heatsinks","Hologram"],"picked":"Rip and Tear","floor":5},{"not_picked":["Steam","Glacier","Turbo"],"picked":"SKIP","floor":6},{"not_picked":["Heatsinks","Aggregate","Coolheaded"],"picked":"SKIP","floor":8},{"not_picked":["Seek","Streamline"],"picked":"Conserve Battery","floor":11},{"not_picked":["Chill","Redo"],"picked":"Go for the Eyes","floor":14},{"not_picked":["Biased Cognition","Thunder Strike"],"picked":"Seek","floor":16},{"not_picked":["Streamline","Rip and Tear+1"],"picked":"Sweeping Beam","floor":18},{"not_picked":["Barrage","Streamline+1"],"picked":"Redo","floor":21},{"not_picked":["Lockon","Loop"],"picked":"Rebound","floor":22},{"not_picked":["White Noise+1","Barrage"],"picked":"Rebound+1","floor":23},{"not_picked":["Steam","Consume+1","Sweeping Beam"],"picked":"SKIP","floor":24},{"not_picked":["Aggregate","Gash","Hologram"],"picked":"SKIP","floor":28},{"not_picked":["Sunder","Darkness"],"picked":"Go for the Eyes+1","floor":30},{"not_picked":["Barrage","Stack"],"picked":"Cold Snap","floor":31},{"not_picked":["Reboot","All For One"],"picked":"Electrodynamics","floor":33},{"not_picked":[],"picked":"Gash","floor":35},{"not_picked":[],"picked":"Sweeping Beam+1","floor":36},{"not_picked":[],"picked":"Redo","floor":37},{"not_picked":["Doom and Gloom"],"picked":"SKIP","floor":38},{"not_picked":["Sweeping Beam+1"],"picked":"SKIP","floor":39},{"not_picked":[],"picked":"Lockon+1","floor":40},{"not_picked":[],"picked":"Cold Snap+1","floor":42}],"player_experience":74679,"relics_obtained":[{"floor":6,"key":"Art of War"},{"floor":9,"key":"Smiling Mask"},{"floor":14,"key":"Ancient Tea Set"},{"floor":23,"key":"Blood Vial"},{"floor":26,"key":"Centennial Puzzle"},{"floor":40,"key":"Sundial"},{"floor":43,"key":"Question Card"}],"event_choices":[{"damage_healed":0,"gold_gain":0,"player_choice":"Got Potions","damage_taken":0,"max_hp_gain":0,"max_hp_loss":0,"event_name":"Lab","floor":4,"gold_loss":0},{"damage_healed":0,"gold_gain":0,"player_choice":"Grow","damage_taken":0,"max_hp_gain":0,"max_hp_loss":0,"event_name":"Living Wall","floor":13,"gold_loss":0,"cards_upgraded":["Conserve Battery"]},{"damage_healed":0,"gold_gain":0,"cards_transformed":["Barrage","Genetic Algorithm"],"player_choice":"Became Test Subject","damage_taken":0,"max_hp_gain":0,"max_hp_loss":0,"event_name":"Drug Dealer","floor":20,"gold_loss":0,"cards_obtained":["FTL","Consume"]},{"damage_healed":0,"gold_gain":0,"player_choice":"Copied","damage_taken":0,"max_hp_gain":0,"max_hp_loss":0,"event_name":"Duplicator","floor":27,"gold_loss":0,"cards_obtained":["Conserve Battery"]}],"is_beta":false,"boss_relics":[{"not_picked":["Ectoplasm","Sozu"],"picked":"Pandora\u0027s Box"},{"not_picked":["Calling Bell","White Beast Statue"],"picked":"Busted Crown"}],"items_purged_floors":[],"is_endless":false,"potions_floor_spawned":[1,2,5,11,18,24,31,33,38,40,42],"killed_by":"Nemesis","ascension_level":0}