{"gold_per_floor":[114,114,133,133,16,57,57,76,100,100,114,129,129,153,153,276,276,301,325,346,346],"floor_reached":21,"playtime":891,"items_purged":[],"score":208,"play_id":"9c59adec-610d-4fc0-b698-2d394fe48cc1","local_time":"20190327130641","is_ascension_mode":false,"campfire_choices":[{"data":"Dual Wield","floor":7,"key":"SMITH"},{"data":"Bash","floor":10,"key":"SMITH"},{"data":"Entrench","floor":15,"key":"SMITH"}],"neow_cost":"NONE","seed_source_timestamp":8887305315494,"circlet_count":0,"master_deck":["Strike_R","Strike_R+1","Strike_R","Strike_R","Strike_R","Defend_R","Defend_R","Defend_R+1","Defend_R","Bash+1","Dual Wield+1","Inflame","Flex","Burning Pact","Dropkick","Entrench+1","Shrug It Off","Heavy Blade","Berserk","Sentinel+1","Wild Strike+1","Shrug It Off"],"relics":["Burning Blood","NeowsBlessing","Golden Idol","Bag of Marbles","Cursed Key"],"potions_floor_usage":[11,16,16,16,19,21],"damage_taken":[{"damage":0,"enemies":"Small Slimes","floor":1,"turns":1},{"damage":0,"enemies":"2 Louse","floor":3,"turns":2},{"damage":0,"enemies":"3 Sentries","floor":6,"turns":2},{"damage":0,"enemies":"Cultist","floor":8,"turns":2},{"damage":16,"enemies":"3 Louse","floor":11,"turns":4},{"damage":8,"enemies":"Exordium Wildlife","floor":12,"turns":4},{"damage":2,"enemies":"Blue Slaver","floor":14,"turns":3},{"damage":57,"enemies":"The Guardian","floor":16,"turns":11},{"damage":26,"enemies":"Chosen","floor":18,"turns":6},{"damage":11,"enemies":"Shell Parasite","floor":19,"turns":4},{"damage":29,"enemies":"Snecko","floor":20,"turns":5},{"damage":49,"enemies":"3 Cultists","floor":21,"turns":5}],"seed_played":"-3678043728996745780","potions_obtained":[{"floor":1,"key":"FearPotion"},{"floor":6,"key":"Fruit Juice"},{"floor":8,"key":"BloodPotion"},{"floor":11,"key":"Swift Potion"},{"floor":14,"key":"Energy Potion"},{"floor":18,"key":"SkillPotion"},{"floor":20,"key":"Weak Potion"}],"is_trial":false,"path_per_floor":["M","?","M","?","$","E","R","M","T","R","M","M","?","M","R","B",null,"M","M","M","M"],"character_chosen":"IRONCLAD","items_purchased":["Inflame","Flex"],"campfire_rested":0,"item_purchase_floors":[5,5],"current_hp_per_floor":[80,80,80,80,80,80,80,80,80,80,75,73,56,60,60,9,85,65,60,37,0],"gold":346,"neow_bonus":"THREE_ENEMY_KILL","is_prod":false,"is_daily":false,"chose_seed":false,"campfire_upgraded":3,"win_rate":0,"timestamp":1553656001,"path_taken":["M","?","M","?","$","E","R","M","T","R","M","?","?","M","R","BOSS","M","M","M","M"],"build_version":"2019-01-23","purchased_purges":0,"victory":false,"max_hp_per_floor":[80,80,80,80,80,80,80,80,80,80,85,85,85,85,85,85,85,85,85,85,85],"card_choices":[{"not_picked":["Pummel","Corruption"],"picked":"Dual Wield","floor":1},{"not_picked":["Hemokinesis","Havoc","Corruption"],"picked":"SKIP","floor":3},{"not_picked":["Shockwave","Sever Soul"],"picked":"Burning Pact","floor":6},{"not_picked":["Bloodletting","Whirlwind"],"picked":"Dropkick","floor":8},{"not_picked":["Wild Strike","Burning Pact"],"picked":"Entrench","floor":11},{"not_picked":["Sword Boomerang","Warcry"],"picked":"Shrug It Off","floor":12},{"not_picked":["Cleave","Flex"],"picked":"Heavy Blade","floor":14},{"not_picked":["Reaper","Limit Break"],"picked":"Berserk","floor":16},{"not_picked":["Entrench","Evolve"],"picked":"Sentinel+1","floor":18},{"not_picked":["Twin Strike","Havoc"],"picked":"Wild Strike+1","floor":19},{"not_picked":["Cleave","Iron Wave"],"picked":"Shrug It Off","floor":20}],"player_experience":185058,"relics_obtained":[{"floor":6,"key":"Bag of Marbles"}],"event_choices":[{"damage_healed":0,"gold_gain":0,"player_choice":"Take Wound","damage_taken":0,"relics_obtained":["Golden Idol"],"max_hp_gain":0,"max_hp_loss":0,"event_name":"Golden Idol","floor":2,"gold_loss":0,"cards_obtained":["Injury"]},{"cards_removed":["Injury"],"damage_healed":0,"gold_gain":0,"player_choice":"Removed Curses","damage_taken":0,"max_hp_gain":0,"max_hp_loss":0,"event_name":"Fountain of Cleansing","floor":4,"gold_loss":0},{"damage_healed":0,"gold_gain":0,"player_choice":"Entered Light","damage_taken":17,"max_hp_gain":0,"max_hp_loss":0,"event_name":"Shining Light","floor":13,"gold_loss":0,"cards_upgraded":["Strike_R","Defend_R"]}],"is_beta":false,"boss_relics":[{"not_picked":["Runic Cube","Ectoplasm"],"picked":"Cursed Key"}],"items_purged_floors":[],"is_endless":false,"potions_floor_spawned":[1,6,8,11,14,18,20],"killed_by":"3 Cultists","ascension_level":0}