{"gold_per_floor":[14,14,32,46,67,67,107,107,107,107,142,142,60,60,60,188,188,207,207,93,107,120,120,140,156,156,168,196,233,266,294,306,318],"floor_reached":33,"playtime":1366,"items_purged":["Strike_B"],"score":418,"play_id":"3cbcc47f-f933-4651-a169-25d72f29cc1f","local_time":"20181203024408","is_ascension_mode":true,"campfire_choices":[{"data":"Streamline","floor":6,"key":"SMITH"},{"data":"Barrage","floor":8,"key":"SMITH"},{"floor":10,"key":"REST"},{"floor":12,"key":"REST"},{"data":"Zap","floor":15,"key":"SMITH"},{"floor":23,"key":"REST"},{"floor":32,"key":"REST"}],"neow_cost":"NO_GOLD","seed_source_timestamp":27306310648457,"circlet_count":0,"master_deck":["AscendersBane","Defend_B","Defend_B","Defend_B","Zap+1","Dualcast","Compile Driver","Coolheaded","Barrage+1","Streamline+1","Doom and Gloom+1","Rainbow","Meteor Strike","Double Energy","Redo+1","Leap+1","Conserve Battery+1","Turbo","Capacitor+1"],"relics":["Cracked Core","Golden Idol","Juzu Bracelet","Matryoshka","Nunchaku","Philosopher\u0027s Stone","Meat on the Bone","MawBank"],"potions_floor_usage":[5,7,16,24,28,29,33],"damage_taken":[{"damage":1,"enemies":"Cultist","floor":1,"turns":4},{"damage":4,"enemies":"Jaw Worm","floor":3,"turns":4},{"damage":7,"enemies":"Small Slimes","floor":4,"turns":3},{"damage":14,"enemies":"Exordium Thugs","floor":5,"turns":4},{"damage":28,"enemies":"3 Sentries","floor":7,"turns":7},{"damage":40,"enemies":"Gremlin Nob","floor":11,"turns":4},{"damage":7,"enemies":"Slime Boss","floor":16,"turns":6},{"damage":0,"enemies":"Chosen","floor":18,"turns":3},{"damage":25,"enemies":"Shell Parasite","floor":21,"turns":4},{"damage":29,"enemies":"Cultist and Chosen","floor":22,"turns":7},{"damage":7,"enemies":"Centurion and Healer","floor":24,"turns":3},{"damage":19,"enemies":"Snake Plant","floor":25,"turns":4},{"damage":0,"enemies":"3 Cultists","floor":28,"turns":5},{"damage":0,"enemies":"Cultist and Chosen","floor":29,"turns":5},{"damage":16,"enemies":"Centurion and Healer","floor":30,"turns":5},{"damage":4,"enemies":"Sentry and Sphere","floor":31,"turns":3},{"damage":61,"enemies":"Champ","floor":33,"turns":10}],"seed_played":"4539879985266709779","potions_obtained":[{"floor":4,"key":"Block Potion"},{"floor":5,"key":"Fruit Juice"},{"floor":11,"key":"FocusPotion"},{"floor":21,"key":"SteroidPotion"},{"floor":25,"key":"AttackPotion"},{"floor":28,"key":"Ancient Potion"},{"floor":29,"key":"Energy Potion"}],"is_trial":false,"path_per_floor":["M","?","M","M","M","R","E","R","T","R","E","R","$","?","R","B",null,"M","?","$","M","M","R","M","M","T","?","M","M","M","M","R","B"],"character_chosen":"DEFECT","items_purchased":["Rainbow","Double Energy"],"campfire_rested":4,"item_purchase_floors":[13,20],"current_hp_per_floor":[67,67,63,56,42,42,19,19,19,41,1,23,23,23,23,16,60,60,60,60,35,6,28,21,2,2,2,14,26,22,30,52,0],"gold":318,"neow_bonus":"REMOVE_TWO","is_prod":false,"is_daily":false,"chose_seed":false,"campfire_upgraded":3,"win_rate":0,"timestamp":1543823048,"path_taken":["M","?","M","M","M","R","E","R","T","R","E","R","$","?","R","BOSS","M","?","$","M","M","R","M","M","T","?","M","M","M","M","R","BOSS"],"build_version":"2018-11-15","purchased_purges":1,"victory":false,"max_hp_per_floor":[75,69,69,69,69,69,74,74,74,74,74,74,74,74,74,74,74,74,74,74,74,74,74,74,74,74,74,74,74,74,74,74,74],"card_choices":[{"not_picked":["Turbo","Conserve Battery"],"picked":"Compile Driver","floor":1},{"not_picked":["Beam Cell","Recycle"],"picked":"Coolheaded","floor":3},{"not_picked":["Self Repair","Sweeping Beam"],"picked":"Barrage","floor":4},{"not_picked":["Leap","Rip and Tear"],"picked":"Streamline","floor":5},{"not_picked":["Recycle","White Noise","Hologram"],"picked":"SKIP","floor":7},{"not_picked":["Loop","Gash"],"picked":"Doom and Gloom","floor":11},{"not_picked":["Seek","Core Surge"],"picked":"Meteor Strike","floor":16},{"not_picked":["Chaos","Stack","Barrage"],"picked":"SKIP","floor":18},{"not_picked":["Redo","Stack","Blizzard+1"],"picked":"SKIP","floor":21},{"not_picked":["Ball Lightning","Compile Driver"],"picked":"Redo+1","floor":22},{"not_picked":["Gash","Coolheaded"],"picked":"Leap+1","floor":24},{"not_picked":["Reprogram","Barrage"],"picked":"Conserve Battery+1","floor":25},{"not_picked":["Multi-Cast","Lockon","Loop"],"picked":"SKIP","floor":28},{"not_picked":["Hologram+1","Beam Cell","Gash"],"picked":"SKIP","floor":29},{"not_picked":["FTL","Go for the Eyes"],"picked":"Turbo","floor":30},{"not_picked":["Static Discharge","Turbo+1"],"picked":"Capacitor+1","floor":31}],"player_experience":786069,"relics_obtained":[{"floor":7,"key":"Juzu Bracelet"},{"floor":9,"key":"Matryoshka"},{"floor":11,"key":"Nunchaku"},{"floor":26,"key":"Meat on the Bone"},{"floor":26,"key":"MawBank"}],"event_choices":[{"damage_healed":0,"gold_gain":0,"player_choice":"Lose Max HP","damage_taken":0,"relics_obtained":["Golden Idol"],"max_hp_gain":0,"max_hp_loss":6,"event_name":"Golden Idol","floor":2,"gold_loss":0},{"damage_healed":0,"gold_gain":0,"player_choice":"Forge","damage_taken":0,"max_hp_gain":0,"max_hp_loss":0,"event_name":"Accursed Blacksmith","floor":14,"gold_loss":0,"cards_upgraded":["Doom and Gloom"]},{"cards_removed":["Strike_B"],"damage_healed":0,"gold_gain":0,"player_choice":"Elegance","damage_taken":0,"max_hp_gain":0,"max_hp_loss":0,"event_name":"Back to Basics","floor":19,"gold_loss":0},{"cards_removed":["Defend_B"],"damage_healed":0,"gold_gain":0,"player_choice":"Purged","damage_taken":0,"max_hp_gain":0,"max_hp_loss":0,"event_name":"Purifier","floor":27,"gold_loss":0}],"is_beta":false,"boss_relics":[{"not_picked":["Eternal Feather","Calling Bell"],"picked":"Philosopher\u0027s Stone"}],"items_purged_floors":[20],"is_endless":false,"potions_floor_spawned":[4,5,11,21,25,28,29],"killed_by":"Champ","ascension_level":12}