{"gold_per_floor":[114,125,125,125,125,158,83,83,159,159,159,174,174,14,14,14],"floor_reached":16,"playtime":738,"items_purged":["Defend_G"],"score":218,"play_id":"f30a0157-ade2-4616-8848-9e7cd93bcdef","local_time":"20181226120100","is_ascension_mode":true,"campfire_choices":[{"data":"Wraith Form v2","floor":8,"key":"SMITH"},{"data":"Leg Sweep","floor":10,"key":"SMITH"},{"data":"Calculated Gamble","floor":13,"key":"SMITH"},{"data":"Wraith Form v2","floor":15,"key":"SMITH"}],"neow_cost":"NONE","seed_source_timestamp":38486480458770,"circlet_count":0,"master_deck":["AscendersBane","Defend_G","Defend_G","Defend_G","Defend_G","Strike_G","Strike_G","Strike_G","Strike_G","Survivor","Neutralize","Leg Sweep+1","Wraith Form v2+1","Calculated Gamble+1","Wraith Form v2+1"],"relics":["Ring of the Snake","NeowsBlessing","Gambling Chip","Letter Opener","Pen Nib"],"potions_floor_usage":[16,16],"damage_taken":[{"damage":0,"enemies":"Cultist","floor":1,"turns":1},{"damage":0,"enemies":"Small Slimes","floor":2,"turns":1},{"damage":0,"enemies":"3 Sentries","floor":6,"turns":1},{"damage":0,"enemies":"2 Louse","floor":12,"turns":4},{"damage":59,"enemies":"Hexaghost","floor":16,"turns":18}],"seed_played":"-6610949399494027089","potions_obtained":[{"floor":2,"key":"Strength Potion"},{"floor":6,"key":"EssenceOfSteel"}],"is_trial":false,"path_per_floor":["M","M","?","?","T","E","?","R","T","R","?","M","R","$","R","B"],"character_chosen":"THE_SILENT","items_purchased":["Wraith Form v2"],"campfire_rested":0,"item_purchase_floors":[14],"current_hp_per_floor":[59,59,59,59,59,59,59,59,59,59,59,59,59,59,59,0],"gold":14,"neow_bonus":"THREE_ENEMY_KILL","is_prod":false,"is_daily":false,"chose_seed":false,"campfire_upgraded":4,"win_rate":0,"timestamp":1545843660,"path_taken":["M","?","?","?","?","E","?","R","T","R","?","M","R","$","R","BOSS"],"build_version":"2018-12-20","purchased_purges":1,"victory":false,"max_hp_per_floor":[66,66,66,66,66,66,66,66,66,66,66,66,66,66,66,66],"card_choices":[{"not_picked":["Flying Knee","Catalyst"],"picked":"Leg Sweep","floor":1},{"not_picked":["Expertise","Prepared","Outmaneuver"],"picked":"SKIP","floor":2},{"not_picked":["Dodge and Roll","Acrobatics"],"picked":"Wraith Form v2","floor":6},{"not_picked":["Outmaneuver","Dash"],"picked":"Calculated Gamble","floor":12}],"player_experience":996394,"relics_obtained":[{"floor":5,"key":"Letter Opener"},{"floor":6,"key":"Pen Nib"}],"event_choices":[{"damage_healed":0,"gold_gain":0,"player_choice":"Ignored","damage_taken":0,"max_hp_gain":0,"max_hp_loss":0,"event_name":"Shining Light","floor":3,"gold_loss":0},{"damage_healed":0,"gold_gain":0,"player_choice":"Box","damage_taken":0,"relics_obtained":["Gambling Chip"],"max_hp_gain":0,"max_hp_loss":0,"event_name":"Big Fish","floor":4,"gold_loss":0,"cards_obtained":["Regret"]},{"cards_removed":["Regret"],"damage_healed":0,"gold_gain":0,"player_choice":"Card Removal","damage_taken":0,"max_hp_gain":0,"max_hp_loss":0,"event_name":"The Cleric","floor":7,"gold_loss":75},{"cards_removed":["Strike_G"],"damage_healed":0,"gold_gain":0,"player_choice":"Forget","damage_taken":0,"max_hp_gain":0,"max_hp_loss":0,"event_name":"Living Wall","floor":11,"gold_loss":0}],"is_beta":false,"boss_relics":[],"items_purged_floors":[14],"is_endless":false,"potions_floor_spawned":[2,6],"killed_by":"Hexaghost","ascension_level":16}