{"gold_per_floor":[119,119,135,135,52,52,65,84,84,112,128,155,169,179,179,278,278,295,309,309,309,169,169,44,74,99,99],"floor_reached":27,"playtime":2654,"items_purged":[],"score":281,"play_id":"269b97fd-cd49-4e70-9b0c-556745ebea16","local_time":"20190912222410","is_ascension_mode":true,"campfire_choices":[{"data":"Heatsinks","floor":6,"key":"SMITH"},{"floor":15,"key":"REST"},{"floor":23,"key":"REST"}],"neow_cost":"NONE","seed_source_timestamp":35410945654969,"circlet_count":0,"master_deck":["Strike_B","Strike_B","Strike_B","Strike_B","Defend_B","Defend_B","Defend_B","Defend_B","Zap","Dualcast","Conserve Battery","Consume","Heatsinks+1","Leap","Gash","Multi-Cast","Undo","Reinforced Body","Go for the Eyes","Loop","Defragment","Creative AI","Conserve Battery+1","Static Discharge","Decay","Capacitor","Steam","Stack","Self Repair","Leap"],"relics":["Cracked Core","NeowsBlessing","Ornamental Fan","Symbiotic Virus","Mummified Hand","White Beast Statue","Orichalcum","Bag of Preparation"],"potions_floor_usage":[10,10,19,19,25,27],"damage_taken":[{"damage":0,"enemies":"Small Slimes","floor":1,"turns":1},{"damage":0,"enemies":"Cultist","floor":3,"turns":1},{"damage":0,"enemies":"2 Louse","floor":7,"turns":1},{"damage":15,"enemies":"Exordium Wildlife","floor":8,"turns":6},{"damage":24,"enemies":"Gremlin Nob","floor":10,"turns":6},{"damage":10,"enemies":"Large Slime","floor":11,"turns":6},{"damage":8,"enemies":"Lagavulin","floor":12,"turns":6},{"damage":0,"enemies":"3 Louse","floor":13,"turns":4},{"damage":0,"enemies":"Blue Slaver","floor":14,"turns":4},{"damage":17,"enemies":"Hexaghost","floor":16,"turns":9},{"damage":7,"enemies":"Shell Parasite","floor":18,"turns":7},{"damage":26,"enemies":"3 Byrds","floor":19,"turns":6},{"damage":13,"enemies":"Gremlin Leader","floor":25,"turns":6},{"damage":58,"enemies":"Slavers","floor":27,"turns":4}],"seed_played":"2206563667003454784","potions_obtained":[{"floor":7,"key":"Dexterity Potion"},{"floor":8,"key":"Weak Potion"},{"floor":11,"key":"PowerPotion"},{"floor":13,"key":"FearPotion"},{"floor":18,"key":"Block Potion"},{"floor":19,"key":"PowerPotion"},{"floor":25,"key":"GamblersBrew"}],"is_trial":false,"path_per_floor":["M","?","M","?","$","R","M","M","T","E","M","E","M","M","R","B",null,"M","M","?","?","$","R","$","E","T","E"],"character_chosen":"DEFECT","items_purchased":["Heatsinks","Leap","Capacitor","Steam","Stack","Self Repair","Leap"],"campfire_rested":2,"item_purchase_floors":[5,5,22,22,22,24,24],"current_hp_per_floor":[75,75,75,75,75,75,75,60,60,36,26,18,18,18,40,23,75,68,42,42,42,42,64,64,58,58,0],"gold":99,"neow_bonus":"THREE_ENEMY_KILL","is_prod":false,"is_daily":false,"chose_seed":false,"campfire_upgraded":1,"win_rate":0,"timestamp":1568337850,"path_taken":["M","?","M","?","$","R","M","M","T","E","M","E","?","M","R","BOSS","M","M","?","?","$","R","$","E","T","E"],"build_version":"2019-07-17","purchased_purges":0,"victory":false,"max_hp_per_floor":[75,75,75,75,75,75,75,75,75,75,75,75,75,75,75,75,75,75,75,75,75,75,75,75,75,75,75],"card_choices":[{"not_picked":["Redo","Steam"],"picked":"Conserve Battery","floor":1},{"not_picked":["Auto Shields","Turbo"],"picked":"Consume","floor":3},{"not_picked":["Beam Cell","Scrape"],"picked":"Gash","floor":7},{"not_picked":["Consume","Gash"],"picked":"Multi-Cast","floor":8},{"not_picked":["Ball Lightning","Aggregate"],"picked":"Undo","floor":10},{"not_picked":["Compile Driver","Blizzard"],"picked":"Reinforced Body","floor":11},{"not_picked":["Rainbow","Doom and Gloom"],"picked":"Go for the Eyes","floor":12},{"not_picked":["Streamline","Redo"],"picked":"Loop","floor":13},{"not_picked":["Steam","Double Energy"],"picked":"Defragment","floor":14},{"not_picked":["Thunder Strike","Multi-Cast"],"picked":"Creative AI","floor":16},{"not_picked":["Aggregate","Compile Driver+1"],"picked":"Conserve Battery+1","floor":18},{"not_picked":["Blizzard+1","Go for the Eyes"],"picked":"Static Discharge","floor":19},{"not_picked":["Redo","Barrage","Rebound"],"picked":"SKIP","floor":25}],"player_experience":176481,"relics_obtained":[{"floor":9,"key":"Ornamental Fan"},{"floor":10,"key":"Symbiotic Virus"},{"floor":12,"key":"Mummified Hand"},{"floor":25,"key":"Orichalcum"},{"floor":26,"key":"Bag of Preparation"}],"event_choices":[{"damage_healed":0,"gold_gain":0,"player_choice":"Ignored","damage_taken":0,"max_hp_gain":0,"max_hp_loss":0,"event_name":"Golden Wing","floor":2,"gold_loss":0},{"damage_healed":0,"gold_gain":0,"player_choice":"Ignored","damage_taken":0,"max_hp_gain":0,"max_hp_loss":0,"event_name":"Purifier","floor":4,"gold_loss":0},{"damage_healed":0,"gold_gain":0,"player_choice":"Smashed Altar","damage_taken":0,"max_hp_gain":0,"max_hp_loss":0,"event_name":"Forgotten Altar","floor":20,"gold_loss":0,"cards_obtained":["Decay"]},{"damage_healed":0,"gold_gain":0,"player_choice":"Ignored","damage_taken":0,"max_hp_gain":0,"max_hp_loss":0,"event_name":"Cursed Tome","floor":21,"gold_loss":0}],"is_beta":false,"boss_relics":[{"not_picked":["Velvet Choker","Calling Bell"],"picked":"White Beast Statue"}],"items_purged_floors":[],"is_endless":false,"potions_floor_spawned":[7,8,11,13,18,19,25],"killed_by":"Slavers","ascension_level":1}