{"gold_per_floor":[114,131,147,147,147,173,173,202,202,214,240,269,309,341,353,460,472,472,133,133,133,133,133,133,133,133,133,93,93,93,93,93,93],"floor_reached":33,"playtime":2698,"items_purged":[],"score":282,"play_id":"7eb96811-af0b-462f-bb3d-2a73be9ed0ba","local_time":"20190830233024","is_ascension_mode":true,"campfire_choices":[{"floor":7.0,"key":"REST"},{"floor":10.0,"key":"REST"},{"floor":15.0,"key":"REST"},{"floor":23.0,"key":"REST"},{"floor":27.0,"key":"RECALL"},{"data":"Catalyst","floor":29.0,"key":"SMITH"},{"floor":32,"key":"REST"}],"neow_cost":"NONE","seed_source_timestamp":61437905946200,"circlet_count":0,"master_deck":["Strike_G","Strike_G+1","Strike_G","Strike_G","Strike_G","Defend_G","Defend_G","Defend_G","Defend_G","Survivor","Neutralize","Backflip","PiercingWail","Skewer","Predator","Footwork","Acrobatics","A Thousand Cuts+1","Backflip","Footwork","Adrenaline","Backflip","Accuracy+1","PiercingWail+1","Catalyst+1","Concentrate+1","Bane+1"],"special_seed":0,"relics":["Ring of the Snake","NeowsBlessing","Lantern","Bronze Scales","MawBank","Anchor","Ectoplasm","Frozen Eye","Ancient Tea Set","Molten Egg 2","Pen Nib"],"potions_floor_usage":[33,33],"damage_taken":[{"damage":0.0,"enemies":"Cultist","floor":1.0,"turns":1.0},{"damage":0.0,"enemies":"Jaw Worm","floor":2.0,"turns":1.0},{"damage":0.0,"enemies":"Small Slimes","floor":3.0,"turns":1.0},{"damage":37.0,"enemies":"Gremlin Nob","floor":6.0,"turns":5.0},{"damage":27.0,"enemies":"Lagavulin","floor":8.0,"turns":10.0},{"damage":0.0,"enemies":"Exordium Thugs","floor":11.0,"turns":6.0},{"damage":6.0,"enemies":"3 Louse","floor":12.0,"turns":3.0},{"damage":10.0,"enemies":"Gremlin Nob","floor":13.0,"turns":4.0},{"damage":13.0,"enemies":"2 Fungi Beasts","floor":14.0,"turns":3.0},{"damage":29.0,"enemies":"The Guardian","floor":16.0,"turns":19.0},{"damage":1.0,"enemies":"Chosen","floor":18.0,"turns":4.0},{"damage":20.0,"enemies":"Spheric Guardian","floor":20.0,"turns":4.0},{"damage":0.0,"enemies":"3 Cultists","floor":22.0,"turns":7.0},{"damage":7.0,"enemies":"Snake Plant","floor":24.0,"turns":5.0},{"damage":14.0,"enemies":"Centurion and Healer","floor":30.0,"turns":9.0},{"damage":0.0,"enemies":"Chosen and Byrds","floor":31.0,"turns":6.0},{"damage":71,"enemies":"Champ","floor":33,"turns":18}],"seed_played":"7161371152585021804","potions_obtained":[{"floor":3.0,"key":"Poison Potion"},{"floor":6.0,"key":"Weak Potion"},{"floor":12.0,"key":"Fire Potion"},{"floor":13.0,"key":"LiquidBronze"},{"floor":18.0,"key":"Swift Potion"},{"floor":22.0,"key":"FearPotion"},{"floor":31.0,"key":"SmokeBomb"}],"is_trial":false,"path_per_floor":["M","M","M","?","T","E","R","E","T","R","M","M","E","M","R","B",null,"M","$","M","?","M","R","M","$","T","R","?","R","M","M","R","B"],"character_chosen":"THE_SILENT","items_purchased":["Frozen Eye","Ancient Tea Set"],"campfire_rested":5,"item_purchase_floors":[19,19],"current_hp_per_floor":[70,70,70,70,70,33,54,27,27,48,48,42,32,19,40,11,70,69,69,49,49,49,70,63,63,63,63,63,63,49,49,70,0],"gold":93,"neow_bonus":"THREE_ENEMY_KILL","is_prod":false,"is_daily":false,"chose_seed":false,"campfire_upgraded":1,"win_rate":0,"timestamp":1567225824,"path_taken":["M","M","?","?","?","E","R","E","T","R","M","M","E","M","R","BOSS","M","$","M","?","M","R","?","?","T","R","?","R","M","M","R","BOSS"],"build_version":"2019-07-17","purchased_purges":0,"victory":false,"max_hp_per_floor":[70,70,70,70,70,70,70,70,70,70,70,70,70,70,70,70,70,70,70,70,70,70,70,70,70,70,70,70,70,70,70,70,70],"card_choices":[{"not_picked":["Acrobatics","Poisoned Stab"],"picked":"Backflip","floor":1.0},{"not_picked":["Poisoned Stab","Flying Knee"],"picked":"PiercingWail","floor":2.0},{"not_picked":["Slice","Underhanded Strike"],"picked":"Skewer","floor":3.0},{"not_picked":["Caltrops","Underhanded Strike"],"picked":"Predator","floor":6.0},{"not_picked":["Flying Knee","Dagger Spray"],"picked":"Footwork","floor":8.0},{"not_picked":["Bane","Endless Agony"],"picked":"Acrobatics","floor":11.0},{"not_picked":["Expertise","Poisoned Stab"],"picked":"A Thousand Cuts","floor":12.0},{"not_picked":["Acrobatics","Deadly Poison"],"picked":"Backflip","floor":13.0},{"not_picked":["Expertise","Poisoned Stab"],"picked":"Footwork","floor":14.0},{"not_picked":["Wraith Form v2","Tools of the Trade"],"picked":"Adrenaline","floor":16.0},{"not_picked":["Flying Knee","Expertise"],"picked":"Backflip","floor":18.0},{"not_picked":["Bane","Deadly Poison"],"picked":"Accuracy+1","floor":20.0},{"not_picked":["Dodge and Roll","Bane+1"],"picked":"PiercingWail+1","floor":22.0},{"not_picked":["Poisoned Stab+1","Storm of Steel"],"picked":"Catalyst","floor":24.0},{"not_picked":["Blade Dance","Dagger Spray+1"],"picked":"Concentrate+1","floor":30.0},{"not_picked":["Flying Knee+1","PiercingWail"],"picked":"Bane+1","floor":31.0}],"player_experience":244776,"relics_obtained":[{"floor":6.0,"key":"Lantern"},{"floor":8.0,"key":"Bronze Scales"},{"floor":9.0,"key":"MawBank"},{"floor":13.0,"key":"Anchor"},{"floor":26.0,"key":"Pen Nib"}],"event_choices":[{"cards_removed":["Defend_G"],"damage_healed":0.0,"max_hp_gain":0.0,"max_hp_loss":0.0,"gold_gain":0.0,"event_name":"Living Wall","player_choice":"Forget","floor":4.0,"gold_loss":0.0,"damage_taken":0.0},{"damage_healed":0.0,"max_hp_gain":0.0,"max_hp_loss":0.0,"gold_gain":0.0,"event_name":"WeMeetAgain","player_choice":"Gave Potion","floor":21.0,"gold_loss":0.0,"damage_taken":0.0,"relics_obtained":["Molten Egg 2"]},{"damage_healed":0.0,"max_hp_gain":0.0,"max_hp_loss":0.0,"gold_gain":0.0,"event_name":"Designer","player_choice":"Upgraded Two","floor":28.0,"gold_loss":40.0,"damage_taken":0.0,"cards_upgraded":["A Thousand Cuts","Strike_G"]}],"is_beta":false,"boss_relics":[{"not_picked":["Astrolabe","WristBlade"],"picked":"Ectoplasm"}],"items_purged_floors":[],"is_endless":false,"potions_floor_spawned":[3,6,12,13,18,22,31],"killed_by":"Champ","ascension_level":1}