{"gold_per_floor":[114,39,52,127,11,46,60,80,103,24,24,54,70,80,80,154,154,167,12,12,62,12,12,0,0,23,23,38,38,38],"floor_reached":30,"playtime":1114,"items_purged":["Strike_B"],"score":457,"play_id":"65b1b382-db3f-4de6-b5fa-9f583636dfb3","local_time":"20190719000028","is_ascension_mode":true,"campfire_choices":[{"floor":11,"key":"REST"},{"floor":15,"key":"REST"},{"data":"Defragment","floor":23,"key":"SMITH"},{"floor":25,"key":"REST"},{"data":"Zap","floor":27,"key":"SMITH"}],"neow_cost":"NONE","seed_source_timestamp":12678646677387,"circlet_count":0,"master_deck":["AscendersBane","Strike_B+1","Defend_B+1","Defend_B+1","Defend_B+1","Defend_B+1","Zap+1","Dualcast","Redo","Genetic Algorithm","Capacitor","Lockon+1","White Noise","Defragment+1","Hologram","Self Repair","Sweeping Beam","Coolheaded","Amplify","Doom and Gloom","White Noise","Undo","Go for the Eyes","Machine Learning","Seek"],"relics":["FrozenCore","NeowsBlessing","Whetstone","Omamori","Bronze Scales","Blood Vial"],"potions_floor_usage":[12,16,28],"damage_taken":[{"damage":0,"enemies":"2 Louse","floor":1,"turns":1},{"damage":0,"enemies":"Jaw Worm","floor":3,"turns":1},{"damage":0,"enemies":"Gremlin Nob","floor":6,"turns":1},{"damage":5,"enemies":"Cultist","floor":7,"turns":3},{"damage":20,"enemies":"3 Louse","floor":8,"turns":3},{"damage":27,"enemies":"3 Sentries","floor":12,"turns":9},{"damage":16,"enemies":"Blue Slaver","floor":13,"turns":3},{"damage":10,"enemies":"2 Fungi Beasts","floor":14,"turns":4},{"damage":17,"enemies":"The Guardian","floor":16,"turns":10},{"damage":17,"enemies":"Shell Parasite","floor":18,"turns":10},{"damage":32,"enemies":"2 Thieves","floor":24,"turns":5},{"damage":27,"enemies":"Sentry and Sphere","floor":28,"turns":5},{"damage":34,"enemies":"Slavers","floor":30,"turns":1}],"seed_played":"5070147047392803207","potions_obtained":[{"floor":1,"key":"Ancient Potion"},{"floor":6,"key":"PowerPotion"},{"floor":13,"key":"FocusPotion"},{"floor":16,"key":"Swift Potion"}],"is_trial":false,"path_per_floor":["M","?","M","?","$","E","M","M","T","$","R","E","M","M","R","B",null,"M","$","?","?","?","R","M","R","T","R","M","?","E"],"character_chosen":"DEFECT","items_purchased":["Capacitor","Lockon","Self Repair","White Noise"],"campfire_rested":3,"item_purchase_floors":[5,5,10,19],"current_hp_per_floor":[64,64,64,53,53,53,48,28,28,28,49,29,20,24,45,35,62,59,59,59,59,59,59,34,55,55,55,30,30,0],"gold":38,"neow_bonus":"THREE_ENEMY_KILL","is_prod":false,"is_daily":false,"chose_seed":false,"campfire_upgraded":2,"win_rate":0,"timestamp":1563458428,"path_taken":["M","?","M","?","?","E","M","M","T","$","R","E","?","M","R","BOSS","M","$","?","?","?","R","?","R","T","R","M","?","E"],"build_version":"2019-07-17","purchased_purges":1,"victory":false,"max_hp_per_floor":[71,71,71,71,71,71,71,71,71,71,71,71,71,71,71,71,71,71,71,71,71,71,71,71,71,71,71,71,71,71],"card_choices":[{"not_picked":["Go for the Eyes","Barrage"],"picked":"Redo","floor":1},{"not_picked":["Hologram","Go for the Eyes"],"picked":"Genetic Algorithm","floor":3},{"not_picked":["Genetic Algorithm","Cold Snap"],"picked":"White Noise","floor":6},{"not_picked":["Ball Lightning","Darkness"],"picked":"Defragment","floor":7},{"not_picked":["Steam Power","Leap"],"picked":"Hologram","floor":8},{"not_picked":["Storm","Reinforced Body"],"picked":"Sweeping Beam","floor":12},{"not_picked":["Blizzard","Beam Cell"],"picked":"Coolheaded","floor":13},{"not_picked":["Coolheaded","Static Discharge"],"picked":"Fusion","floor":14},{"not_picked":["Reboot","Fission"],"picked":"Amplify","floor":16},{"not_picked":["Barrage","Hello World"],"picked":"Doom and Gloom","floor":18},{"not_picked":["Glacier","Blizzard"],"picked":"Undo","floor":24},{"not_picked":["Stack","Turbo"],"picked":"Go for the Eyes","floor":28}],"player_experience":1039986,"relics_obtained":[{"floor":6,"key":"Whetstone"},{"floor":9,"key":"Omamori"},{"floor":12,"key":"Bronze Scales"},{"floor":26,"key":"Blood Vial"}],"event_choices":[{"cards_removed":["Strike_B"],"damage_healed":0,"gold_gain":0,"player_choice":"Card Removal","damage_taken":0,"max_hp_gain":0,"max_hp_loss":0,"event_name":"The Cleric","floor":2,"gold_loss":75},{"damage_healed":0,"gold_gain":75,"player_choice":"Gather Gold","damage_taken":11,"max_hp_gain":0,"max_hp_loss":0,"event_name":"World of Goop","floor":4,"gold_loss":0},{"damage_healed":0,"gold_gain":0,"player_choice":"Simplicity","damage_taken":0,"max_hp_gain":0,"max_hp_loss":0,"event_name":"Back to Basics","floor":20,"gold_loss":0,"cards_upgraded":["Strike_B","Defend_B","Defend_B","Defend_B","Defend_B"]},{"damage_healed":0,"gold_gain":50,"player_choice":"Stole From Cult","damage_taken":0,"max_hp_gain":0,"max_hp_loss":0,"event_name":"Nest","floor":21,"gold_loss":0},{"damage_healed":0,"gold_gain":0,"player_choice":"Bet on Owner","damage_taken":0,"max_hp_gain":0,"max_hp_loss":0,"event_name":"The Joust","floor":22,"gold_loss":50},{"damage_healed":0,"gold_gain":0,"cards_transformed":["Fusion","Strike_B"],"player_choice":"Became Test Subject","damage_taken":0,"max_hp_gain":0,"max_hp_loss":0,"event_name":"Drug Dealer","floor":29,"gold_loss":0,"cards_obtained":["Machine Learning","Seek"]}],"is_beta":false,"boss_relics":[{"not_picked":["White Beast Statue","Busted Crown"],"picked":"FrozenCore"}],"items_purged_floors":[19],"is_endless":false,"potions_floor_spawned":[1,6,13,16],"killed_by":"Slavers","ascension_level":15}