{"gold_per_floor":[114,130,130,130,130,164,180,209,209,219,219],"floor_reached":11,"playtime":482,"items_purged":[],"score":166,"play_id":"09170556-5615-43bd-b55f-ac7b504a08dc","local_time":"20190826172455","is_ascension_mode":true,"campfire_choices":[],"neow_cost":"NONE","seed_source_timestamp":2599265260912995,"circlet_count":0,"master_deck":["AscendersBane","Strike_B","Strike_B","Strike_B","Defend_B","Defend_B","Defend_B","Defend_B","Zap","Dualcast","Sweeping Beam+1","FTL","Lockon","Streamline","Biased Cognition","Glacier"],"relics":["Cracked Core","Oddly Smooth Stone","Letter Opener","Symbiotic Virus","Darkstone Periapt"],"potions_floor_usage":[11,11],"damage_taken":[{"damage":0,"enemies":"Jaw Worm","floor":1,"turns":4},{"damage":0,"enemies":"2 Louse","floor":2,"turns":3},{"damage":22,"enemies":"3 Sentries","floor":6,"turns":5},{"damage":0,"enemies":"Small Slimes","floor":7,"turns":2},{"damage":30,"enemies":"Gremlin Nob","floor":8,"turns":4},{"damage":7,"enemies":"3 Louse","floor":10,"turns":2},{"damage":16,"enemies":"Lagavulin","floor":11,"turns":4}],"seed_played":"8913376827387655808","potions_obtained":[{"floor":7,"key":"SkillPotion"},{"floor":8,"key":"Block Potion"}],"is_trial":false,"path_per_floor":["M","M","?","?","?","E","M","E","T","M","E"],"character_chosen":"DEFECT","items_purchased":[],"campfire_rested":0,"item_purchase_floors":[],"current_hp_per_floor":[64,64,57,57,71,49,49,19,19,12,0],"gold":219,"neow_bonus":"RANDOM_COMMON_RELIC","is_prod":false,"is_daily":false,"chose_seed":false,"campfire_upgraded":0,"win_rate":0,"timestamp":1566854695,"path_taken":["M","M","?","?","?","E","?","E","T","M","E"],"build_version":"2019-07-17","purchased_purges":0,"victory":false,"max_hp_per_floor":[71,71,71,71,71,71,71,71,71,71,71],"card_choices":[{"not_picked":["Cold Snap","Coolheaded"],"picked":"Sweeping Beam","floor":1},{"not_picked":["Gash","Tempest"],"picked":"FTL","floor":2},{"not_picked":["Aggregate","Gash"],"picked":"Lockon","floor":6},{"not_picked":["Capacitor","Multi-Cast"],"picked":"Streamline","floor":7},{"not_picked":["Genetic Algorithm","Storm"],"picked":"Biased Cognition","floor":8},{"not_picked":["Beam Cell","Gash"],"picked":"Glacier","floor":10}],"player_experience":1865623,"relics_obtained":[{"floor":6,"key":"Letter Opener"},{"floor":8,"key":"Symbiotic Virus"},{"floor":9,"key":"Darkstone Periapt"}],"event_choices":[{"cards_removed":["Strike_B"],"damage_healed":0,"gold_gain":0,"player_choice":"Card Removal","damage_taken":7,"max_hp_gain":0,"max_hp_loss":0,"event_name":"Golden Wing","floor":3,"gold_loss":0},{"damage_healed":0,"gold_gain":0,"player_choice":"Grow","damage_taken":0,"max_hp_gain":0,"max_hp_loss":0,"event_name":"Living Wall","floor":4,"gold_loss":0,"cards_upgraded":["Sweeping Beam"]},{"damage_healed":14,"gold_gain":0,"player_choice":"Full Heal","damage_taken":0,"max_hp_gain":0,"max_hp_loss":0,"event_name":"Wheel of Change","floor":5,"gold_loss":0}],"is_beta":false,"boss_relics":[],"items_purged_floors":[],"is_endless":false,"potions_floor_spawned":[7,8],"killed_by":"Lagavulin","ascension_level":20}