{"path_per_floor":["M","?","?","$","M","R","M","$","T","M","M","?","E","M","R","B",null,"M","M","?","?","$","R","M","$","T","R","M","E","M","?","R"],"character_chosen":"THE_SILENT","items_purchased":["Prayer Wheel","Die Die Die","Dagger Throw","Happy Flower","Dagger Throw","Dexterity Potion"],"gold_per_floor":[366,441,441,60,72,72,86,34,116,130,150,150,184,204,204,305,305,318,332,332,332,53,53,68,16,85,85,104,132,146,146,146,146],"floor_reached":33,"campfire_rested":4,"playtime":1954,"current_hp_per_floor":[33,22,22,22,22,43,43,43,43,42,42,42,24,24,45,29,70,54,54,54,54,54,70,70,70,70,70,52,18,6,6,27,0],"items_purged":["Defend_G","Strike_G"],"gold":146,"score":307,"play_id":"2307afc6-c57e-497e-9019-fb77b76af919","local_time":"20180405154044","is_prod":false,"is_daily":false,"is_ascension_mode":true,"campfire_upgraded":1,"timestamp":1522957244,"path_taken":["M","?","?","$","M","R","M","$","T","M","M","?","E","M","R","BOSS","M","M","?","?","$","R","M","?","T","R","M","E","M","?","R","BOSS"],"build_version":"2018-03-29v2","purchased_purges":2,"victory":false,"master_deck":["Defend_G","Defend_G","Defend_G","Strike_G","Strike_G","Strike_G","Survivor","Neutralize","Sucker Punch","Expertise","Die Die Die","Flying Knee","Cloak And Dagger","Dagger Throw","Phantasmal Killer+1","PiercingWail","Flying Knee","Skewer","Backflip","Tactician","Escape Plan","Deflect+1","Dagger Throw","Predator+1","Quick Slash","Dagger Spray+1","Skewer+1","Underhanded Strike","Decay"],"max_hp_per_floor":[70,70,70,70,70,70,70,70,70,70,70,70,70,70,70,70,70,70,70,70,70,70,70,70,70,70,70,70,70,70,70,70,70],"relics":["Ring of the Snake","Prayer Wheel","Tiny Chest","Mercury Hourglass","Runic Dome","Dodecahedron","Happy Flower","Bottled Lightning","Bag of Preparation"],"card_choices":[{"not_picked":["Dagger Spray","Prepared"],"picked":"Sucker Punch","floor":1},{"not_picked":["Infinite Blades","Quick Slash"],"picked":"Flying Knee","floor":5},{"not_picked":["Expertise","Predator"],"picked":"Cloak And Dagger","floor":7},{"not_picked":["Flying Knee","Masterful Stab"],"picked":"Phantasmal Killer","floor":9},{"not_picked":["Caltrops","Noxious Fumes"],"picked":"PiercingWail","floor":10},{"not_picked":["Setup","Expertise"],"picked":"Flying Knee","floor":11},{"not_picked":["Eviscerate","Backstab"],"picked":"Skewer","floor":13},{"not_picked":["Bouncing Flask","All Out Attack"],"picked":"Backflip","floor":14},{"not_picked":["After Image","Unload"],"picked":"Tactician","floor":16},{"not_picked":["Flying Knee","PiercingWail"],"picked":"Escape Plan","floor":18},{"not_picked":["Dagger Spray","Bane"],"picked":"Deflect","floor":19},{"not_picked":["Prepared","Flying Knee"],"picked":"Predator","floor":24},{"not_picked":["Bane","Tactician"],"picked":"Quick Slash","floor":26},{"not_picked":["Dagger Throw","Flying Knee"],"picked":"Dagger Spray","floor":28},{"not_picked":["Wraith Form","Masterful Stab"],"picked":"Skewer","floor":29},{"not_picked":["Infinite Blades","Flying Knee"],"picked":"Underhanded Strike","floor":30}],"player_experience":170413,"potions_floor_usage":[16,19,33,33,33],"damage_taken":[{"damage":2,"enemies":"Jaw Worm","floor":1,"turns":5},{"damage":0,"enemies":"2 Louse","floor":5,"turns":1},{"damage":0,"enemies":"Cultist","floor":7,"turns":3},{"damage":1,"enemies":"Looter","floor":10,"turns":3},{"damage":0,"enemies":"3 Louse","floor":11,"turns":2},{"damage":18,"enemies":"3 Sentries","floor":13,"turns":5},{"damage":0,"enemies":"Gremlin Gang","floor":14,"turns":3},{"damage":16,"enemies":"Slime Boss","floor":16,"turns":8},{"damage":16,"enemies":"Shell Parasite","floor":18,"turns":4},{"damage":0,"enemies":"Chosen","floor":19,"turns":4},{"damage":0,"enemies":"Snecko","floor":24,"turns":3},{"damage":18,"enemies":"Centurion and Healer","floor":28,"turns":3},{"damage":34,"enemies":"Slavers","floor":29,"turns":2},{"damage":12,"enemies":"Chosen and Byrds","floor":30,"turns":3},{"damage":38,"enemies":"Champ","floor":33,"turns":6}],"event_choices":[{"event_name":"World of Goop","player_choice":"Gather Gold","floor":2,"damage_taken":0},{"event_name":"Living Wall","player_choice":"Change","floor":3,"damage_taken":0},{"event_name":"Liars Game","player_choice":"disagreed","floor":12,"damage_taken":0},{"event_name":"Back to Basics","player_choice":"Elegance","floor":20,"damage_taken":0},{"event_name":"The Mausoleum","player_choice":"Yes","floor":21,"damage_taken":0},{"event_name":"Forgotten Altar","player_choice":"Smashed Altar","floor":31,"damage_taken":0}],"boss_relics":[{"not_picked":["Tiny House","White Beast Statue"],"picked":"Runic Dome"}],"potions_floor_spawned":[11,13,16,18,28],"seed_played":"-7890220982373538993","killed_by":"Champ","ascension_level":3,"is_trial":false}