{"gold_per_floor":[210,223,242,259,259,259,289,301,328,328],"floor_reached":10,"playtime":498,"items_purged":[],"score":140,"play_id":"7ab7e855-561b-4d8d-b248-63fe82f67544","local_time":"20190506130438","is_ascension_mode":true,"campfire_choices":[{"data":"Neutralize","floor":6,"key":"SMITH"}],"neow_cost":"NONE","seed_source_timestamp":1046876000552527,"circlet_count":0,"master_deck":["AscendersBane","Defend_G","Defend_G","Defend_G","Defend_G","Defend_G","Strike_G","Strike_G","Strike_G","Strike_G","Strike_G","Survivor","Neutralize+1","Footwork","Cloak And Dagger","Masterful Stab","Blade Dance","Sucker Punch"],"relics":["Ring of the Snake","Sundial"],"potions_floor_usage":[4,10],"damage_taken":[{"damage":1,"enemies":"Small Slimes","floor":1,"turns":6},{"damage":0,"enemies":"Jaw Worm","floor":2,"turns":6},{"damage":1,"enemies":"Cultist","floor":3,"turns":6},{"damage":2,"enemies":"2 Fungi Beasts","floor":4,"turns":5},{"damage":42,"enemies":"Gremlin Nob","floor":7,"turns":6},{"damage":0,"enemies":"Red Slaver","floor":8,"turns":3},{"damage":13,"enemies":"Lagavulin","floor":10,"turns":5}],"seed_played":"-466962791900709873","potions_obtained":[{"floor":3,"key":"Explosive Potion"},{"floor":7,"key":"AttackPotion"}],"is_trial":false,"path_per_floor":["M","M","M","M","?","R","E","M","T","E"],"character_chosen":"THE_SILENT","items_purchased":[],"campfire_rested":0,"item_purchase_floors":[],"current_hp_per_floor":[58,58,57,55,55,55,13,13,13,0],"gold":328,"neow_bonus":"HUNDRED_GOLD","is_prod":false,"is_daily":false,"chose_seed":false,"campfire_upgraded":1,"win_rate":0,"timestamp":1557162278,"path_taken":["M","M","M","M","?","R","E","M","T","E"],"build_version":"2019-01-23","purchased_purges":0,"victory":false,"max_hp_per_floor":[66,66,66,66,66,66,66,66,66,66],"card_choices":[{"not_picked":["Acrobatics","Escape Plan"],"picked":"Footwork","floor":1},{"not_picked":["Backflip","Expertise","Eviscerate"],"picked":"SKIP","floor":2},{"not_picked":["Infinite Blades","Dodge and Roll"],"picked":"Cloak And Dagger","floor":3},{"not_picked":["Escape Plan","Well Laid Plans"],"picked":"Masterful Stab","floor":4},{"not_picked":["Acrobatics","Prepared"],"picked":"Blade Dance","floor":7},{"not_picked":["Dagger Spray","Bane"],"picked":"Sucker Punch","floor":8}],"player_experience":1473150,"relics_obtained":[{"floor":7,"key":"Sundial"}],"event_choices":[{"damage_healed":0,"gold_gain":0,"player_choice":"Ignored","damage_taken":0,"max_hp_gain":0,"max_hp_loss":0,"event_name":"Liars Game","floor":5,"gold_loss":0}],"is_beta":false,"boss_relics":[],"items_purged_floors":[],"is_endless":false,"potions_floor_spawned":[3,7],"killed_by":"Lagavulin","ascension_level":20}