{"gold_per_floor":[118,132,132,143,131,131,30,59,59,59,59,134,134,145,145,145],"floor_reached":16,"playtime":481,"items_purged":["Strike_B"],"score":150,"play_id":"b6d893de-211f-4f8f-9b37-4ee742329cb5","local_time":"20181105230218","is_ascension_mode":true,"campfire_choices":[{"floor":11,"key":"REST"},{"data":"Sunder","floor":13,"key":"SMITH"},{"floor":15,"key":"REST"}],"neow_cost":"NONE","seed_source_timestamp":790069534337061,"circlet_count":0,"master_deck":["AscendersBane","Strike_B","Strike_B","Defend_B","Defend_B","Defend_B","Defend_B","Zap","Dualcast","Amplify","Double Energy","Defragment+1","Machine Learning","Stack","Sunder+1","Loop"],"relics":["Cracked Core","Centennial Puzzle","Mummified Hand"],"potions_floor_usage":[5,8],"damage_taken":[{"damage":3,"enemies":"Jaw Worm","floor":1,"turns":4},{"damage":7,"enemies":"2 Louse","floor":2,"turns":4},{"damage":0,"enemies":"Small Slimes","floor":4,"turns":3},{"damage":12,"enemies":"Exordium Thugs","floor":5,"turns":4},{"damage":29,"enemies":"3 Sentries","floor":8,"turns":8},{"damage":17,"enemies":"Lots of Slimes","floor":14,"turns":4},{"damage":26,"enemies":"The Guardian","floor":16,"turns":2}],"seed_played":"5225874319205296610","potions_obtained":[{"floor":2,"key":"Block Potion"},{"floor":4,"key":"Block Potion"}],"is_trial":false,"path_per_floor":["M","M","?","M","M","?","$","E","T","?","R","?","R","M","R","B"],"character_chosen":"DEFECT","items_purchased":["Stack"],"campfire_rested":2,"item_purchase_floors":[7],"current_hp_per_floor":[65,58,51,51,39,39,39,10,10,10,32,21,21,4,26,0],"gold":145,"neow_bonus":"ONE_RANDOM_RARE_CARD","is_prod":false,"is_daily":false,"chose_seed":false,"campfire_upgraded":1,"win_rate":0,"timestamp":1541476938,"path_taken":["M","M","?","M","M","?","$","E","T","?","R","?","R","M","R","BOSS"],"build_version":"2018-11-01","purchased_purges":1,"victory":false,"max_hp_per_floor":[75,75,75,75,75,75,75,75,75,75,75,75,75,75,75,75],"card_choices":[{"not_picked":["Beam Cell","Ball Lightning"],"picked":"Double Energy","floor":1},{"not_picked":["Steam","Compile Driver"],"picked":"Defragment","floor":2},{"not_picked":["Tempest","Go for the Eyes","Stack"],"picked":"SKIP","floor":4},{"not_picked":["Streamline","Hologram"],"picked":"Machine Learning","floor":5},{"not_picked":["Compile Driver","Redo"],"picked":"Sunder","floor":8},{"not_picked":["Rebound","Doom and Gloom"],"picked":"Loop","floor":14}],"player_experience":628345,"relics_obtained":[{"floor":8,"key":"Centennial Puzzle"},{"floor":9,"key":"Mummified Hand"}],"event_choices":[{"cards_removed":["Strike_B"],"damage_healed":0,"gold_gain":0,"player_choice":"Card Removal","damage_taken":7,"max_hp_gain":0,"max_hp_loss":0,"event_name":"Golden Wing","floor":3,"gold_loss":0},{"damage_healed":0,"gold_gain":0,"player_choice":"Grow","damage_taken":0,"max_hp_gain":0,"max_hp_loss":0,"event_name":"Living Wall","floor":6,"gold_loss":0,"cards_upgraded":["Defragment"]},{"damage_healed":0,"gold_gain":0,"player_choice":"Ignored","damage_taken":0,"max_hp_gain":0,"max_hp_loss":0,"event_name":"Shining Light","floor":10,"gold_loss":0},{"damage_healed":0,"gold_gain":75,"player_choice":"Gather Gold","damage_taken":11,"max_hp_gain":0,"max_hp_loss":0,"event_name":"World of Goop","floor":12,"gold_loss":0}],"is_beta":false,"boss_relics":[],"items_purged_floors":[7],"is_endless":false,"potions_floor_spawned":[2,4],"killed_by":"The Guardian","ascension_level":10}