{"gold_per_floor":[212,225,13,13,188,188,216,216,239,69,69,69,86,111,111,206,206,217,237,248,261,261],"floor_reached":22,"playtime":1083,"items_purged":["Strike_R"],"score":213,"play_id":"52bbe5ad-3207-414c-9ed3-eae701c6623c","local_time":"20190421190855","is_ascension_mode":true,"campfire_choices":[{"data":"Bash","floor":6,"key":"SMITH"},{"floor":8,"key":"REST"},{"data":"Offering","floor":15,"key":"SMITH"}],"neow_cost":"NONE","seed_source_timestamp":13313792898853,"circlet_count":0,"master_deck":["Strike_R","Strike_R","Strike_R","Strike_R","Defend_R","Defend_R","Defend_R+1","Defend_R","Bash+1","Spot Weakness+1","Inflame","Rampage+1","Shrug It Off","Iron Wave","Doubt","Spot Weakness","Offering+1","Pommel Strike","Regret","Bloodletting","Clothesline","Offering","Blood for Blood","Heavy Blade+1","Dual Wield","Rampage"],"relics":["Burning Blood","Juzu Bracelet","Vajra","Dream Catcher","Pantograph","Sozu"],"potions_floor_usage":[14,16,20],"damage_taken":[{"damage":0,"enemies":"Small Slimes","floor":1,"turns":3},{"damage":6,"enemies":"Cultist","floor":2,"turns":4},{"damage":32,"enemies":"3 Sentries","floor":7,"turns":9},{"damage":4,"enemies":"Jaw Worm","floor":13,"turns":3},{"damage":17,"enemies":"Lagavulin","floor":14,"turns":5},{"damage":52,"enemies":"The Guardian","floor":16,"turns":8},{"damage":18,"enemies":"Spheric Guardian","floor":18,"turns":3},{"damage":22,"enemies":"3 Byrds","floor":19,"turns":5},{"damage":33,"enemies":"Centurion and Healer","floor":20,"turns":5},{"damage":15,"enemies":"Shelled Parasite and Fungi","floor":21,"turns":2},{"damage":18,"enemies":"3 Cultists","floor":22,"turns":3}],"seed_played":"-2549349745692259406","potions_obtained":[{"floor":7,"key":"Weak Potion"},{"floor":13,"key":"LiquidBronze"},{"floor":16,"key":"SpeedPotion"}],"is_trial":false,"path_per_floor":["M","M","$","?","?","R","E","R","T","$","?","?","M","E","R","B",null,"M","M","M","M","M"],"character_chosen":"IRONCLAD","items_purchased":["Rampage","Shrug It Off","Iron Wave","Offering","Pommel Strike"],"campfire_rested":1,"item_purchase_floors":[3,3,3,10,10],"current_hp_per_floor":[80,80,80,64,64,64,38,62,62,62,62,62,64,53,53,32,80,68,52,25,16,0],"gold":261,"neow_bonus":"HUNDRED_GOLD","is_prod":false,"is_daily":false,"chose_seed":false,"campfire_upgraded":2,"win_rate":0,"timestamp":1555837735,"path_taken":["M","M","$","?","?","R","E","R","T","$","?","?","M","E","R","BOSS","M","M","M","M","M"],"build_version":"2019-01-23","purchased_purges":1,"victory":false,"max_hp_per_floor":[80,80,80,80,80,80,80,80,80,80,80,80,80,80,80,80,80,80,80,80,80,80],"card_choices":[{"not_picked":["Iron Wave","Flame Barrier"],"picked":"Spot Weakness","floor":1},{"not_picked":["Sword Boomerang","Hemokinesis"],"picked":"Inflame","floor":2},{"not_picked":["Thunderclap","Clothesline"],"picked":"Spot Weakness","floor":7},{"not_picked":["Pommel Strike","Dual Wield"],"picked":"Bloodletting","floor":13},{"not_picked":["Rupture","Cleave"],"picked":"Clothesline","floor":14},{"not_picked":["Immolate","Brutality"],"picked":"Offering","floor":16},{"not_picked":["Sword Boomerang+1","Clothesline"],"picked":"Blood for Blood","floor":18},{"not_picked":["Thunderclap","Cleave"],"picked":"Heavy Blade+1","floor":19},{"not_picked":["Corruption+1","Rage"],"picked":"Dual Wield","floor":20},{"not_picked":["Corruption","Thunderclap+1"],"picked":"Rampage","floor":21}],"player_experience":391934,"relics_obtained":[{"floor":7,"key":"Juzu Bracelet"},{"floor":9,"key":"Vajra"},{"floor":14,"key":"Pantograph"}],"event_choices":[{"damage_healed":0,"gold_gain":0,"player_choice":"Entered Light","damage_taken":16,"max_hp_gain":0,"max_hp_loss":0,"event_name":"Shining Light","floor":4,"gold_loss":0,"cards_upgraded":["Spot Weakness","Defend_R"]},{"damage_healed":0,"gold_gain":175,"player_choice":"AGREE","damage_taken":0,"max_hp_gain":0,"max_hp_loss":0,"event_name":"Liars Game","floor":5,"gold_loss":0,"cards_obtained":["Doubt"]},{"damage_healed":0,"gold_gain":0,"player_choice":"Upgraded","damage_taken":0,"max_hp_gain":0,"max_hp_loss":0,"event_name":"Upgrade Shrine","floor":11,"gold_loss":0,"cards_upgraded":["Rampage"]},{"damage_healed":0,"gold_gain":0,"player_choice":"Box","damage_taken":0,"relics_obtained":["Dream Catcher"],"max_hp_gain":0,"max_hp_loss":0,"event_name":"Big Fish","floor":12,"gold_loss":0,"cards_obtained":["Regret"]}],"is_beta":false,"boss_relics":[{"not_picked":["Fusion Hammer","Runic Pyramid"],"picked":"Sozu"}],"items_purged_floors":[3],"is_endless":false,"potions_floor_spawned":[7,13,16,19],"killed_by":"3 Cultists","ascension_level":2}