{"gold_per_floor":[112,262,276,551,566,566,579,590,643,655,655,688,688,688,688,760,760,775,46,46],"floor_reached":20,"playtime":1355,"items_purged":["Scrape"],"score":313,"play_id":"7c3f827d-75a4-4d5e-8793-a7fa654e0afc","local_time":"20190808003751","is_ascension_mode":true,"campfire_choices":[{"data":"Defragment","floor":6,"key":"SMITH"},{"floor":11,"key":"REST"},{"data":"Zap","floor":13,"key":"SMITH"},{"floor":15,"key":"REST"}],"neow_cost":"NONE","seed_source_timestamp":71678341413801,"circlet_count":0,"master_deck":["AscendersBane","Zap+1","Dualcast","Defragment+1","Hologram","Compile Driver+1","Glacier","Doom and Gloom","Creative AI","Amplify","BootSequence","Streamline","Glacier","Steam","Hologram","Meteor Strike","Stack","Sweeping Beam","Core Surge"],"relics":["Cracked Core","Vajra","Whetstone","Cables","Pandora\u0027s Box","ClockworkSouvenir","Gremlin Horn"],"potions_floor_usage":[10,12,12],"damage_taken":[{"damage":0,"enemies":"2 Louse","floor":1,"turns":2},{"damage":2,"enemies":"Jaw Worm","floor":3,"turns":3},{"damage":3,"enemies":"Cultist","floor":5,"turns":3},{"damage":17,"enemies":"Blue Slaver","floor":7,"turns":3},{"damage":12,"enemies":"Exordium Thugs","floor":8,"turns":6},{"damage":3,"enemies":"Gremlin Gang","floor":10,"turns":4},{"damage":17,"enemies":"Lagavulin","floor":12,"turns":9},{"damage":33,"enemies":"The Guardian","floor":16,"turns":11},{"damage":26,"enemies":"3 Byrds","floor":18,"turns":4},{"damage":32,"enemies":"Masked Bandits","floor":20,"turns":4}],"seed_played":"-1604239244113586389","potions_obtained":[{"floor":1,"key":"SteroidPotion"},{"floor":3,"key":"Explosive Potion"},{"floor":10,"key":"Block Potion"}],"is_trial":false,"path_per_floor":["M","?","M","?","M","R","M","M","T","M","R","E","R","?","R","B",null,"M","$","?"],"character_chosen":"DEFECT","items_purchased":["ClockworkSouvenir","Core Surge","Gremlin Horn"],"campfire_rested":2,"item_purchase_floors":[19,19,19],"current_hp_per_floor":[64,64,62,62,59,59,42,30,30,27,48,31,31,31,52,19,58,32,32,0],"gold":46,"neow_bonus":"RANDOM_COMMON_RELIC","is_prod":false,"is_daily":false,"chose_seed":false,"campfire_upgraded":2,"win_rate":0,"timestamp":1565188671,"path_taken":["M","?","M","?","M","R","M","?","T","M","R","E","R","?","R","BOSS","M","$","?"],"build_version":"2019-07-17","purchased_purges":1,"victory":false,"max_hp_per_floor":[71,71,71,71,71,71,71,71,71,71,71,71,71,71,71,71,71,71,71,71],"card_choices":[{"not_picked":["Storm","Steam"],"picked":"Defragment","floor":1},{"not_picked":["Reprogram","Blizzard"],"picked":"Hologram","floor":3},{"not_picked":["Steam","Redo"],"picked":"Compile Driver","floor":5},{"not_picked":["Compile Driver","Turbo"],"picked":"Glacier","floor":7},{"not_picked":["Redo","Turbo"],"picked":"Doom and Gloom","floor":8},{"not_picked":["Conserve Battery","Redo"],"picked":"Creative AI","floor":10},{"not_picked":["Storm","Steam Power","Rebound"],"picked":"SKIP","floor":12},{"not_picked":["Machine Learning","Creative AI"],"picked":"Amplify","floor":16},{"not_picked":["Hello World","Redo"],"picked":"Sweeping Beam","floor":18}],"player_experience":1160280,"relics_obtained":[{"floor":9,"key":"Whetstone"},{"floor":12,"key":"Cables"}],"event_choices":[{"damage_healed":0,"gold_gain":150,"player_choice":"AGREE","damage_taken":0,"max_hp_gain":0,"max_hp_loss":0,"event_name":"Liars Game","floor":2,"gold_loss":0,"cards_obtained":["Doubt"]},{"damage_healed":0,"gold_gain":275,"player_choice":"Desecrate","damage_taken":0,"max_hp_gain":0,"max_hp_loss":0,"event_name":"Golden Shrine","floor":4,"gold_loss":0,"cards_obtained":["Regret"]},{"cards_removed":["Regret","Doubt"],"damage_healed":0,"gold_gain":0,"player_choice":"Removed Curses","damage_taken":0,"max_hp_gain":0,"max_hp_loss":0,"event_name":"Fountain of Cleansing","floor":14,"gold_loss":0},{"damage_healed":0,"gold_gain":0,"player_choice":"Fought Bandits","damage_taken":0,"max_hp_gain":0,"max_hp_loss":0,"event_name":"Masked Bandits","floor":20,"gold_loss":0}],"is_beta":false,"boss_relics":[{"not_picked":["Busted Crown","Calling Bell"],"picked":"Pandora\u0027s Box"}],"items_purged_floors":[19],"is_endless":false,"potions_floor_spawned":[1,3,7,10],"killed_by":"Masked Bandits","ascension_level":16}