{"gold_per_floor":[19,319,335,335,349,388,413,437,437,437,68,91,126,144,144,269,269,294,310,331,70,20,20,36,70,93,111,111,193,193,227,227,346,346,362,309,309,14,37,37],"floor_reached":40,"playtime":1613,"items_purged":["Regret"],"score":466,"play_id":"be6ed544-5f3b-484e-ad30-31ebee4f1b17","local_time":"20190328041451","is_ascension_mode":false,"campfire_choices":[{"floor":10,"key":"REST"},{"floor":15,"key":"RECALL"},{"data":"Armaments","floor":23,"key":"SMITH"},{"floor":28,"key":"REST"},{"data":"Berserk","floor":32,"key":"SMITH"}],"neow_cost":"NO_GOLD","seed_source_timestamp":62656876018387,"circlet_count":0,"master_deck":["Strike_R","Strike_R","Strike_R","Strike_R","Strike_R","Defend_R","Defend_R","Defend_R","Defend_R","Bash","Pommel Strike","Blood for Blood","Injury","Armaments+1","Cleave","Shockwave","Thunderclap","Inflame","Flex","Sever Soul","Shrug It Off","Intimidate","Flame Barrier","Pommel Strike","Berserk+1","Blood for Blood","Fire Breathing+1","Power Through+1","Blood for Blood","Anger+1","Doubt","Warcry","Shame","Flex","Barricade","Second Wind+1","Pain","Metallicize","Perfected Strike+1"],"relics":["Burning Blood","Incense Burner","Old Coin","Golden Idol","Du-Vu Doll","Odd Mushroom","Unceasing Top","Red Skull","Potion Belt","Cursed Key","Kunai","Letter Opener","Mercury Hourglass","Red Mask","Sozu","Juzu Bracelet","WarpedTongs","Lantern"],"potions_floor_usage":[5,6,13,20,20,27,33],"damage_taken":[{"damage":20,"enemies":"Small Slimes","floor":1,"turns":4},{"damage":8,"enemies":"Jaw Worm","floor":3,"turns":3},{"damage":0,"enemies":"2 Louse","floor":5,"turns":1},{"damage":30,"enemies":"Lagavulin","floor":6,"turns":8},{"damage":24,"enemies":"The Mushroom Lair","floor":7,"turns":4},{"damage":2,"enemies":"Exordium Wildlife","floor":8,"turns":3},{"damage":0,"enemies":"Exordium Thugs","floor":12,"turns":5},{"damage":6,"enemies":"Gremlin Nob","floor":13,"turns":4},{"damage":0,"enemies":"Lots of Slimes","floor":14,"turns":1},{"damage":48,"enemies":"Hexaghost","floor":16,"turns":8},{"damage":15,"enemies":"Shell Parasite","floor":18,"turns":5},{"damage":5,"enemies":"Chosen","floor":19,"turns":4},{"damage":4,"enemies":"Centurion and Healer","floor":20,"turns":6},{"damage":27,"enemies":"Snecko","floor":24,"turns":6},{"damage":17,"enemies":"Book of Stabbing","floor":25,"turns":5},{"damage":36,"enemies":"Sentry and Sphere","floor":27,"turns":4},{"damage":0,"enemies":"Masked Bandits","floor":31,"turns":2},{"damage":21,"enemies":"Champ","floor":33,"turns":10},{"damage":18,"enemies":"Orb Walker","floor":35,"turns":3},{"damage":35,"enemies":"3 Shapes","floor":39,"turns":4},{"damage":47,"enemies":"Giant Head","floor":40,"turns":7}],"seed_played":"-3368697494101730782","potions_obtained":[{"floor":1,"key":"Regen Potion"},{"floor":3,"key":"Explosive Potion"},{"floor":7,"key":"Swift Potion"},{"floor":18,"key":"SkillPotion"},{"floor":19,"key":"Weak Potion"},{"floor":25,"key":"Dexterity Potion"},{"floor":31,"key":"Poison Potion"}],"is_trial":false,"path_per_floor":["M","?","M","?","M","E","?","M","T","R","$","M","E","M","R","B",null,"M","M","M","$","?","R","M","E","T","M","R","T","?","?","R","B",null,"M","?","?","$","M","E"],"character_chosen":"IRONCLAD","items_purchased":["Red Skull","Inflame","Flex","Sever Soul","Shrug It Off","Kunai","Lantern","Metallicize"],"campfire_rested":2,"item_purchase_floors":[11,11,11,11,11,21,38,38],"current_hp_per_floor":[66,66,64,64,70,51,33,37,37,61,61,67,67,73,73,31,80,71,72,74,74,74,74,53,42,42,12,36,36,62,68,68,53,80,68,68,68,68,39,0],"gold":37,"neow_bonus":"ONE_RARE_RELIC","is_prod":false,"is_daily":false,"chose_seed":false,"campfire_upgraded":2,"win_rate":0,"timestamp":1553710491,"path_taken":["M","?","M","?","M","E","?","?","T","R","?","?","E","M","R","BOSS","M","M","M","$","?","R","?","E","T","M","R","?","?","?","R","BOSS","M","?","?","$","M","E"],"build_version":"2019-01-23","purchased_purges":1,"victory":false,"max_hp_per_floor":[80,80,80,80,80,80,80,80,80,80,80,80,80,80,80,80,80,80,80,80,80,80,80,80,80,80,80,80,80,80,80,80,80,80,80,80,80,80,80,80],"card_choices":[{"not_picked":["Pummel","Cleave"],"picked":"Pommel Strike","floor":1},{"not_picked":["Iron Wave","Havoc"],"picked":"Blood for Blood","floor":3},{"not_picked":["Flex","Rupture"],"picked":"Armaments","floor":5},{"not_picked":["Whirlwind","Thunderclap"],"picked":"Cleave","floor":6},{"not_picked":["Battle Trance","Headbutt"],"picked":"Shockwave","floor":7},{"not_picked":["Searing Blow","Power Through"],"picked":"Thunderclap","floor":8},{"not_picked":["Immolate","Searing Blow"],"picked":"Intimidate","floor":12},{"not_picked":["True Grit","Whirlwind"],"picked":"Flame Barrier","floor":13},{"not_picked":["Flex","True Grit"],"picked":"Pommel Strike","floor":14},{"not_picked":["Reaper","Offering"],"picked":"Berserk","floor":16},{"not_picked":["Warcry","Twin Strike"],"picked":"Blood for Blood","floor":18},{"not_picked":["Armaments","Pommel Strike"],"picked":"Fire Breathing+1","floor":19},{"not_picked":["Metallicize","Pommel Strike"],"picked":"Power Through+1","floor":20},{"not_picked":["Uppercut","Twin Strike"],"picked":"Blood for Blood","floor":24},{"not_picked":["Juggernaut","Sentinel+1"],"picked":"Anger+1","floor":25},{"not_picked":["Iron Wave","Twin Strike"],"picked":"Warcry","floor":27},{"not_picked":["Cleave","Iron Wave"],"picked":"Flex","floor":31},{"not_picked":["Offering","Exhume"],"picked":"Barricade","floor":33},{"not_picked":["Armaments","Shockwave"],"picked":"Second Wind+1","floor":35},{"not_picked":["Twin Strike","Flex+1"],"picked":"Perfected Strike+1","floor":39}],"player_experience":227100,"relics_obtained":[{"floor":6,"key":"Du-Vu Doll"},{"floor":7,"key":"Odd Mushroom"},{"floor":9,"key":"Unceasing Top"},{"floor":13,"key":"Potion Belt"},{"floor":25,"key":"Letter Opener"},{"floor":29,"key":"Mercury Hourglass"},{"floor":31,"key":"Red Mask"}],"event_choices":[{"damage_healed":0,"gold_gain":0,"player_choice":"Box","damage_taken":0,"relics_obtained":["Old Coin"],"max_hp_gain":0,"max_hp_loss":0,"event_name":"Big Fish","floor":2,"gold_loss":0,"cards_obtained":["Regret"]},{"damage_healed":0,"gold_gain":0,"player_choice":"Take Wound","damage_taken":0,"relics_obtained":["Golden Idol"],"max_hp_gain":0,"max_hp_loss":0,"event_name":"Golden Idol","floor":4,"gold_loss":0,"cards_obtained":["Injury"]},{"damage_healed":0,"gold_gain":0,"player_choice":"Fought Mushrooms","damage_taken":0,"max_hp_gain":0,"max_hp_loss":0,"event_name":"Mushrooms","floor":7,"gold_loss":0},{"damage_healed":0,"gold_gain":0,"player_choice":"Bet on Murderer","damage_taken":0,"max_hp_gain":0,"max_hp_loss":0,"event_name":"The Joust","floor":22,"gold_loss":50},{"damage_healed":26,"gold_gain":0,"player_choice":"Heal","damage_taken":0,"max_hp_gain":0,"max_hp_loss":0,"event_name":"The Library","floor":30,"gold_loss":0},{"damage_healed":0,"gold_gain":0,"player_choice":"Fought Bandits","damage_taken":0,"max_hp_gain":0,"max_hp_loss":0,"event_name":"Masked Bandits","floor":31,"gold_loss":0},{"damage_healed":0,"gold_gain":0,"player_choice":"Paid Gold","damage_taken":0,"relics_obtained":["Juzu Bracelet"],"max_hp_gain":0,"max_hp_loss":0,"event_name":"WeMeetAgain","floor":36,"gold_loss":53},{"damage_healed":0,"gold_gain":0,"player_choice":"Rummage","damage_taken":0,"relics_obtained":["WarpedTongs"],"max_hp_gain":0,"max_hp_loss":0,"event_name":"Accursed Blacksmith","floor":37,"gold_loss":0,"cards_obtained":["Pain"]}],"is_beta":false,"boss_relics":[{"not_picked":["Fusion Hammer","Philosopher\u0027s Stone"],"picked":"Cursed Key"},{"not_picked":["Runic Dome","Black Star"],"picked":"Sozu"}],"items_purged_floors":[38],"is_endless":false,"potions_floor_spawned":[1,3,7,18,19,25,31,39],"killed_by":"Giant Head","ascension_level":0}