{"gold_per_floor":[118,118,130,146,146,146,162,162,162,162,173,193,193,193,193,193],"floor_reached":16,"playtime":617,"items_purged":[],"score":133,"play_id":"4c05bfbc-0082-4cc3-ad5c-80f2b43ba1ec","local_time":"20181026221654","is_ascension_mode":true,"campfire_choices":[{"data":"Skewer","floor":6,"key":"SMITH"},{"data":"Tactician","floor":8,"key":"SMITH"},{"data":"Neutralize","floor":10,"key":"SMITH"},{"data":"Leg Sweep","floor":13,"key":"SMITH"},{"floor":15,"key":"REST"}],"neow_cost":"NONE","seed_source_timestamp":27117789251837,"circlet_count":0,"master_deck":["Defend_G","Defend_G","Defend_G","Defend_G","Defend_G","Strike_G","Strike_G","Strike_G","Strike_G","Survivor","Neutralize+1","Skewer+1","Tactician+1","Leg Sweep+1","Heel Hook","Flying Knee","Blur"],"relics":["Ring of the Snake","Bottled Flame","Ginger"],"potions_floor_usage":[7,16],"damage_taken":[{"damage":5,"enemies":"Jaw Worm","floor":1,"turns":7},{"damage":0,"enemies":"Cultist","floor":3,"turns":3},{"damage":1,"enemies":"Small Slimes","floor":4,"turns":3},{"damage":9,"enemies":"Gremlin Gang","floor":7,"turns":7},{"damage":11,"enemies":"Exordium Wildlife","floor":11,"turns":3},{"damage":0,"enemies":"Looter","floor":12,"turns":2},{"damage":60,"enemies":"Hexaghost","floor":16,"turns":16}],"seed_played":"6816890067933119397","potions_obtained":[{"floor":2,"key":"SmokeBomb"},{"floor":2,"key":"Energy Potion"},{"floor":2,"key":"PowerPotion"},{"floor":11,"key":"Weak Potion"}],"is_trial":false,"path_per_floor":["M","?","M","M","?","R","M","R","T","R","M","M","R","?","R"],"character_chosen":"THE_SILENT","items_purchased":[],"campfire_rested":1,"item_purchase_floors":[],"current_hp_per_floor":[65,65,65,64,57,57,48,48,48,48,37,37,37,37,60,0],"gold":193,"neow_bonus":"TEN_PERCENT_HP_BONUS","is_prod":false,"is_daily":false,"chose_seed":false,"campfire_upgraded":4,"win_rate":0,"timestamp":1540606614,"path_taken":["M","?","M","?","?","R","M","R","T","R","M","M","R","?","R","BOSS"],"build_version":"2018-10-25v2","purchased_purges":0,"victory":false,"max_hp_per_floor":[77,77,77,77,77,77,77,77,77,77,77,77,77,77,77,77],"card_choices":[{"not_picked":["Deadly Poison","PiercingWail"],"picked":"Skewer","floor":1},{"not_picked":["Reflex","Choke"],"picked":"Tactician","floor":3},{"not_picked":["Sucker Punch","Flechettes"],"picked":"Leg Sweep","floor":4},{"not_picked":["Flying Knee","Dagger Spray"],"picked":"Heel Hook","floor":7},{"not_picked":["Blade Dance","Distraction"],"picked":"Flying Knee","floor":11},{"not_picked":["Flechettes","Dagger Spray"],"picked":"Blur","floor":12}],"player_experience":553816,"relics_obtained":[{"floor":9,"key":"Bottled Flame"}],"event_choices":[{"damage_healed":0,"gold_gain":0,"player_choice":"Got Potions","damage_taken":0,"max_hp_gain":0,"max_hp_loss":0,"event_name":"The Lab","floor":2,"gold_loss":0},{"cards_removed":["Strike_G"],"damage_healed":0,"gold_gain":0,"player_choice":"Card Removal","damage_taken":7,"max_hp_gain":0,"max_hp_loss":0,"event_name":"Golden Wing","floor":5,"gold_loss":0},{"damage_healed":0,"gold_gain":0,"player_choice":"Gave Potion","damage_taken":0,"relics_obtained":["Ginger"],"max_hp_gain":0,"max_hp_loss":0,"event_name":"WeMeetAgain","floor":14,"gold_loss":0}],"is_beta":false,"boss_relics":[],"items_purged_floors":[],"is_endless":false,"potions_floor_spawned":[3,11],"killed_by":"Hexaghost","ascension_level":9}