{"gold_per_floor":[117,133,149,119,135,135,167,167,238,248,423,423,104,121,121,198,198,218,233,148,148,48,48,77,89],"floor_reached":25,"playtime":1689,"items_purged":["Doubt","Strike_G"],"score":376,"play_id":"1a28e477-09b4-4152-a0b0-892511486e96","local_time":"20181219221738","is_ascension_mode":true,"campfire_choices":[{"data":"Flechettes","floor":6,"key":"SMITH"},{"data":"Blur","floor":8,"key":"SMITH"},{"floor":15,"key":"REST"},{"data":"Dagger Throw","floor":23,"key":"SMITH"}],"neow_cost":"NONE","seed_source_timestamp":527471424867186,"circlet_count":0,"master_deck":["AscendersBane","Defend_G+1","Defend_G","Defend_G","Defend_G","Defend_G","Strike_G","Strike_G","Strike_G+1","Survivor","Neutralize","Sucker Punch","Flechettes+1","Blur+1","Dagger Throw+1","Terror","Deflect","Backflip+1","True Grit+1","Adrenaline+1","Chill+1","Redo+1"],"relics":["Ring of the Snake","Thread and Needle","Toxic Egg 2","PrismaticShard","Runic Dome","Ancient Tea Set","Enchiridion","MawBank"],"potions_floor_usage":[7,7,25,25],"damage_taken":[{"damage":0,"enemies":"2 Louse","floor":1,"turns":5},{"damage":0,"enemies":"Small Slimes","floor":2,"turns":3},{"damage":0,"enemies":"Jaw Worm","floor":3,"turns":4},{"damage":3,"enemies":"Looter","floor":4,"turns":4},{"damage":4,"enemies":"Blue Slaver","floor":5,"turns":4},{"damage":27,"enemies":"Lagavulin","floor":7,"turns":9},{"damage":9,"enemies":"Lots of Slimes","floor":10,"turns":7},{"damage":0,"enemies":"Exordium Thugs","floor":14,"turns":6},{"damage":15,"enemies":"The Guardian","floor":16,"turns":18},{"damage":0,"enemies":"Shell Parasite","floor":18,"turns":5},{"damage":0,"enemies":"3 Byrds","floor":19,"turns":9},{"damage":2,"enemies":"Book of Stabbing","floor":24,"turns":8},{"damage":43,"enemies":"Cultist and Chosen","floor":25,"turns":12}],"seed_played":"-5062140467285297318","potions_obtained":[{"floor":2,"key":"Ancient Potion"},{"floor":3,"key":"Regen Potion"},{"floor":19,"key":"GamblersBrew"},{"floor":24,"key":"Swift Potion"}],"is_trial":false,"path_per_floor":["M","M","M","M","M","R","E","R","T","M","?","?","$","M","R","B",null,"M","M","?","?","$","R","E","M"],"character_chosen":"THE_SILENT","items_purchased":["PrismaticShard","Backflip+1"],"campfire_rested":1,"item_purchase_floors":[13,13],"current_hp_per_floor":[59,59,59,56,52,52,40,40,40,31,31,18,18,18,37,22,55,55,55,55,39,39,39,37,0],"gold":89,"neow_bonus":"REMOVE_CARD","is_prod":false,"is_daily":false,"chose_seed":false,"campfire_upgraded":3,"win_rate":0,"timestamp":1545275858,"path_taken":["M","M","M","M","M","R","E","R","T","M","?","?","$","M","R","BOSS","M","M","?","?","$","R","E","M"],"build_version":"2018-12-13","purchased_purges":2,"victory":false,"max_hp_per_floor":[66,66,66,66,66,66,66,66,66,66,66,66,66,66,66,66,66,66,66,66,66,66,66,66,66],"card_choices":[{"not_picked":["Bane","Crippling Poison"],"picked":"Sucker Punch","floor":1},{"not_picked":["Predator","Calculated Gamble"],"picked":"Flechettes","floor":2},{"not_picked":["Infinite Blades","Masterful Stab"],"picked":"Blur","floor":3},{"not_picked":["Underhanded Strike","Flying Knee"],"picked":"Dagger Throw","floor":4},{"not_picked":["Dagger Spray","Dagger Throw"],"picked":"Terror","floor":5},{"not_picked":["Flying Knee","Well Laid Plans"],"picked":"Deflect","floor":7},{"not_picked":["Well Laid Plans","Bane","Blade Dance+1"],"picked":"SKIP","floor":10},{"not_picked":["Pommel Strike","Heavy Blade"],"picked":"True Grit+1","floor":14},{"not_picked":["Offering+1","Night Terror+1"],"picked":"Adrenaline+1","floor":16},{"not_picked":["True Grit+1","Hello World"],"picked":"Chill+1","floor":18},{"not_picked":["Outmaneuver+1","Stack+1"],"picked":"Redo+1","floor":19},{"not_picked":["Bullet Time+1","Choke","Slice"],"picked":"SKIP","floor":24}],"player_experience":911378,"relics_obtained":[{"floor":7,"key":"Thread and Needle"},{"floor":9,"key":"Toxic Egg 2"},{"floor":21,"key":"Enchiridion"},{"floor":24,"key":"MawBank"}],"event_choices":[{"damage_healed":0,"gold_gain":175,"player_choice":"AGREE","damage_taken":0,"max_hp_gain":0,"max_hp_loss":0,"event_name":"Liars Game","floor":11,"gold_loss":0,"cards_obtained":["Doubt"]},{"damage_healed":0,"gold_gain":0,"player_choice":"Entered Light","damage_taken":13,"max_hp_gain":0,"max_hp_loss":0,"event_name":"Shining Light","floor":12,"gold_loss":0,"cards_upgraded":["Strike_G","Defend_G"]},{"damage_healed":0,"gold_gain":0,"player_choice":"Obtained Relic","damage_taken":0,"relics_obtained":["Ancient Tea Set"],"max_hp_gain":0,"max_hp_loss":0,"event_name":"Addict","floor":20,"gold_loss":85},{"damage_healed":0,"gold_gain":0,"player_choice":"Obtained Book","damage_taken":16,"max_hp_gain":0,"max_hp_loss":0,"event_name":"Cursed Tome","floor":21,"gold_loss":0}],"is_beta":false,"boss_relics":[{"not_picked":["HoveringKite","Snecko Eye"],"picked":"Runic Dome"}],"items_purged_floors":[13,22],"is_endless":false,"potions_floor_spawned":[2,3,5,19,24],"killed_by":"Cultist and Chosen","ascension_level":14}