{"gold_per_floor":[113,113,136,149,1,41,41,54,54,54,95,109,109,124,124,244,244,257,157,172,197,197,197,197],"floor_reached":24,"playtime":1234,"items_purged":["Strike_G","Strike_G"],"score":322,"play_id":"f2f95d14-b656-425c-9c88-15cd94ec60b2","local_time":"20181201175958","is_ascension_mode":true,"campfire_choices":[{"data":"Skewer","floor":7,"key":"SMITH"},{"data":"Dagger Throw","floor":10,"key":"SMITH"},{"floor":15,"key":"REST"},{"floor":23,"key":"REST"}],"neow_cost":"NONE","seed_source_timestamp":68551042813264,"circlet_count":0,"master_deck":["AscendersBane","Defend_G","Defend_G","Defend_G","Defend_G","Defend_G","Strike_G","Strike_G","Survivor","Neutralize","Skewer+1","Acrobatics","Eviscerate","Dagger Throw+1","Flying Knee","Cloak And Dagger","Prepared","Unload","Reflex","Tools of the Trade+1","Eviscerate","Infinite Blades+1"],"relics":["Ring of the Snake","Golden Idol","Du-Vu Doll","Mango","Frozen Egg 2","HoveringKite"],"potions_floor_usage":[4,11,14,16,21],"damage_taken":[{"damage":1,"enemies":"Cultist","floor":1,"turns":4},{"damage":0,"enemies":"2 Louse","floor":3,"turns":4},{"damage":1,"enemies":"Jaw Worm","floor":4,"turns":3},{"damage":26,"enemies":"3 Sentries","floor":6,"turns":11},{"damage":12,"enemies":"Exordium Wildlife","floor":8,"turns":4},{"damage":25,"enemies":"Gremlin Nob","floor":11,"turns":4},{"damage":3,"enemies":"Blue Slaver","floor":12,"turns":3},{"damage":2,"enemies":"Large Slime","floor":14,"turns":5},{"damage":36,"enemies":"Hexaghost","floor":16,"turns":11},{"damage":18,"enemies":"Shell Parasite","floor":18,"turns":5},{"damage":12,"enemies":"Chosen","floor":20,"turns":3},{"damage":28,"enemies":"Snake Plant","floor":21,"turns":4},{"damage":32,"enemies":"Snecko","floor":24,"turns":3}],"seed_played":"-1364940181328668449","potions_obtained":[{"floor":1,"key":"AttackPotion"},{"floor":4,"key":"FairyPotion"},{"floor":6,"key":"Poison Potion"},{"floor":12,"key":"FearPotion"},{"floor":14,"key":"SkillPotion"},{"floor":18,"key":"Weak Potion"},{"floor":21,"key":"Fire Potion"}],"is_trial":false,"path_per_floor":["M","?","M","M","$","E","R","M","T","R","E","M","?","M","R","B",null,"M","$","M","M","?","R","M"],"character_chosen":"THE_SILENT","items_purchased":["Flying Knee","Cloak And Dagger"],"campfire_rested":2,"item_purchase_floors":[5,5],"current_hp_per_floor":[62,62,62,61,61,35,35,23,37,37,12,9,9,7,30,1,60,42,42,30,2,2,25,0],"gold":197,"neow_bonus":"THREE_CARDS","is_prod":false,"is_daily":false,"chose_seed":false,"campfire_upgraded":2,"win_rate":0,"timestamp":1543705198,"path_taken":["M","?","M","M","$","E","R","M","T","R","E","M","?","M","R","BOSS","M","$","M","M","?","R","?"],"build_version":"2018-11-15","purchased_purges":2,"victory":false,"max_hp_per_floor":[70,65,65,65,65,65,65,65,79,79,79,79,79,79,79,79,79,79,79,79,79,79,79,79],"card_choices":[{"not_picked":["Bane","Dagger Spray"],"picked":"Skewer","floor":0},{"not_picked":["Distraction","Setup"],"picked":"Acrobatics","floor":1},{"not_picked":["Underhanded Strike","Heel Hook"],"picked":"Eviscerate","floor":3},{"not_picked":["Poisoned Stab","Dagger Spray"],"picked":"Dagger Throw","floor":4},{"not_picked":["Accuracy","Blade Dance","Quick Slash"],"picked":"SKIP","floor":6},{"not_picked":["Noxious Fumes","Cloak And Dagger","Poisoned Stab"],"picked":"SKIP","floor":8},{"not_picked":["Dagger Throw","Eviscerate"],"picked":"Prepared","floor":11},{"not_picked":["Dagger Throw","Dodge and Roll"],"picked":"Unload","floor":12},{"not_picked":["Poisoned Stab","Cloak And Dagger"],"picked":"Reflex","floor":14},{"not_picked":["Doppelganger","Burst"],"picked":"Tools of the Trade+1","floor":16},{"not_picked":["Setup","Outmaneuver","Masterful Stab"],"picked":"SKIP","floor":18},{"not_picked":["Heel Hook","Poisoned Stab+1","Setup"],"picked":"SKIP","floor":20},{"not_picked":["Accuracy+1","Heel Hook"],"picked":"Eviscerate","floor":21}],"player_experience":740288,"relics_obtained":[{"floor":6,"key":"Du-Vu Doll"},{"floor":9,"key":"Mango"},{"floor":11,"key":"Frozen Egg 2"}],"event_choices":[{"damage_healed":0,"gold_gain":0,"player_choice":"Lose Max HP","damage_taken":0,"relics_obtained":["Golden Idol"],"max_hp_gain":0,"max_hp_loss":5,"event_name":"Golden Idol","floor":2,"gold_loss":0},{"damage_healed":0,"gold_gain":0,"player_choice":"Bought 0 Potions","damage_taken":0,"max_hp_gain":0,"max_hp_loss":0,"event_name":"The Woman in Blue","floor":13,"gold_loss":0},{"damage_healed":0,"gold_gain":0,"cards_transformed":["Strike_G"],"player_choice":"Transformed","damage_taken":0,"max_hp_gain":0,"max_hp_loss":0,"event_name":"Transmorgrifier","floor":22,"gold_loss":0,"cards_obtained":["Infinite Blades"]}],"is_beta":false,"boss_relics":[{"not_picked":["Runic Dome","WristBlade"],"picked":"HoveringKite"}],"items_purged_floors":[5,19],"is_endless":false,"potions_floor_spawned":[1,4,6,12,14,18,21],"killed_by":"Snecko","ascension_level":11}