{"gold_per_floor":[209,227,227,227,19,54,129,129,152,152,178,194,213,12,12,91,91,108,108,119,119],"floor_reached":21,"playtime":1320,"items_purged":[],"score":374,"play_id":"2cee67c5-85d8-4a4e-b766-35c1d51bac07","local_time":"20190506030315","is_ascension_mode":true,"campfire_choices":[{"data":"Bouncing Flask","floor":8,"key":"SMITH"},{"floor":10,"key":"REST"},{"floor":15,"key":"REST"}],"neow_cost":"NONE","seed_source_timestamp":1009967674806615,"circlet_count":0,"master_deck":["AscendersBane","Defend_G","Defend_G","Defend_G","Defend_G","Defend_G","Strike_G","Strike_G","Strike_G","Strike_G","Strike_G","Survivor","Neutralize+1","Bouncing Flask+1","Riddle With Holes","Well Laid Plans","Flying Knee","Slice","Bouncing Flask","Cloak And Dagger","Backflip","Glass Knife","Adrenaline","Noxious Fumes","Cloak And Dagger","Backflip","PiercingWail","Dash","Backstab"],"relics":["Ring of the Snake","Snake Skull","Dodecahedron","Blood Vial","Pen Nib","Orrery"],"potions_floor_usage":[6,6,6,21],"damage_taken":[{"damage":0,"enemies":"2 Louse","floor":1,"turns":5},{"damage":13,"enemies":"Small Slimes","floor":2,"turns":5},{"damage":6,"enemies":"Gremlin Nob","floor":6,"turns":3},{"damage":30,"enemies":"3 Sentries","floor":11,"turns":8},{"damage":1,"enemies":"Jaw Worm","floor":12,"turns":3},{"damage":0,"enemies":"3 Louse","floor":13,"turns":2},{"damage":37,"enemies":"Slime Boss","floor":16,"turns":11},{"damage":26,"enemies":"3 Byrds","floor":18,"turns":5},{"damage":13,"enemies":"2 Thieves","floor":20,"turns":3},{"damage":22,"enemies":"Shelled Parasite and Fungi","floor":21,"turns":1}],"seed_played":"112075471461088923","potions_obtained":[{"floor":1,"key":"EntropicBrew"},{"floor":2,"key":"Strength Potion"},{"floor":18,"key":"Energy Potion"}],"is_trial":false,"path_per_floor":["M","M","?","?","$","E","?","R","T","R","E","M","M","$","R","B",null,"M","?","M","M"],"character_chosen":"THE_SILENT","items_purchased":["Snake Skull","Well Laid Plans","Backflip","Glass Knife"],"campfire_rested":2,"item_purchase_floors":[5,5,14,14],"current_hp_per_floor":[59,46,46,46,46,40,29,29,29,48,20,21,23,23,42,7,51,27,27,16,0],"gold":119,"neow_bonus":"HUNDRED_GOLD","is_prod":false,"is_daily":false,"chose_seed":false,"campfire_upgraded":1,"win_rate":0,"timestamp":1557126195,"path_taken":["M","M","?","?","$","E","?","R","T","R","E","M","M","?","R","BOSS","M","?","M","?"],"build_version":"2019-01-23","purchased_purges":0,"victory":false,"max_hp_per_floor":[66,66,66,66,66,66,66,66,66,66,66,66,66,66,66,66,66,66,66,66,66],"card_choices":[{"not_picked":["Slice","Bane"],"picked":"Bouncing Flask","floor":1},{"not_picked":["PiercingWail","Deflect"],"picked":"Riddle With Holes","floor":2},{"not_picked":["Caltrops","Concentrate"],"picked":"Flying Knee","floor":6},{"not_picked":["Bane","Caltrops"],"picked":"Slice","floor":11},{"not_picked":["Backflip","Tactician"],"picked":"Bouncing Flask","floor":12},{"not_picked":["Dagger Throw","Blade Dance"],"picked":"Cloak And Dagger","floor":13},{"not_picked":["Corpse Explosion","Grand Finale"],"picked":"Adrenaline","floor":16},{"not_picked":["Deflect","Dagger Throw"],"picked":"Noxious Fumes","floor":17},{"not_picked":["Sucker Punch","Prepared"],"picked":"Cloak And Dagger","floor":17},{"not_picked":["Distraction","Sucker Punch"],"picked":"Backflip","floor":17},{"not_picked":["Deadly Poison","Acrobatics"],"picked":"PiercingWail","floor":17},{"not_picked":["Bane","Accuracy"],"picked":"Dash","floor":17},{"not_picked":["Noxious Fumes","Burst"],"picked":"Backstab","floor":18},{"not_picked":["Riddle With Holes","Prepared+1","Deadly Poison"],"picked":"SKIP","floor":20}],"player_experience":1443080,"relics_obtained":[{"floor":6,"key":"Dodecahedron"},{"floor":9,"key":"Blood Vial"},{"floor":11,"key":"Pen Nib"}],"event_choices":[{"damage_healed":0,"gold_gain":0,"player_choice":"Grow","damage_taken":0,"max_hp_gain":0,"max_hp_loss":0,"event_name":"Living Wall","floor":3,"gold_loss":0,"cards_upgraded":["Neutralize"]},{"damage_healed":0,"gold_gain":0,"player_choice":"Ignored","damage_taken":0,"max_hp_gain":0,"max_hp_loss":0,"event_name":"Shining Light","floor":4,"gold_loss":0},{"damage_healed":0,"gold_gain":75,"player_choice":"Gather Gold","damage_taken":11,"max_hp_gain":0,"max_hp_loss":0,"event_name":"World of Goop","floor":7,"gold_loss":0},{"damage_healed":0,"gold_gain":0,"player_choice":"Ignored","damage_taken":0,"max_hp_gain":0,"max_hp_loss":0,"event_name":"N\u0027loth","floor":19,"gold_loss":0}],"is_beta":false,"boss_relics":[{"not_picked":["Coffee Dripper","Lizard Tail"],"picked":"Orrery"}],"items_purged_floors":[],"is_endless":false,"potions_floor_spawned":[1,2,18,20],"killed_by":"Shelled Parasite and Fungi","ascension_level":20}