{"gold_per_floor":[111,186,199,212,223,223,254,254,281,281],"floor_reached":10,"playtime":270,"items_purged":[],"score":136,"play_id":"05e6077f-67f9-40a4-aecf-13eff31f7d1a","local_time":"20190828181235","is_ascension_mode":true,"campfire_choices":[{"data":"Beam Cell","floor":6,"key":"SMITH"}],"neow_cost":"NONE","seed_source_timestamp":2775139170041513,"circlet_count":0,"master_deck":["AscendersBane","Strike_B","Strike_B","Strike_B","Strike_B","Defend_B","Defend_B","Defend_B","Defend_B","Zap","Dualcast","Chaos","Streamline","Beam Cell+1","Barrage","Creative AI"],"relics":["Cracked Core","Bronze Scales"],"potions_floor_usage":[],"damage_taken":[{"damage":0,"enemies":"Small Slimes","floor":1,"turns":3},{"damage":2,"enemies":"2 Louse","floor":3,"turns":2},{"damage":2,"enemies":"Cultist","floor":4,"turns":4},{"damage":7,"enemies":"Exordium Thugs","floor":5,"turns":4},{"damage":32,"enemies":"Gremlin Nob","floor":7,"turns":4},{"damage":13,"enemies":"3 Sentries","floor":10,"turns":2}],"seed_played":"5656285927120953354","potions_obtained":[{"floor":3,"key":"FearPotion"},{"floor":4,"key":"Poison Potion"}],"is_trial":false,"path_per_floor":["M","?","M","M","M","R","E","?","T","E"],"character_chosen":"DEFECT","items_purchased":[],"campfire_rested":0,"item_purchase_floors":[],"current_hp_per_floor":[71,60,58,56,49,49,17,6,6,0],"gold":281,"neow_bonus":"TEN_PERCENT_HP_BONUS","is_prod":false,"is_daily":false,"chose_seed":false,"campfire_upgraded":1,"win_rate":0,"timestamp":1567030355,"path_taken":["M","?","M","M","M","R","E","?","T","E"],"build_version":"2019-07-17","purchased_purges":0,"victory":false,"max_hp_per_floor":[78,78,78,78,78,78,78,78,78,78],"card_choices":[{"not_picked":["Steam","Force Field"],"picked":"Chaos","floor":1},{"not_picked":["Turbo","Undo"],"picked":"Streamline","floor":3},{"not_picked":["Gash","Capacitor"],"picked":"Beam Cell","floor":4},{"not_picked":["Go for the Eyes","Recycle"],"picked":"Barrage","floor":5},{"not_picked":["Recycle","Coolheaded"],"picked":"Creative AI","floor":7}],"player_experience":1875754,"relics_obtained":[{"floor":7,"key":"Bronze Scales"}],"event_choices":[{"damage_healed":0,"gold_gain":75,"player_choice":"Gather Gold","damage_taken":11,"max_hp_gain":0,"max_hp_loss":0,"event_name":"World of Goop","floor":2,"gold_loss":0},{"damage_healed":0,"gold_gain":0,"player_choice":"Fled","damage_taken":11,"max_hp_gain":0,"max_hp_loss":0,"event_name":"Scrap Ooze","floor":8,"gold_loss":0}],"is_beta":false,"boss_relics":[],"items_purged_floors":[],"is_endless":false,"potions_floor_spawned":[3,4],"killed_by":"3 Sentries","ascension_level":20}