{"gold_per_floor":[113,113,127,143,153,186,186,221,244,244,3,20,20,30,30,107,107,72,91,91,91,109,109],"floor_reached":23,"playtime":1142,"items_purged":[],"score":380,"play_id":"6c0934a0-f86c-4caf-98fd-72721b712154","local_time":"20190723004739","is_ascension_mode":true,"campfire_choices":[{"floor":7,"key":"REST"},{"floor":10,"key":"REST"},{"data":"Zap","floor":13,"key":"SMITH"},{"data":"Capacitor","floor":15,"key":"SMITH"}],"neow_cost":"NONE","seed_source_timestamp":18001051229283,"circlet_count":0,"master_deck":["AscendersBane","Defend_B","Defend_B","Defend_B","Defend_B","Zap+1","Dualcast","Compile Driver","Auto Shields","Cold Snap","Gash","Cold Snap","Double Energy+1","Conserve Battery+1","Capacitor+1","Undo+1","Seek+1","Tempest+1","Heatsinks","BootSequence+1","Lockon","Bite","Bite","Bite","Bite","Bite","Stack+1"],"relics":["Cracked Core","Toxic Egg 2","Art of War","Oddly Smooth Stone","Strange Spoon","Inserter"],"potions_floor_usage":[6,8,8,16,23],"damage_taken":[{"damage":3,"enemies":"2 Louse","floor":1,"turns":3},{"damage":1,"enemies":"Cultist","floor":3,"turns":3},{"damage":1,"enemies":"Jaw Worm","floor":4,"turns":2},{"damage":7,"enemies":"Blue Slaver","floor":5,"turns":4},{"damage":23,"enemies":"Gremlin Nob","floor":6,"turns":4},{"damage":13,"enemies":"3 Sentries","floor":8,"turns":10},{"damage":2,"enemies":"2 Fungi Beasts","floor":12,"turns":3},{"damage":0,"enemies":"Large Slime","floor":14,"turns":6},{"damage":17,"enemies":"Slime Boss","floor":16,"turns":14},{"damage":30,"enemies":"2 Thieves","floor":18,"turns":5},{"damage":14,"enemies":"Chosen","floor":19,"turns":5},{"damage":29,"enemies":"Shelled Parasite and Fungi","floor":22,"turns":11},{"damage":28,"enemies":"Gremlin Leader","floor":23,"turns":2}],"seed_played":"3622621437766373546","potions_obtained":[{"floor":2,"key":"Poison Potion"},{"floor":2,"key":"EntropicBrew"},{"floor":4,"key":"SteroidPotion"},{"floor":6,"key":"Weak Potion"},{"floor":19,"key":"Fire Potion"}],"is_trial":false,"path_per_floor":["M","?","M","M","M","E","R","E","T","R","$","M","R","M","R","B",null,"M","M","?","?","M","E"],"character_chosen":"DEFECT","items_purchased":["Strange Spoon","Conserve Battery+1"],"campfire_rested":2,"item_purchase_floors":[11,11],"current_hp_per_floor":[68,68,67,66,59,36,59,46,46,69,69,67,67,67,67,50,71,41,27,27,27,18,0],"gold":109,"neow_bonus":"TEN_PERCENT_HP_BONUS","is_prod":false,"is_daily":false,"chose_seed":false,"campfire_upgraded":2,"win_rate":0,"timestamp":1563806859,"path_taken":["M","?","M","M","M","E","R","E","T","R","$","M","R","?","R","BOSS","M","M","?","?","M","E"],"build_version":"2019-07-17","purchased_purges":0,"victory":false,"max_hp_per_floor":[78,78,78,78,78,78,78,78,78,78,78,78,78,78,78,78,78,78,78,78,54,54,54],"card_choices":[{"not_picked":["Turbo","Loop"],"picked":"Compile Driver","floor":1},{"not_picked":["Coolheaded","Redo"],"picked":"Auto Shields","floor":3},{"not_picked":["Fusion","Barrage"],"picked":"Cold Snap","floor":4},{"not_picked":["Stack","Go for the Eyes"],"picked":"Gash","floor":5},{"not_picked":["Fusion","Steam"],"picked":"Cold Snap","floor":6},{"not_picked":["Blizzard","Barrage"],"picked":"Double Energy+1","floor":8},{"not_picked":["Gash","Buffer"],"picked":"Capacitor","floor":12},{"not_picked":["Beam Cell","Heatsinks"],"picked":"Undo+1","floor":14},{"not_picked":["Thunder Strike","Amplify+1"],"picked":"Seek+1","floor":16},{"not_picked":["Redo+1","Compile Driver"],"picked":"Tempest+1","floor":18},{"not_picked":["Cold Snap","Capacitor"],"picked":"Heatsinks","floor":19},{"not_picked":["Steam Power+1","Doom and Gloom"],"picked":"Stack+1","floor":22}],"player_experience":1059370,"relics_obtained":[{"floor":6,"key":"Toxic Egg 2"},{"floor":8,"key":"Art of War"},{"floor":9,"key":"Oddly Smooth Stone"}],"event_choices":[{"damage_healed":0,"gold_gain":0,"player_choice":"Got Potions","damage_taken":0,"max_hp_gain":0,"max_hp_loss":0,"event_name":"Lab","floor":2,"gold_loss":0},{"damage_healed":0,"gold_gain":0,"cards_transformed":["Strike_B","Strike_B"],"player_choice":"Became Test Subject","damage_taken":0,"max_hp_gain":0,"max_hp_loss":0,"event_name":"Drug Dealer","floor":20,"gold_loss":0,"cards_obtained":["BootSequence","Lockon"]},{"damage_healed":0,"gold_gain":0,"player_choice":"Became a vampire","damage_taken":0,"max_hp_gain":0,"max_hp_loss":24,"event_name":"Vampires","floor":21,"gold_loss":0,"cards_obtained":["Bite","Bite","Bite","Bite","Bite"]}],"is_beta":false,"boss_relics":[{"not_picked":["FrozenCore","Orrery"],"picked":"Inserter"}],"items_purged_floors":[],"is_endless":false,"potions_floor_spawned":[4,5,6,12,19],"killed_by":"Gremlin Leader","ascension_level":15}