{"gold_per_floor":[110,127,146,32,32,32,65,75,75,75,109,129,129,144,144,240,240,250,264,27,47,47,47,67,77,77,77,40,50,50,65,65,65],"floor_reached":33,"playtime":2603,"items_purged":["Strike_B"],"score":392,"play_id":"2c43385c-5bbc-40f4-8cc5-fcf2182d5484","local_time":"20181104232741","is_ascension_mode":true,"campfire_choices":[{"data":"Lockon","floor":6,"key":"SMITH"},{"floor":10,"key":"REST"},{"data":"Zap","floor":15,"key":"SMITH"},{"data":"Redo","floor":23,"key":"SMITH"},{"floor":30,"key":"REST"},{"data":"Loop","floor":32,"key":"SMITH"}],"neow_cost":"NONE","seed_source_timestamp":703065148884442,"circlet_count":0,"master_deck":["AscendersBane","Strike_B","Strike_B","Strike_B","Defend_B","Defend_B","Defend_B","Defend_B","Zap+1","Dualcast","Lockon+1","Auto Shields","Go for the Eyes","Loop+1","FTL","Scrape","Chill","Reinforced Body","Seek","Gash","Defragment","Redo+1","Writhe","Chaos","Writhe","Shame","Doom and Gloom","Conserve Battery+1","Self Repair","Loop+1"],"relics":["Cracked Core","Pantograph","Shuriken","Dream Catcher","Cursed Key","DataDisk","Bag of Preparation","Turnip","Pear"],"potions_floor_usage":[7,18,19,19,31],"damage_taken":[{"damage":0,"enemies":"Cultist","floor":1,"turns":3},{"damage":4,"enemies":"Small Slimes","floor":2,"turns":4},{"damage":6,"enemies":"2 Louse","floor":3,"turns":2},{"damage":40,"enemies":"Gremlin Nob","floor":7,"turns":4},{"damage":7,"enemies":"Exordium Wildlife","floor":8,"turns":4},{"damage":17,"enemies":"Lagavulin","floor":11,"turns":6},{"damage":9,"enemies":"Exordium Thugs","floor":12,"turns":6},{"damage":10,"enemies":"Lots of Slimes","floor":14,"turns":3},{"damage":14,"enemies":"The Guardian","floor":16,"turns":9},{"damage":17,"enemies":"Shell Parasite","floor":18,"turns":4},{"damage":2,"enemies":"3 Byrds","floor":19,"turns":8},{"damage":24,"enemies":"Snake Plant","floor":21,"turns":7},{"damage":8,"enemies":"Centurion and Healer","floor":24,"turns":7},{"damage":15,"enemies":"Sentry and Sphere","floor":25,"turns":6},{"damage":14,"enemies":"Snake Plant","floor":29,"turns":4},{"damage":5,"enemies":"Centurion and Healer","floor":31,"turns":10},{"damage":78,"enemies":"Automaton","floor":33,"turns":10}],"seed_played":"-7552589776423343240","potions_obtained":[{"floor":1,"key":"PowerPotion"},{"floor":12,"key":"SpeedPotion"},{"floor":14,"key":"Weak Potion"},{"floor":16,"key":"Regen Potion"},{"floor":19,"key":"Poison Potion"},{"floor":29,"key":"Block Potion"}],"is_trial":false,"path_per_floor":["M","M","M","$","?","R","E","M","T","R","E","M","?","M","R","B",null,"M","M","$","M","?","R","M","M","T","?","$","M","R","M","R","B"],"character_chosen":"DEFECT","items_purchased":["FTL","Gash","DataDisk","Defragment","Doom and Gloom"],"campfire_rested":2,"item_purchase_floors":[4,20,20,20,28],"current_hp_per_floor":[68,64,58,58,58,58,18,11,11,33,16,7,32,22,22,33,65,60,58,58,34,34,34,26,11,11,21,21,7,32,34,34,0],"gold":65,"neow_bonus":"THREE_CARDS","is_prod":false,"is_daily":false,"chose_seed":false,"campfire_upgraded":4,"win_rate":0,"timestamp":1541392061,"path_taken":["M","M","M","$","?","R","E","M","T","R","E","M","?","M","R","BOSS","M","M","$","M","?","R","M","M","T","?","?","?","R","M","R","BOSS"],"build_version":"2018-11-01","purchased_purges":1,"victory":false,"max_hp_per_floor":[75,75,75,75,75,75,75,75,75,75,75,75,75,75,75,75,75,75,75,75,75,75,75,75,75,75,85,85,85,85,85,85,85],"card_choices":[{"not_picked":["Double Energy","Ball Lightning"],"picked":"Lockon","floor":0},{"not_picked":["Static Discharge","Go for the Eyes"],"picked":"Auto Shields","floor":1},{"not_picked":["Turbo","Hologram"],"picked":"Go for the Eyes","floor":2},{"not_picked":["Sunder","Cold Snap"],"picked":"Loop","floor":3},{"not_picked":["Streamline","Barrage"],"picked":"Scrape","floor":7},{"not_picked":["Ball Lightning","Sunder"],"picked":"Chill","floor":8},{"not_picked":["Chaos","Capacitor"],"picked":"Reinforced Body","floor":11},{"not_picked":["Hologram","Streamline","Recycle"],"picked":"SKIP","floor":12},{"not_picked":["Self Repair","Biased Cognition","Ball Lightning"],"picked":"SKIP","floor":14},{"not_picked":["Multi-Cast","Machine Learning"],"picked":"Seek","floor":16},{"not_picked":["Barrage+1","Undo","Skim"],"picked":"SKIP","floor":18},{"not_picked":["Capacitor+1","Compile Driver","Tempest"],"picked":"SKIP","floor":19},{"not_picked":["Ball Lightning","Barrage"],"picked":"Redo","floor":21},{"not_picked":["Tempest","Turbo"],"picked":"Chaos","floor":24},{"not_picked":["Multi-Cast","Stack","Hologram"],"picked":"SKIP","floor":25},{"not_picked":["Leap","Aggregate"],"picked":"Conserve Battery+1","floor":29},{"not_picked":["Heatsinks","Auto Shields"],"picked":"Self Repair","floor":30},{"not_picked":["Amplify","Doom and Gloom"],"picked":"Loop","floor":31}],"player_experience":622578,"relics_obtained":[{"floor":7,"key":"Pantograph"},{"floor":9,"key":"Shuriken"},{"floor":11,"key":"Dream Catcher"},{"floor":26,"key":"Turnip"}],"event_choices":[{"damage_healed":0,"gold_gain":0,"player_choice":"Grow","damage_taken":0,"max_hp_gain":0,"max_hp_loss":0,"event_name":"Living Wall","floor":5,"gold_loss":0,"cards_upgraded":["Loop"]},{"damage_healed":25,"gold_gain":0,"player_choice":"Banana","damage_taken":0,"max_hp_gain":0,"max_hp_loss":0,"event_name":"Big Fish","floor":13,"gold_loss":0},{"damage_healed":0,"gold_gain":0,"player_choice":"Opened","damage_taken":0,"relics_obtained":["Bag of Preparation"],"max_hp_gain":0,"max_hp_loss":0,"event_name":"The Mausoleum","floor":22,"gold_loss":0,"cards_obtained":["Writhe"]},{"damage_healed":0,"gold_gain":0,"player_choice":"Stole Relic","damage_taken":0,"relics_obtained":["Pear"],"max_hp_gain":0,"max_hp_loss":0,"event_name":"Addict","floor":27,"gold_loss":0,"cards_obtained":["Shame"]}],"is_beta":false,"boss_relics":[{"not_picked":["Astrolabe","Velvet Choker"],"picked":"Cursed Key"}],"items_purged_floors":[4],"is_endless":false,"potions_floor_spawned":[1,12,14,16,19,29],"killed_by":"Automaton","ascension_level":10}