{"gold_per_floor":[109,184,184,29,42,42,54,69,92,104,104,124,143,157,157,157],"floor_reached":16,"playtime":683,"items_purged":[],"score":140,"play_id":"3f5bc407-8fef-4073-b540-92b63fa64722","local_time":"20180723135756","is_ascension_mode":true,"campfire_choices":[{"floor":6,"key":"REST"},{"floor":15,"key":"REST"}],"neow_cost":"FIFTY_PERCENT_DAMAGE","seed_source_timestamp":1018028036754063,"circlet_count":0,"master_deck":["Strike_R","Strike_R","Strike_R","Strike_R","Strike_R","Defend_R","Defend_R","Defend_R","Defend_R","Bash","Heavy Blade","Thunderclap","Dropkick","Thunderclap","Twin Strike","Pommel Strike"],"relics":["Burning Blood","Regal Pillow","Oddly Smooth Stone"],"potions_floor_usage":[10,12,14,16],"damage_taken":[{"damage":23,"enemies":"Jaw Worm","floor":1,"turns":4},{"damage":0,"enemies":"2 Louse","floor":5,"turns":3},{"damage":3,"enemies":"Small Slimes","floor":7,"turns":3},{"damage":1,"enemies":"3 Louse","floor":8,"turns":3},{"damage":18,"enemies":"Exordium Thugs","floor":10,"turns":6},{"damage":0,"enemies":"Lots of Slimes","floor":12,"turns":1},{"damage":11,"enemies":"3 Louse","floor":13,"turns":3},{"damage":46,"enemies":"Large Slime","floor":14,"turns":6},{"damage":98,"enemies":"Hexaghost","floor":16,"turns":11}],"seed_played":"8664267430730825317","potions_obtained":[{"floor":7,"key":"Dexterity Potion"},{"floor":8,"key":"SkillPotion"},{"floor":11,"key":"Regen Potion"},{"floor":11,"key":"Explosive Potion"}],"is_trial":false,"path_per_floor":["M","?","?","$","M","R","M","M","T","M","?","M","M","M","R"],"character_chosen":"IRONCLAD","items_purchased":["Regal Pillow"],"campfire_rested":2,"item_purchase_floors":[4],"current_hp_per_floor":[31,20,25,25,31,76,79,84,84,72,72,78,73,48,93,0],"gold":157,"neow_bonus":"TWENTY_PERCENT_HP_BONUS","is_prod":false,"is_daily":false,"chose_seed":false,"campfire_upgraded":0,"win_rate":0,"timestamp":1532368676,"path_taken":["M","?","?","$","?","R","M","M","T","M","?","M","M","M","R","BOSS"],"build_version":"2018-07-19v2","purchased_purges":0,"victory":false,"max_hp_per_floor":[96,96,101,101,101,101,101,101,101,101,101,101,101,101,101,101],"card_choices":[{"not_picked":["Combust","Anger"],"picked":"Heavy Blade","floor":1},{"not_picked":["Perfected Strike","Seeing Red"],"picked":"Thunderclap","floor":5},{"not_picked":["Body Slam","Entrench"],"picked":"Dropkick","floor":7},{"not_picked":["Twin Strike","Shockwave"],"picked":"Thunderclap","floor":8},{"not_picked":["Anger","Body Slam","Sword Boomerang"],"picked":"SKIP","floor":10},{"not_picked":["Body Slam","Feel No Pain","Reckless Charge"],"picked":"SKIP","floor":12},{"not_picked":["Wild Strike","Rupture"],"picked":"Twin Strike","floor":13},{"not_picked":["Armaments","Infernal Blade"],"picked":"Pommel Strike","floor":14}],"player_experience":301993,"relics_obtained":[{"floor":9,"key":"Oddly Smooth Stone"}],"event_choices":[{"event_name":"World of Goop","player_choice":"Gather Gold","floor":2,"damage_taken":0},{"event_name":"Big Fish","player_choice":"Donut","floor":3,"damage_taken":0},{"event_name":"The Lab","player_choice":"Got Potions","floor":11,"damage_taken":0}],"is_beta":false,"boss_relics":[],"items_purged_floors":[],"is_endless":false,"potions_floor_spawned":[7,8],"killed_by":"Hexaghost","ascension_level":4}