{"gold_per_floor":[115,127,52,67,67,67,87,87,164,174,174,184,213,230,230,335,335,349,363,412,412,422,422,422],"floor_reached":24,"playtime":1047,"items_purged":["Pain"],"score":290,"play_id":"e2f87131-1d8f-4b6a-a726-5e474f9e0b19","local_time":"20180823110426","is_ascension_mode":true,"campfire_choices":[{"data":"Clash","floor":6,"key":"SMITH"},{"data":"Seeing Red","floor":8,"key":"SMITH"},{"floor":15,"key":"REST"},{"data":"Feed","floor":23,"key":"SMITH"}],"neow_cost":"CURSE","seed_source_timestamp":321093315800573,"circlet_count":0,"master_deck":["Strike_R","Strike_R+1","Defend_R","Defend_R+1","Bash","Pummel","Fire Breathing","Clash+1","Anger","Shrug It Off","Seeing Red+1","Flex+1","Warcry","Flame Barrier+1","Iron Wave","Feed+1","Clash+1"],"relics":["Burning Blood","Ornamental Fan","Bag of Preparation","Empty Cage","War Paint"],"potions_floor_usage":[16,16,16,22,24],"damage_taken":[{"damage":5,"enemies":"Small Slimes","floor":1,"turns":3},{"damage":13,"enemies":"Jaw Worm","floor":2,"turns":3},{"damage":0,"enemies":"Cultist","floor":4,"turns":2},{"damage":0,"enemies":"3 Louse","floor":7,"turns":3},{"damage":16,"enemies":"Lots of Slimes","floor":10,"turns":4},{"damage":11,"enemies":"Looter","floor":12,"turns":3},{"damage":8,"enemies":"3 Sentries","floor":13,"turns":6},{"damage":5,"enemies":"Red Slaver","floor":14,"turns":2},{"damage":17,"enemies":"Slime Boss","floor":16,"turns":9},{"damage":3,"enemies":"3 Byrds","floor":18,"turns":4},{"damage":10,"enemies":"Shell Parasite","floor":19,"turns":4},{"damage":25,"enemies":"Snake Plant","floor":22,"turns":4},{"damage":74,"enemies":"Book of Stabbing","floor":24,"turns":6}],"seed_played":"-3063073487043358085","potions_obtained":[{"floor":10,"key":"Swift Potion"},{"floor":13,"key":"Energy Potion"},{"floor":14,"key":"EssenceOfSteel"},{"floor":16,"key":"AttackPotion"},{"floor":22,"key":"Fruit Juice"}],"is_trial":false,"path_per_floor":["M","M","$","M","?","R","M","R","T","M","?","M","E","M","R","B",null,"M","M","T","?","M","R"],"character_chosen":"IRONCLAD","items_purchased":[],"campfire_rested":1,"item_purchase_floors":[],"current_hp_per_floor":[73,66,66,72,56,56,62,62,62,52,52,47,45,46,70,59,75,81,77,77,77,58,58,0],"gold":422,"neow_bonus":"TRANSFORM_TWO_CARDS","is_prod":false,"is_daily":false,"chose_seed":false,"campfire_upgraded":3,"win_rate":0,"timestamp":1535036666,"path_taken":["M","M","$","M","?","R","?","R","T","M","?","M","E","M","R","BOSS","M","M","?","?","M","R","E"],"build_version":"2018-08-16","purchased_purges":1,"victory":false,"max_hp_per_floor":[80,80,80,80,80,80,80,80,80,80,80,80,80,80,80,80,80,83,83,83,83,83,83,88],"card_choices":[{"not_picked":["Headbutt","Warcry"],"picked":"Clash","floor":1},{"not_picked":["Iron Wave","Headbutt"],"picked":"Anger","floor":2},{"not_picked":["Wild Strike","Berserk"],"picked":"Shrug It Off","floor":4},{"not_picked":["Dual Wield","Disarm"],"picked":"Seeing Red","floor":7},{"not_picked":["Inflame","Wild Strike"],"picked":"Flex","floor":10},{"not_picked":["Power Through","Armaments"],"picked":"Warcry","floor":12},{"not_picked":["Flex","Anger"],"picked":"Flame Barrier","floor":13},{"not_picked":["Shockwave","Shrug It Off"],"picked":"Iron Wave","floor":14},{"not_picked":["Fiend Fire","Barricade"],"picked":"Feed","floor":16},{"not_picked":["Armaments","Iron Wave","Body Slam"],"picked":"SKIP","floor":18},{"not_picked":["Thunderclap","Armaments","Warcry"],"picked":"SKIP","floor":19},{"not_picked":["Hemokinesis","Twin Strike","Exhume"],"picked":"SKIP","floor":22}],"player_experience":492120,"relics_obtained":[{"floor":9,"key":"Ornamental Fan"},{"floor":13,"key":"Bag of Preparation"},{"floor":20,"key":"War Paint"}],"event_choices":[{"event_name":"Shining Light","player_choice":"Entered Light","floor":5,"damage_taken":0},{"event_name":"Bonfire Elementals","player_choice":"BASIC","floor":11,"damage_taken":0},{"event_name":"Duplicator","player_choice":"One dupe","floor":21,"damage_taken":0}],"is_beta":false,"boss_relics":[{"not_picked":["Cursed Key","Calling Bell"],"picked":"Empty Cage"}],"items_purged_floors":[3],"is_endless":false,"potions_floor_spawned":[10,13,14,16,22],"killed_by":"Book of Stabbing","ascension_level":9}