{"gold_per_floor":[115,129,229,243,259,259,275,275,343,343,360,393,404,416,416,416],"floor_reached":16,"playtime":994,"items_purged":[],"score":175,"play_id":"36c02024-0f21-4289-9f9f-7d0a966ce798","local_time":"20181215175643","is_ascension_mode":true,"campfire_choices":[{"floor":6,"key":"RECALL"},{"floor":15,"key":"REST"}],"neow_cost":"NONE","seed_source_timestamp":166889312346126,"circlet_count":0,"master_deck":["AscendersBane","Defend_G","Defend_G+1","Defend_G","Defend_G","Defend_G","Strike_G","Strike_G+1","Strike_G","Strike_G","Survivor","Neutralize","Underhanded Strike","Sucker Punch","Underhanded Strike","Calculated Gamble","Dagger Throw","Expertise","Escape Plan","Acrobatics","Backstab"],"relics":["Ring of the Snake","Pear","Dead Branch"],"potions_floor_usage":[12,12,13],"damage_taken":[{"damage":2,"enemies":"Jaw Worm","floor":1,"turns":5},{"damage":2,"enemies":"Cultist","floor":2,"turns":5},{"damage":0,"enemies":"2 Louse","floor":4,"turns":2},{"damage":14,"enemies":"Large Slime","floor":5,"turns":10},{"damage":7,"enemies":"Blue Slaver","floor":7,"turns":4},{"damage":3,"enemies":"Looter","floor":11,"turns":3},{"damage":22,"enemies":"3 Sentries","floor":12,"turns":8},{"damage":1,"enemies":"Lots of Slimes","floor":13,"turns":4},{"damage":0,"enemies":"Exordium Thugs","floor":14,"turns":4},{"damage":33,"enemies":"Hexaghost","floor":16,"turns":9}],"seed_played":"4138078177617484771","potions_obtained":[{"floor":5,"key":"GamblersBrew"},{"floor":7,"key":"SteroidPotion"},{"floor":12,"key":"AttackPotion"}],"is_trial":false,"path_per_floor":["M","M","?","M","M","R","M","?","T","?","M","E","M","M","R","B"],"character_chosen":"THE_SILENT","items_purchased":[],"campfire_rested":1,"item_purchase_floors":[],"current_hp_per_floor":[61,59,59,59,45,45,38,38,48,32,29,7,6,6,30,0],"gold":416,"neow_bonus":"REMOVE_CARD","is_prod":false,"is_daily":false,"chose_seed":false,"campfire_upgraded":0,"win_rate":0,"timestamp":1544914603,"path_taken":["M","M","?","M","?","R","M","?","T","?","M","E","M","M","R","BOSS"],"build_version":"2018-12-13","purchased_purges":0,"victory":false,"max_hp_per_floor":[70,70,70,70,70,70,70,70,80,80,80,80,80,80,80,80],"card_choices":[{"not_picked":["Quick Slash","Backflip"],"picked":"Underhanded Strike","floor":1},{"not_picked":["Underhanded Strike","Endless Agony"],"picked":"Sucker Punch","floor":2},{"not_picked":["Masterful Stab","Sucker Punch"],"picked":"Underhanded Strike","floor":4},{"not_picked":["Reflex","Skewer"],"picked":"Calculated Gamble","floor":5},{"not_picked":["PiercingWail","Slice"],"picked":"Dagger Throw","floor":7},{"not_picked":["Cloak And Dagger","Catalyst"],"picked":"Expertise","floor":11},{"not_picked":["Tools of the Trade","Slice"],"picked":"Escape Plan","floor":12},{"not_picked":["PiercingWail","Bouncing Flask"],"picked":"Acrobatics","floor":13},{"not_picked":["Underhanded Strike","Bane"],"picked":"Backstab","floor":14}],"player_experience":872518,"relics_obtained":[{"floor":9,"key":"Pear"},{"floor":12,"key":"Dead Branch"}],"event_choices":[{"damage_healed":0,"gold_gain":100,"player_choice":"Pray","damage_taken":0,"max_hp_gain":0,"max_hp_loss":0,"event_name":"Golden Shrine","floor":3,"gold_loss":0},{"damage_healed":0,"gold_gain":0,"player_choice":"Ignored","damage_taken":0,"max_hp_gain":0,"max_hp_loss":0,"event_name":"Liars Game","floor":8,"gold_loss":0},{"damage_healed":0,"gold_gain":0,"player_choice":"Entered Light","damage_taken":16,"max_hp_gain":0,"max_hp_loss":0,"event_name":"Shining Light","floor":10,"gold_loss":0,"cards_upgraded":["Defend_G","Strike_G"]}],"is_beta":false,"boss_relics":[],"items_purged_floors":[],"is_endless":false,"potions_floor_spawned":[5,7,12],"killed_by":"Hexaghost","ascension_level":13}