{"gold_per_floor":[115,115,127,127,202,202,237,65,112,112,132,132,149,7,7,82,82,101,201,0,10,23,23,33,51,75,91,91,120,120,131,131,210,210,222,33,33,33,46,46,46,46,46,71,71,89,102,137,137,137],"floor_reached":50,"playtime":2584,"items_purged":["Strike_G"],"score":858,"play_id":"adfa3f71-04ea-4455-817e-2cbaec2efa97","local_time":"20190714053019","is_ascension_mode":true,"campfire_choices":[{"data":"Sucker Punch","floor":6,"key":"SMITH"},{"floor":10,"key":"REST"},{"floor":12,"key":"REST"},{"data":"Neutralize","floor":15,"key":"SMITH"},{"data":"Malaise","floor":23,"key":"SMITH"},{"floor":28,"key":"REST"},{"floor":30,"key":"REST"},{"data":"After Image","floor":32,"key":"SMITH"},{"data":"Bouncing Flask","floor":40,"key":"SMITH"},{"data":"Crippling Poison","floor":42,"key":"SMITH"},{"floor":45,"key":"DIG"},{"data":"Envenom","floor":49,"key":"SMITH"}],"neow_cost":"TEN_PERCENT_HP_LOSS","seed_source_timestamp":9513986007702,"circlet_count":0,"master_deck":["AscendersBane","Strike_G","Strike_G","Defend_G","Defend_G","Defend_G+1","Defend_G","Defend_G+1","Survivor","Neutralize+1","Tools of the Trade+1","Sucker Punch+1","Dagger Spray","Infinite Blades","Dagger Throw","Backflip","Acrobatics","Malaise+1","Masterful Stab","Unload","Footwork+1","PiercingWail","Deadly Poison","Tactician+1","All Out Attack","After Image+1","Blur+1","Backflip","Bouncing Flask+1","Envenom+1","Choke","Crippling Poison+1","Secret Weapon","Riddle With Holes","Calculated Gamble"],"relics":["Ring of the Snake","Bag of Marbles","Pen Nib","Snake Skull","Philosopher\u0027s Stone","Bag of Preparation","PreservedInsect","War Paint","Eternal Feather","Boot","Shovel","Ancient Tea Set","Orichalcum","Anchor"],"potions_floor_usage":[7,16,25,27,29,33,33,35,50,50],"damage_taken":[{"damage":6,"enemies":"Jaw Worm","floor":1,"turns":5},{"damage":0,"enemies":"Small Slimes","floor":3,"turns":5},{"damage":21,"enemies":"Lagavulin","floor":7,"turns":7},{"damage":0,"enemies":"2 Louse","floor":11,"turns":2},{"damage":0,"enemies":"2 Fungi Beasts","floor":13,"turns":2},{"damage":31,"enemies":"The Guardian","floor":16,"turns":15},{"damage":14,"enemies":"Shell Parasite","floor":18,"turns":6},{"damage":0,"enemies":"Spheric Guardian","floor":21,"turns":1},{"damage":1,"enemies":"Cultist and Chosen","floor":22,"turns":7},{"damage":20,"enemies":"Shelled Parasite and Fungi","floor":24,"turns":7},{"damage":0,"enemies":"Snake Plant","floor":25,"turns":3},{"damage":5,"enemies":"Centurion and Healer","floor":27,"turns":5},{"damage":3,"enemies":"Slavers","floor":29,"turns":4},{"damage":0,"enemies":"Cultist and Chosen","floor":31,"turns":5},{"damage":37,"enemies":"Collector","floor":33,"turns":11},{"damage":15,"enemies":"3 Darklings","floor":35,"turns":10},{"damage":9,"enemies":"3 Shapes","floor":39,"turns":5},{"damage":12,"enemies":"Transient","floor":46,"turns":5},{"damage":14,"enemies":"4 Shapes","floor":47,"turns":4},{"damage":8,"enemies":"Nemesis","floor":48,"turns":5},{"damage":53,"enemies":"Donu and Deca","floor":50,"turns":8}],"seed_played":"-3232071781687743151","potions_obtained":[{"floor":1,"key":"SkillPotion"},{"floor":7,"key":"Explosive Potion"},{"floor":22,"key":"Explosive Potion"},{"floor":24,"key":"PowerPotion"},{"floor":25,"key":"GhostInAJar"},{"floor":27,"key":"Fire Potion"},{"floor":29,"key":"SpeedPotion"},{"floor":33,"key":"Swift Potion"},{"floor":39,"key":"SpeedPotion"},{"floor":46,"key":"Weak Potion"}],"is_trial":false,"path_per_floor":["M","?","M","?","?","R","E","$","T","R","M","R","M","$","R","B",null,"M","?","$","M","M","R","M","M","T","M","R","E","R","M","R","B",null,"M","$","?","$","M","R","?","R","T","T","R","M","M","E","R","B"],"character_chosen":"THE_SILENT","items_purchased":["Pen Nib","Backflip","Masterful Stab","Bag of Preparation","PiercingWail","Boot","Choke"],"campfire_rested":4,"item_purchase_floors":[8,8,14,20,20,36,36],"current_hp_per_floor":[53,41,41,41,30,30,9,9,9,27,27,45,45,45,45,14,49,35,35,35,35,34,34,14,14,14,9,27,24,42,42,42,5,46,31,31,31,31,22,40,40,58,58,58,60,48,34,26,47,0],"gold":137,"neow_bonus":"THREE_RARE_CARDS","is_prod":false,"is_daily":false,"chose_seed":false,"campfire_upgraded":7,"win_rate":0,"timestamp":1563046219,"path_taken":["M","?","M","?","?","R","E","?","T","R","M","R","M","$","R","BOSS","M","?","?","?","M","R","M","?","T","M","R","E","R","M","R","BOSS","M","$","?","?","?","R","?","R","T","?","R","M","?","E","R","BOSS"],"build_version":"2019-07-05","purchased_purges":1,"victory":false,"max_hp_per_floor":[60,60,60,60,60,60,60,60,60,60,60,60,60,60,60,60,60,60,60,60,60,60,60,60,60,60,60,60,60,60,60,60,60,60,60,60,60,60,60,60,60,60,60,60,60,60,60,60,60,60],"card_choices":[{"not_picked":["Bullet Time","Storm of Steel"],"picked":"Tools of the Trade","floor":0},{"not_picked":["Catalyst","Infinite Blades"],"picked":"Sucker Punch","floor":1},{"not_picked":["Sucker Punch","Riddle With Holes"],"picked":"Dagger Spray","floor":3},{"not_picked":["Acrobatics","Outmaneuver"],"picked":"Dagger Throw","floor":7},{"not_picked":["Bane","Infinite Blades"],"picked":"Acrobatics","floor":11},{"not_picked":["Blade Dance","Slice"],"picked":"Malaise","floor":13},{"not_picked":["Glass Knife","Night Terror"],"picked":"Unload","floor":16},{"not_picked":["Deadly Poison","Slice"],"picked":"Footwork+1","floor":18},{"not_picked":["Underhanded Strike","Cloak And Dagger"],"picked":"Deadly Poison","floor":21},{"not_picked":["Acrobatics","Underhanded Strike"],"picked":"Tactician","floor":22},{"not_picked":["Flying Knee+1","Reflex"],"picked":"All Out Attack","floor":24},{"not_picked":["Quick Slash+1","Sucker Punch+1"],"picked":"After Image","floor":25},{"not_picked":["Acrobatics","Deflect"],"picked":"Blur+1","floor":27},{"not_picked":["PiercingWail","Sucker Punch"],"picked":"Backflip","floor":29},{"not_picked":["Reflex","Outmaneuver"],"picked":"Bouncing Flask","floor":31},{"not_picked":["Venomology","Wraith Form v2"],"picked":"Envenom","floor":33},{"not_picked":["All Out Attack+1","Quick Slash","Expertise"],"picked":"SKIP","floor":35},{"not_picked":["Slice","Calculated Gamble"],"picked":"Crippling Poison","floor":39},{"not_picked":["Impatience","Discovery"],"picked":"Secret Weapon","floor":41},{"not_picked":["Acrobatics","Dagger Spray","Outmaneuver"],"picked":"SKIP","floor":46},{"not_picked":["Acrobatics","Bane"],"picked":"Riddle With Holes","floor":47},{"not_picked":["Outmaneuver","Endless Agony+1"],"picked":"Calculated Gamble","floor":48}],"player_experience":978821,"relics_obtained":[{"floor":7,"key":"Bag of Marbles"},{"floor":9,"key":"Snake Skull"},{"floor":26,"key":"PreservedInsect"},{"floor":29,"key":"War Paint"},{"floor":43,"key":"Shovel"},{"floor":44,"key":"Ancient Tea Set"},{"floor":45,"key":"Orichalcum"},{"floor":48,"key":"Anchor"}],"event_choices":[{"damage_healed":0,"gold_gain":0,"player_choice":"Entered Light","damage_taken":12,"max_hp_gain":0,"max_hp_loss":0,"event_name":"Shining Light","floor":2,"gold_loss":0,"cards_upgraded":["Defend_G","Tools of the Trade"]},{"damage_healed":0,"gold_gain":0,"cards_transformed":["Strike_G"],"player_choice":"Change","damage_taken":0,"max_hp_gain":0,"max_hp_loss":0,"event_name":"Living Wall","floor":4,"gold_loss":0,"cards_obtained":["Infinite Blades"]},{"damage_healed":0,"gold_gain":75,"player_choice":"Gather Gold","damage_taken":11,"max_hp_gain":0,"max_hp_loss":0,"event_name":"World of Goop","floor":5,"gold_loss":0},{"damage_healed":0,"gold_gain":100,"player_choice":"Pray","damage_taken":0,"max_hp_gain":0,"max_hp_loss":0,"event_name":"Golden Shrine","floor":19,"gold_loss":0},{"cards_removed":["Strike_G"],"damage_healed":0,"gold_gain":0,"player_choice":"Purged","damage_taken":0,"max_hp_gain":0,"max_hp_loss":0,"event_name":"Purifier","floor":37,"gold_loss":0},{"damage_healed":0,"gold_gain":0,"player_choice":"Memory 1","damage_taken":0,"max_hp_gain":0,"max_hp_loss":0,"event_name":"SensoryStone","floor":41,"gold_loss":0}],"is_beta":false,"boss_relics":[{"not_picked":["Empty Cage","Tiny House"],"picked":"Philosopher\u0027s Stone"},{"not_picked":["White Beast Statue","Astrolabe"],"picked":"Eternal Feather"}],"items_purged_floors":[14],"is_endless":false,"potions_floor_spawned":[1,7,22,24,25,27,29,33,39,46],"killed_by":"Donu and Deca","ascension_level":14}