{"gold_per_floor":[115,115,115,133,148,148,166,166,166,191,266,284,284,26,26,103,103,119,389,409,419,419],"floor_reached":22,"playtime":577,"items_purged":["Writhe"],"score":326,"play_id":"5ba7f392-dabb-463e-b32a-d3adba061f6e","local_time":"20190722031407","is_ascension_mode":true,"campfire_choices":[{"data":"Static Discharge","floor":6,"key":"SMITH"},{"floor":8,"key":"REST"},{"floor":13,"key":"REST"},{"floor":15,"key":"REST"}],"neow_cost":"CURSE","seed_source_timestamp":51093957422515,"circlet_count":0,"master_deck":["AscendersBane","Strike_B+1","Strike_B","Strike_B","Strike_B+1","Defend_B","Defend_B","Defend_B","Defend_B","Zap+1","Dualcast","Melter","Static Discharge+1","Hologram","Sweeping Beam","Sunder","Ball Lightning","Defragment","Coolheaded","Dark Shackles","Core Surge","Compile Driver","Loop","Leap"],"relics":["FrozenCore","Darkstone Periapt","Art of War"],"potions_floor_usage":[12,16],"damage_taken":[{"damage":0,"enemies":"Small Slimes","floor":1,"turns":3},{"damage":7,"enemies":"Jaw Worm","floor":4,"turns":2},{"damage":1,"enemies":"Cultist","floor":5,"turns":3},{"damage":1,"enemies":"Exordium Wildlife","floor":7,"turns":2},{"damage":27,"enemies":"3 Sentries","floor":10,"turns":5},{"damage":8,"enemies":"Large Slime","floor":12,"turns":4},{"damage":6,"enemies":"Slime Boss","floor":16,"turns":6},{"damage":0,"enemies":"Spheric Guardian","floor":18,"turns":3},{"damage":11,"enemies":"3 Byrds","floor":20,"turns":5},{"damage":19,"enemies":"Snecko","floor":21,"turns":4}],"seed_played":"8717495700385140474","potions_obtained":[{"floor":5,"key":"Ancient Potion"},{"floor":7,"key":"Ancient Potion"},{"floor":10,"key":"AttackPotion"},{"floor":12,"key":"AttackPotion"}],"is_trial":false,"path_per_floor":["M","?","?","M","M","R","M","R","T","E","?","M","R","$","R","B",null,"M","?","M","M","?"],"character_chosen":"DEFECT","items_purchased":["Defragment","Coolheaded","Dark Shackles"],"campfire_rested":3,"item_purchase_floors":[14,14,14],"current_hp_per_floor":[78,52,52,45,44,44,43,68,68,41,30,22,47,47,72,66,80,80,48,37,18,0],"gold":419,"neow_bonus":"TWENTY_PERCENT_HP_BONUS","is_prod":false,"is_daily":false,"chose_seed":false,"campfire_upgraded":1,"win_rate":0,"timestamp":1563729247,"path_taken":["M","?","?","M","M","R","?","R","T","E","?","M","R","$","R","BOSS","M","?","?","M","?"],"build_version":"2019-07-17","purchased_purges":1,"victory":false,"max_hp_per_floor":[85,85,85,85,85,85,85,85,85,85,85,85,85,85,85,85,85,85,85,85,85,85],"card_choices":[{"not_picked":["Gash","Turbo"],"picked":"Melter","floor":1},{"not_picked":["Gash","Leap"],"picked":"Static Discharge","floor":4},{"not_picked":["Stack","Turbo"],"picked":"Hologram","floor":5},{"not_picked":["Go for the Eyes","Conserve Battery"],"picked":"Sweeping Beam","floor":7},{"not_picked":["Compile Driver","Reinforced Body"],"picked":"Sunder","floor":10},{"not_picked":["Steam Power","Go for the Eyes"],"picked":"Ball Lightning","floor":12},{"not_picked":["Meteor Strike","All For One"],"picked":"Core Surge","floor":16},{"not_picked":["Ball Lightning","Barrage"],"picked":"Compile Driver","floor":18},{"not_picked":["Hologram","Steam Power"],"picked":"Loop","floor":20},{"not_picked":["Stack","Ball Lightning"],"picked":"Leap","floor":21}],"player_experience":1047592,"relics_obtained":[{"floor":9,"key":"Darkstone Periapt"},{"floor":10,"key":"Art of War"}],"event_choices":[{"damage_healed":0,"gold_gain":0,"player_choice":"Entered Light","damage_taken":26,"max_hp_gain":0,"max_hp_loss":0,"event_name":"Shining Light","floor":2,"gold_loss":0,"cards_upgraded":["Strike_B","Strike_B"]},{"damage_healed":0,"gold_gain":0,"player_choice":"Upgraded","damage_taken":0,"max_hp_gain":0,"max_hp_loss":0,"event_name":"Upgrade Shrine","floor":3,"gold_loss":0,"cards_upgraded":["Zap"]},{"damage_healed":0,"gold_gain":75,"player_choice":"Gather Gold","damage_taken":11,"max_hp_gain":0,"max_hp_loss":0,"event_name":"World of Goop","floor":11,"gold_loss":0},{"damage_healed":0,"gold_gain":270,"player_choice":"GOLD GOLD GOLD ","damage_taken":32,"max_hp_gain":0,"max_hp_loss":0,"event_name":"Knowing Skull","floor":19,"potions_obtained":[],"gold_loss":0,"cards_obtained":[]}],"is_beta":false,"boss_relics":[{"not_picked":["Black Star","Ectoplasm"],"picked":"FrozenCore"}],"items_purged_floors":[14],"is_endless":false,"potions_floor_spawned":[5,7,10,12],"ascension_level":15}