{"gold_per_floor":[114,127,147,322,12,29,90,124,124,141,169,127,127,137,137,235,235,253,267,13,24,24,55,55,70,70,50,66,76,93,109,109,109],"floor_reached":33,"playtime":1687,"items_purged":["Strike_R","Doubt"],"score":283,"play_id":"95f0c4c0-eaa4-4b72-b8cb-8ff031c7a1d0","local_time":"20190418144732","is_ascension_mode":false,"campfire_choices":[{"floor":13,"key":"REST"},{"floor":15,"key":"REST"},{"data":"Armaments","floor":24,"key":"SMITH"},{"floor":32,"key":"REST"}],"neow_cost":"NONE","seed_source_timestamp":9065364873828,"circlet_count":0,"master_deck":["Strike_R","Strike_R","Strike_R","Strike_R","Defend_R","Defend_R","Defend_R","Defend_R","Bash+1","Infernal Blade","Thunderclap","Blood for Blood","Cleave","Dropkick","Pommel Strike","Intimidate","Headbutt","Seeing Red","Thunderclap","Double Tap","Anger","Armaments+1","Clothesline","Rage+1","Intimidate","Evolve","Rampage","Shrug It Off"],"relics":["Burning Blood","Lantern","Art of War","Torii","Self Forming Clay","Bottled Flame","Mark of Pain","Red Skull","PreservedInsect","Centennial Puzzle"],"potions_floor_usage":[7,8,11,23,25,28,28,28,30,31,33],"damage_taken":[{"damage":6,"enemies":"Cultist","floor":1,"turns":3},{"damage":2,"enemies":"2 Louse","floor":2,"turns":4},{"damage":0,"enemies":"Small Slimes","floor":3,"turns":2},{"damage":5,"enemies":"Looter","floor":6,"turns":2},{"damage":37,"enemies":"3 Sentries","floor":7,"turns":7},{"damage":39,"enemies":"Gremlin Nob","floor":8,"turns":5},{"damage":1,"enemies":"Lots of Slimes","floor":10,"turns":3},{"damage":20,"enemies":"3 Sentries","floor":11,"turns":7},{"damage":3,"enemies":"Exordium Thugs","floor":14,"turns":4},{"damage":25,"enemies":"Slime Boss","floor":16,"turns":9},{"damage":1,"enemies":"Chosen","floor":18,"turns":4},{"damage":27,"enemies":"Spheric Guardian","floor":19,"turns":4},{"damage":2,"enemies":"3 Cultists","floor":21,"turns":4},{"damage":23,"enemies":"Slavers","floor":23,"turns":6},{"damage":7,"enemies":"Snake Plant","floor":25,"turns":4},{"damage":10,"enemies":"Shelled Parasite and Fungi","floor":28,"turns":2},{"damage":0,"enemies":"Snecko","floor":29,"turns":2},{"damage":1,"enemies":"Cultist and Chosen","floor":30,"turns":6},{"damage":7,"enemies":"3 Cultists","floor":31,"turns":4},{"damage":83,"enemies":"Collector","floor":33,"turns":9}],"seed_played":"-6688312260643881724","potions_obtained":[{"floor":3,"key":"SteroidPotion"},{"floor":6,"key":"AttackPotion"},{"floor":10,"key":"LiquidBronze"},{"floor":16,"key":"Poison Potion"},{"floor":19,"key":"SkillPotion"},{"floor":21,"key":"Energy Potion"},{"floor":25,"key":"Fire Potion"},{"floor":27,"key":"EntropicBrew"}],"is_trial":false,"path_per_floor":["M","M","M","?","$","M","?","E","T","M","E","?","R","M","R","B",null,"M","M","$","M","?","E","R","M","T","?","M","M","M","M","R","B"],"character_chosen":"IRONCLAD","items_purchased":["Lantern","Cleave","Dropkick","Red Skull"],"campfire_rested":3,"item_purchase_floors":[5,5,5,20],"current_hp_per_floor":[80,80,80,80,80,80,49,16,16,21,7,7,31,34,58,39,80,80,59,59,63,63,46,46,45,45,45,41,47,52,51,75,0],"gold":109,"neow_bonus":"UPGRADE_CARD","is_prod":false,"is_daily":false,"chose_seed":false,"campfire_upgraded":1,"win_rate":0,"timestamp":1555562852,"path_taken":["M","?","M","?","$","M","?","E","T","M","E","?","R","M","R","BOSS","M","M","$","M","?","E","R","M","T","?","?","M","M","M","R","BOSS"],"build_version":"2019-01-23","purchased_purges":2,"victory":false,"max_hp_per_floor":[80,80,80,80,80,80,80,80,80,80,80,80,80,80,80,80,80,80,80,80,80,80,80,80,80,80,80,80,80,80,80,80,80],"card_choices":[{"not_picked":["Armaments","Reckless Charge"],"picked":"Infernal Blade","floor":1},{"not_picked":["Combust","Ghostly Armor"],"picked":"Thunderclap","floor":2},{"not_picked":["Body Slam","Havoc"],"picked":"Blood for Blood","floor":3},{"not_picked":["Burning Pact","Wild Strike"],"picked":"Pommel Strike","floor":6},{"not_picked":["Second Wind","Shrug It Off"],"picked":"Intimidate","floor":7},{"not_picked":["Sword Boomerang","Whirlwind","Clash"],"picked":"SKIP","floor":8},{"not_picked":["Bloodletting","Clothesline"],"picked":"Headbutt","floor":10},{"not_picked":["Sentinel","Dual Wield"],"picked":"Seeing Red","floor":11},{"not_picked":["Iron Wave","Sword Boomerang"],"picked":"Thunderclap","floor":14},{"not_picked":["Immolate","Offering"],"picked":"Double Tap","floor":16},{"not_picked":["Body Slam","Perfected Strike"],"picked":"Anger","floor":18},{"not_picked":["Uppercut","Cleave+1"],"picked":"Armaments","floor":19},{"not_picked":["Warcry+1","Juggernaut"],"picked":"Clothesline","floor":21},{"not_picked":["Havoc+1","Heavy Blade"],"picked":"Rage+1","floor":23},{"not_picked":["Battle Trance","Sword Boomerang","Clash"],"picked":"SKIP","floor":25},{"not_picked":["Corruption","Thunderclap"],"picked":"Intimidate","floor":28},{"not_picked":["Bludgeon","Armaments"],"picked":"Evolve","floor":29},{"not_picked":["Burning Pact","Warcry"],"picked":"Rampage","floor":30},{"not_picked":["Reckless Charge","True Grit+1"],"picked":"Shrug It Off","floor":31}],"player_experience":328416,"relics_obtained":[{"floor":7,"key":"Art of War"},{"floor":8,"key":"Torii"},{"floor":9,"key":"Self Forming Clay"},{"floor":11,"key":"Bottled Flame"},{"floor":23,"key":"PreservedInsect"},{"floor":26,"key":"Centennial Puzzle"}],"event_choices":[{"damage_healed":0,"gold_gain":175,"player_choice":"AGREE","damage_taken":0,"max_hp_gain":0,"max_hp_loss":0,"event_name":"Liars Game","floor":4,"gold_loss":0,"cards_obtained":["Doubt"]},{"damage_healed":0,"gold_gain":30,"player_choice":"Searched \u00272\u0027 times","damage_taken":0,"max_hp_gain":0,"max_hp_loss":0,"event_name":"Dead Adventurer","floor":7,"gold_loss":0},{"damage_healed":0,"gold_gain":0,"player_choice":"Left Gold","damage_taken":0,"max_hp_gain":0,"max_hp_loss":0,"event_name":"World of Goop","floor":12,"gold_loss":42},{"damage_healed":0,"gold_gain":0,"player_choice":"Ignored","damage_taken":0,"max_hp_gain":0,"max_hp_loss":0,"event_name":"Ghosts","floor":22,"gold_loss":0},{"damage_healed":0,"gold_gain":0,"player_choice":"Bought 1 Potion","damage_taken":0,"max_hp_gain":0,"max_hp_loss":0,"event_name":"The Woman in Blue","floor":27,"gold_loss":0}],"is_beta":false,"boss_relics":[{"not_picked":["Eternal Feather","Lizard Tail"],"picked":"Mark of Pain"}],"items_purged_floors":[5,20],"is_endless":false,"potions_floor_spawned":[3,6,10,16,19,21,25,28],"killed_by":"Collector","ascension_level":0}