{"gold_per_floor":[109,109,25,25,35,60,76,94,94,94,123,141,141],"floor_reached":13,"playtime":355,"items_purged":[],"score":228,"play_id":"8015f0ec-04f3-4e98-88c6-198224442597","local_time":"20190826205840","is_ascension_mode":true,"campfire_choices":[{"data":"Dodge and Roll","floor":10,"key":"SMITH"}],"neow_cost":"NONE","seed_source_timestamp":44378057527869,"circlet_count":0,"master_deck":["AscendersBane","Strike_G","Strike_G","Strike_G","Strike_G","Defend_G","Defend_G","Defend_G","Defend_G","Defend_G","Survivor","Neutralize+1","Dash","Flying Knee","Poisoned Stab","Backflip","Heel Hook","Acrobatics","Dodge and Roll+1","Cloak And Dagger","Crippling Poison"],"relics":["Ring of the Snake","NeowsBlessing","Du-Vu Doll","Molten Egg 2"],"potions_floor_usage":[11],"damage_taken":[{"damage":0,"enemies":"Jaw Worm","floor":1,"turns":1},{"damage":0,"enemies":"Cultist","floor":5,"turns":1},{"damage":0,"enemies":"3 Sentries","floor":6,"turns":1},{"damage":1,"enemies":"Small Slimes","floor":7,"turns":3},{"damage":5,"enemies":"Blue Slaver","floor":8,"turns":4},{"damage":45,"enemies":"Gremlin Nob","floor":11,"turns":6},{"damage":3,"enemies":"3 Louse","floor":12,"turns":4},{"damage":25,"enemies":"Exordium Thugs","floor":13,"turns":5}],"seed_played":"-8080317519652412002","potions_obtained":[{"floor":1,"key":"GamblersBrew"},{"floor":6,"key":"SmokeBomb"},{"floor":12,"key":"FairyPotion"}],"is_trial":false,"path_per_floor":["M","?","$","?","M","E","M","M","T","R","E","M","M"],"character_chosen":"THE_SILENT","items_purchased":["Poisoned Stab","Backflip"],"campfire_rested":0,"item_purchase_floors":[3,3],"current_hp_per_floor":[59,59,59,59,59,59,58,53,53,53,8,5,0],"gold":141,"neow_bonus":"THREE_ENEMY_KILL","is_prod":false,"is_daily":false,"chose_seed":false,"campfire_upgraded":1,"win_rate":0,"timestamp":1566817120,"path_taken":["M","?","?","?","M","E","M","M","T","R","E","M","M"],"build_version":"2019-07-17","purchased_purges":0,"victory":false,"max_hp_per_floor":[66,66,66,66,66,66,66,66,66,66,66,66,66],"card_choices":[{"not_picked":["Outmaneuver","Dagger Spray"],"picked":"Dash","floor":1},{"not_picked":["All Out Attack","Slice"],"picked":"Heel Hook","floor":5},{"not_picked":["Flying Knee","Bane"],"picked":"Acrobatics","floor":6},{"not_picked":["Deflect","Poisoned Stab","Bane"],"picked":"SKIP","floor":7},{"not_picked":["Poisoned Stab","Eviscerate"],"picked":"Dodge and Roll","floor":8},{"not_picked":["Acrobatics","Poisoned Stab+1"],"picked":"Cloak And Dagger","floor":11},{"not_picked":["Blade Dance","Skewer+1"],"picked":"Crippling Poison","floor":12}],"player_experience":1225616,"relics_obtained":[{"floor":6,"key":"Du-Vu Doll"},{"floor":9,"key":"Molten Egg 2"}],"event_choices":[{"damage_healed":0,"gold_gain":0,"cards_transformed":["Strike_G"],"player_choice":"Transformed","damage_taken":0,"max_hp_gain":0,"max_hp_loss":0,"event_name":"Transmorgrifier","floor":2,"gold_loss":0,"cards_obtained":["Flying Knee"]},{"damage_healed":0,"gold_gain":0,"player_choice":"Grow","damage_taken":0,"max_hp_gain":0,"max_hp_loss":0,"event_name":"Living Wall","floor":4,"gold_loss":0,"cards_upgraded":["Neutralize"]}],"is_beta":false,"boss_relics":[],"items_purged_floors":[],"is_endless":false,"potions_floor_spawned":[1,6,8,12],"killed_by":"Exordium Thugs","ascension_level":18}