{"gold_per_floor":[114,132,149,166,182,182,17,17,72,100,100,100,157,157,157,231,231,242,242,242,262,262,262,287,287,287,14,14,14,29,48,48,48],"floor_reached":33,"playtime":9028,"items_purged":["Strike_G"],"score":546,"play_id":"4b846a0b-78e2-4a0c-98f5-d352decfc4ce","local_time":"20190106002318","is_ascension_mode":true,"campfire_choices":[{"data":"Dagger Spray","floor":6.0,"key":"SMITH"},{"data":"Underhanded Strike","floor":11.0,"key":"SMITH"},{"floor":15.0,"key":"REST"},{"data":"Finisher","floor":23,"key":"SMITH"},{"data":"Backflip","floor":25,"key":"SMITH"},{"data":"Adrenaline","floor":28,"key":"SMITH"},{"data":"Cloak And Dagger","floor":32,"key":"SMITH"}],"neow_cost":"NONE","seed_source_timestamp":0,"circlet_count":0,"master_deck":["AscendersBane","Defend_G+1","Defend_G+1","Defend_G+1","Defend_G+1","Defend_G+1","Strike_G+1","Strike_G+1","Survivor","Neutralize+1","Blade Dance","Underhanded Strike+1","Dagger Spray+1","Dagger Throw","Well Laid Plans","Unload","Backflip+1","Finisher+1","Adrenaline+1","Dagger Throw+1","Tactician","Bouncing Flask","Deflect","Cloak And Dagger+1","Infinite Blades","PiercingWail+1","Expertise"],"special_seed":0,"relics":["Ring of the Snake","Whetstone","Mercury Hourglass","Paper Crane","Tiny Chest","Molten Egg 2","Coffee Dripper","Bag of Preparation","Meat on the Bone","Pen Nib","Oddly Smooth Stone"],"potions_floor_usage":[24,30,33,33],"damage_taken":[{"damage":1.0,"enemies":"Cultist","floor":1.0,"turns":5.0},{"damage":1.0,"enemies":"Small Slimes","floor":2.0,"turns":5.0},{"damage":3.0,"enemies":"Jaw Worm","floor":3.0,"turns":5.0},{"damage":3.0,"enemies":"Looter","floor":4.0,"turns":4.0},{"damage":7.0,"enemies":"Large Slime","floor":5.0,"turns":4.0},{"damage":30.0,"enemies":"Lagavulin","floor":10.0,"turns":5.0},{"damage":14.0,"enemies":"Gremlin Nob","floor":13.0,"turns":4.0},{"damage":12.0,"enemies":"Slime Boss","floor":16.0,"turns":5.0},{"damage":11.0,"enemies":"2 Thieves","floor":18.0,"turns":3.0},{"damage":0,"enemies":"3 Byrds","floor":21,"turns":3},{"damage":6,"enemies":"Slavers","floor":24,"turns":5},{"damage":5,"enemies":"Shelled Parasite and Fungi","floor":30,"turns":4},{"damage":6,"enemies":"Snake Plant","floor":31,"turns":3},{"damage":45,"enemies":"Champ","floor":33,"turns":7}],"seed_played":"-5410758076116296360","potions_obtained":[{"floor":1.0,"key":"Fire Potion"},{"floor":3.0,"key":"Regen Potion"},{"floor":13.0,"key":"Strength Potion"},{"floor":16.0,"key":"EntropicBrew"},{"floor":18.0,"key":"Fire Potion"},{"floor":24,"key":"EssenceOfSteel"},{"floor":31,"key":"SkillPotion"}],"is_trial":false,"path_per_floor":["M","M","M","M","M","R","$","?","T","E","R","T","E","T","R","B",null,"M","?","?","M","T","R","E","R","T","$","R","?","M","M","R","B"],"character_chosen":"THE_SILENT","items_purchased":["Unload","Oddly Smooth Stone","Cloak And Dagger","Infinite Blades"],"campfire_rested":1,"item_purchase_floors":[7,27,27,27],"current_hp_per_floor":[64,63,60,57,50,50,50,50,50,34,34,34,20,20,41,29,61,50,50,50,50,50,50,44,44,44,44,44,44,39,45,45,0],"gold":48,"neow_bonus":"TEN_PERCENT_HP_BONUS","is_prod":false,"is_daily":false,"chose_seed":false,"campfire_upgraded":6,"win_rate":0,"timestamp":1546752198,"path_taken":["M","M","?","M","M","R","$","?","T","E","R","?","E","?","R","BOSS","M","?","?","M","?","R","E","R","T","$","R","?","M","M","R","BOSS"],"build_version":"2019-01-03v4","purchased_purges":1,"victory":false,"max_hp_per_floor":[72,72,72,72,72,72,72,72,72,72,72,72,72,72,72,72,72,72,72,72,72,72,72,72,72,72,72,72,72,72,72,72,72],"card_choices":[{"not_picked":["PiercingWail","Leg Sweep"],"picked":"Blade Dance","floor":1.0},{"not_picked":["Outmaneuver","Sucker Punch"],"picked":"Underhanded Strike","floor":2.0},{"not_picked":["Quick Slash","Prepared"],"picked":"Dagger Spray","floor":3.0},{"not_picked":["Dagger Spray","Cloak And Dagger"],"picked":"Dagger Throw","floor":4.0},{"not_picked":["Accuracy","Footwork"],"picked":"Well Laid Plans","floor":5.0},{"not_picked":["Grand Finale","Malaise"],"picked":"Backflip","floor":10.0},{"not_picked":["Bouncing Flask","Night Terror"],"picked":"Finisher","floor":13.0},{"not_picked":["Venomology","Corpse Explosion"],"picked":"Adrenaline","floor":16.0},{"not_picked":["Deadly Poison","Bane+1"],"picked":"Dagger Throw+1","floor":18.0},{"not_picked":["Bane+1","Caltrops"],"picked":"Deflect","floor":21},{"not_picked":["Predator+1","Burst","Quick Slash+1"],"picked":"SKIP","floor":24},{"not_picked":["Caltrops+1","Distraction"],"picked":"PiercingWail+1","floor":30},{"not_picked":["Deflect","Slice+1"],"picked":"Expertise","floor":31}],"player_experience":1155161,"relics_obtained":[{"floor":9.0,"key":"Whetstone"},{"floor":10.0,"key":"Mercury Hourglass"},{"floor":12.0,"key":"Paper Crane"},{"floor":13.0,"key":"Tiny Chest"},{"floor":14.0,"key":"Molten Egg 2"},{"floor":22,"key":"Bag of Preparation"},{"floor":24,"key":"Meat on the Bone"},{"floor":26,"key":"Pen Nib"}],"event_choices":[{"damage_healed":0.0,"max_hp_gain":0.0,"max_hp_loss":0.0,"gold_gain":0.0,"event_name":"Living Wall","player_choice":"Grow","floor":8.0,"gold_loss":0.0,"damage_taken":0.0,"cards_upgraded":["Neutralize"]},{"damage_healed":0,"gold_gain":0,"cards_transformed":["Strike_G","Strike_G"],"player_choice":"Became Test Subject","damage_taken":0,"max_hp_gain":0,"max_hp_loss":0,"event_name":"Drug Dealer","floor":19,"gold_loss":0,"cards_obtained":["Tactician","Bouncing Flask"]},{"damage_healed":0,"gold_gain":0,"player_choice":"Simplicity","damage_taken":0,"max_hp_gain":0,"max_hp_loss":0,"event_name":"Back to Basics","floor":20,"gold_loss":0,"cards_upgraded":["Defend_G","Defend_G","Defend_G","Defend_G","Defend_G"]},{"damage_healed":0,"gold_gain":0,"player_choice":"Ignored","damage_taken":0,"max_hp_gain":0,"max_hp_loss":0,"event_name":"Ghosts","floor":29,"gold_loss":0}],"is_beta":false,"boss_relics":[{"not_picked":["Lizard Tail","Tiny House"],"picked":"Coffee Dripper"}],"items_purged_floors":[7],"is_endless":false,"potions_floor_spawned":[1,3,13,16,18,24,31],"killed_by":"Champ","ascension_level":20}