{"gold_per_floor":[112,262,276,4,79,79,96,61,61,61,61,61,95,110,110,182,182,196,215,225,30,30,30,50,77,77,96,96,96,11,21,21,93,93,104,104,128,140],"floor_reached":38,"playtime":1604,"items_purged":["Doubt"],"score":725,"play_id":"bc5ee122-67c9-42f7-ada7-f42f123f604b","local_time":"20190805013933","is_ascension_mode":true,"campfire_choices":[{"data":"Bash","floor":6.0,"key":"SMITH"},{"data":"Shockwave","floor":10.0,"key":"SMITH"},{"data":"Whirlwind","floor":12.0,"key":"SMITH"},{"data":"Metallicize","floor":15.0,"key":"SMITH"},{"floor":23.0,"key":"REST"},{"floor":29.0,"key":"REST"},{"data":"Corruption","floor":32.0,"key":"SMITH"}],"neow_cost":"NONE","seed_source_timestamp":0,"circlet_count":0,"master_deck":["AscendersBane","Strike_R","Strike_R","Strike_R","Strike_R","Strike_R","Defend_R","Defend_R","Defend_R","Defend_R","Bash+1","Cleave","Shockwave+1","Whirlwind+1","Flex+1","Metallicize+1","Reaper","Impervious","True Grit","Headbutt","Blood for Blood","Feel No Pain","Battle Trance","Corruption+1","Heavy Blade","Pommel Strike","Writhe","Pummel","Impervious","Disarm","Enlightenment"],"special_seed":0,"relics":["Burning Blood","OrangePellets","Calipers","Vajra","Mark of Pain","FossilizedHelix","Singing Bowl","Pantograph","Smiling Mask","Eternal Feather","MawBank"],"potions_floor_usage":[33,33,35],"damage_taken":[{"damage":9.0,"enemies":"Jaw Worm","floor":1.0,"turns":4.0},{"damage":7.0,"enemies":"2 Louse","floor":3.0,"turns":3.0},{"damage":7.0,"enemies":"Small Slimes","floor":7.0,"turns":3.0},{"damage":26.0,"enemies":"Gremlin Nob","floor":13.0,"turns":6.0},{"damage":7.0,"enemies":"3 Louse","floor":14.0,"turns":3.0},{"damage":39.0,"enemies":"The Guardian","floor":16.0,"turns":15.0},{"damage":23.0,"enemies":"Shell Parasite","floor":18.0,"turns":7.0},{"damage":12.0,"enemies":"Chosen","floor":19.0,"turns":7.0},{"damage":35.0,"enemies":"Sentry and Sphere","floor":20.0,"turns":6.0},{"damage":5.0,"enemies":"Cultist and Chosen","floor":24.0,"turns":7.0},{"damage":22.0,"enemies":"Book of Stabbing","floor":25.0,"turns":6.0},{"damage":28.0,"enemies":"Snake Plant","floor":27.0,"turns":6.0},{"damage":2.0,"enemies":"Snecko","floor":31.0,"turns":6.0},{"damage":12,"enemies":"Automaton","floor":33,"turns":6},{"damage":84,"enemies":"3 Shapes","floor":35,"turns":9},{"damage":42,"enemies":"3 Darklings","floor":38,"turns":3}],"seed_played":"7762479031031491857","potions_obtained":[{"floor":3.0,"key":"SneckoOil"},{"floor":7.0,"key":"SpeedPotion"},{"floor":14.0,"key":"Poison Potion"},{"floor":16.0,"key":"FearPotion"},{"floor":20.0,"key":"SteroidPotion"},{"floor":24.0,"key":"Explosive Potion"},{"floor":27.0,"key":"SteroidPotion"},{"floor":33,"key":"GamblersBrew"}],"is_trial":false,"path_per_floor":["M","?","M","$","?","R","M","?","T","R","?","R","E","M","R","B",null,"M","M","M","$","?","R","M","E","T","M","?","R","?","M","R","B",null,"M","?","T","M"],"character_chosen":"IRONCLAD","items_purchased":["OrangePellets","Whirlwind","Feel No Pain","Battle Trance"],"campfire_rested":2,"item_purchase_floors":[4,4,21,21],"current_hp_per_floor":[72,72,71,71,60,60,59,79,79,79,79,79,59,58,58,38,71,60,61,41,41,17,43,49,33,33,14,14,40,40,51,51,79,85,21,21,21,0],"gold":140,"neow_bonus":"TEN_PERCENT_HP_BONUS","is_prod":false,"is_daily":false,"chose_seed":false,"campfire_upgraded":5,"win_rate":0,"timestamp":1564933173,"path_taken":["M","?","M","$","?","R","M","?","T","R","?","R","E","M","R","BOSS","M","?","M","$","?","R","M","E","T","M","?","R","?","M","R","BOSS","M","?","?","M"],"build_version":"2019-07-17","purchased_purges":1,"victory":false,"max_hp_per_floor":[82,82,82,82,82,82,82,82,82,82,82,82,82,82,82,82,82,82,82,82,82,87,87,87,87,87,87,87,87,87,87,87,87,87,87,87,87,87],"card_choices":[{"not_picked":["Clothesline","Warcry"],"picked":"Cleave","floor":1.0},{"not_picked":["Sword Boomerang","Wild Strike"],"picked":"Shockwave","floor":3.0},{"not_picked":["Fire Breathing","Pommel Strike"],"picked":"Flex","floor":7.0},{"not_picked":["Clothesline","Carnage"],"picked":"Metallicize","floor":13.0},{"not_picked":["Twin Strike","Clash"],"picked":"Reaper","floor":14.0},{"not_picked":["Immolate","Fiend Fire"],"picked":"Impervious","floor":16.0},{"not_picked":["Armaments","Intimidate"],"picked":"True Grit","floor":18.0},{"not_picked":["Clash+1","Thunderclap"],"picked":"Headbutt","floor":19.0},{"not_picked":["Warcry","Infernal Blade"],"picked":"Blood for Blood","floor":20.0},{"not_picked":["Cleave","Intimidate"],"picked":"Corruption","floor":24.0},{"not_picked":["Flex","True Grit"],"picked":"Heavy Blade","floor":25.0},{"not_picked":["Anger","Battle Trance"],"picked":"Pommel Strike","floor":27.0},{"not_picked":["Combust","Sever Soul"],"picked":"Pummel","floor":31.0},{"not_picked":["Brutality","Immolate"],"picked":"Impervious","floor":33},{"not_picked":["Sword Boomerang","Whirlwind"],"picked":"Disarm","floor":35},{"not_picked":["Finesse","Metamorphosis"],"picked":"Enlightenment","floor":36}],"player_experience":1133977,"relics_obtained":[{"floor":9.0,"key":"Calipers"},{"floor":13.0,"key":"Vajra"},{"floor":25.0,"key":"FossilizedHelix"},{"floor":26.0,"key":"Singing Bowl"},{"floor":37,"key":"MawBank"}],"event_choices":[{"damage_healed":0.0,"max_hp_gain":0.0,"max_hp_loss":0.0,"gold_gain":150.0,"event_name":"Liars Game","player_choice":"AGREE","floor":2.0,"gold_loss":0.0,"damage_taken":0.0,"cards_obtained":["Doubt"]},{"damage_healed":0.0,"max_hp_gain":0.0,"max_hp_loss":0.0,"gold_gain":75.0,"event_name":"World of Goop","player_choice":"Gather Gold","floor":5.0,"gold_loss":0.0,"damage_taken":11.0},{"damage_healed":20.0,"max_hp_gain":0.0,"max_hp_loss":0.0,"gold_gain":0.0,"event_name":"The Cleric","player_choice":"Healed","floor":8.0,"gold_loss":35.0,"damage_taken":0.0},{"damage_healed":0.0,"max_hp_gain":0.0,"max_hp_loss":0.0,"gold_gain":0.0,"event_name":"Upgrade Shrine","player_choice":"Upgraded","floor":11.0,"gold_loss":0.0,"damage_taken":0.0,"cards_upgraded":["Flex"]},{"damage_healed":0.0,"max_hp_gain":5.0,"max_hp_loss":0.0,"gold_gain":0.0,"event_name":"Forgotten Altar","player_choice":"Shed Blood","floor":22.0,"gold_loss":0.0,"damage_taken":29.0},{"damage_healed":0.0,"max_hp_gain":0.0,"max_hp_loss":0.0,"gold_gain":0.0,"event_name":"The Mausoleum","player_choice":"Opened","floor":28.0,"gold_loss":0.0,"damage_taken":0.0,"relics_obtained":["Pantograph"],"cards_obtained":["Writhe"]},{"damage_healed":0.0,"max_hp_gain":0.0,"max_hp_loss":0.0,"gold_gain":0.0,"event_name":"Addict","player_choice":"Obtained Relic","floor":30.0,"gold_loss":85.0,"damage_taken":0.0,"relics_obtained":["Smiling Mask"]},{"damage_healed":0,"gold_gain":0,"player_choice":"Memory 1","damage_taken":0,"max_hp_gain":0,"max_hp_loss":0,"event_name":"SensoryStone","floor":36,"gold_loss":0}],"is_beta":false,"boss_relics":[{"not_picked":["Black Blood","Pandora\u0027s Box"],"picked":"Mark of Pain"},{"not_picked":["Lizard Tail","Runic Dome"],"picked":"Eternal Feather"}],"items_purged_floors":[21],"is_endless":false,"potions_floor_spawned":[3,7,14,16,20,24,27,33],"killed_by":"3 Darklings","ascension_level":17}