{"gold_per_floor":[115,130,146,32,43,73,73,86,133,167,167,193,204,238,238,309,309,323,323,341,356,370,370,402,402,450,476,476,487,505,525,525,597,597,613,54,54,64,83,113,129,146,170,170,196,196,223,240,240,240,240,240,25,25],"floor_reached":54,"playtime":4260,"items_purged":["Strike_B"],"score":1478,"play_id":"e6729bcc-2e76-405e-9604-da8c38e1257b","local_time":"20190728035305","is_ascension_mode":true,"campfire_choices":[{"data":"Zap","floor":7,"key":"SMITH"},{"floor":15,"key":"REST"},{"data":"Reboot","floor":23,"key":"SMITH"},{"data":"Scrape","floor":25,"key":"SMITH"},{"floor":32,"key":"REST"},{"floor":44,"key":"REST"},{"floor":49,"key":"RECALL"},{"data":"Consume","floor":52,"key":"SMITH"}],"neow_cost":"NONE","seed_source_timestamp":41118931494727,"circlet_count":0,"master_deck":["AscendersBane","Strike_B","Strike_B","Defend_B","Defend_B","Defend_B","Defend_B","Zap+1","Dualcast","Scrape+1","FTL+1","Doom and Gloom","Streamline","Glacier","Gash","Biased Cognition","Beam Cell","Compile Driver","BootSequence","Loop","Gash","Reboot+1","All For One","Glacier","Hologram","Gash+1","Go for the Eyes","Seek","Consume+1","Chill+1","Stack"],"relics":["Cracked Core","Potion Belt","Anchor","Blood Vial","Shuriken","Busted Crown","Nilry\u0027s Codex","Vajra","Bronze Scales","Incense Burner","Inserter","Thread and Needle","Singing Bowl","Omamori","Torii"],"potions_floor_usage":[6,8,12,14,21,24,30,33,40,40,42,50,50,54,54,54,54],"damage_taken":[{"damage":3,"enemies":"2 Louse","floor":1,"turns":2},{"damage":0,"enemies":"Small Slimes","floor":2,"turns":2},{"damage":1,"enemies":"Cultist","floor":3,"turns":3},{"damage":0,"enemies":"Large Slime","floor":5,"turns":4},{"damage":10,"enemies":"3 Sentries","floor":6,"turns":4},{"damage":3,"enemies":"Red Slaver","floor":8,"turns":2},{"damage":16,"enemies":"Gremlin Nob","floor":10,"turns":4},{"damage":6,"enemies":"3 Sentries","floor":12,"turns":8},{"damage":1,"enemies":"Looter","floor":13,"turns":3},{"damage":8,"enemies":"Gremlin Nob","floor":14,"turns":3},{"damage":6,"enemies":"The Guardian","floor":16,"turns":12},{"damage":11,"enemies":"2 Thieves","floor":18,"turns":3},{"damage":6,"enemies":"Shell Parasite","floor":20,"turns":3},{"damage":0,"enemies":"Shelled Parasite and Fungi","floor":21,"turns":3},{"damage":0,"enemies":"Sentry and Sphere","floor":22,"turns":4},{"damage":18,"enemies":"Gremlin Leader","floor":24,"turns":3},{"damage":10,"enemies":"Book of Stabbing","floor":27,"turns":3},{"damage":0,"enemies":"Snecko","floor":29,"turns":2},{"damage":4,"enemies":"Chosen and Byrds","floor":30,"turns":4},{"damage":0,"enemies":"Sentry and Sphere","floor":31,"turns":4},{"damage":35,"enemies":"Collector","floor":33,"turns":8},{"damage":18,"enemies":"3 Darklings","floor":35,"turns":5},{"damage":0,"enemies":"Orb Walker","floor":38,"turns":4},{"damage":0,"enemies":"Maw","floor":39,"turns":6},{"damage":14,"enemies":"Giant Head","floor":40,"turns":6},{"damage":0,"enemies":"Transient","floor":41,"turns":6},{"damage":5,"enemies":"Writhing Mass","floor":42,"turns":6},{"damage":39,"enemies":"Nemesis","floor":45,"turns":5},{"damage":23,"enemies":"Reptomancer","floor":47,"turns":4},{"damage":19,"enemies":"Jaw Worm Horde","floor":48,"turns":4},{"damage":6,"enemies":"Awakened One","floor":50,"turns":10},{"damage":65,"enemies":"Shield and Spear","floor":54,"turns":5}],"seed_played":"-6985248219182435071","potions_obtained":[{"floor":1,"key":"SkillPotion"},{"floor":3,"key":"Fire Potion"},{"floor":5,"key":"SpeedPotion"},{"floor":8,"key":"Fruit Juice"},{"floor":13,"key":"SkillPotion"},{"floor":20,"key":"Regen Potion"},{"floor":22,"key":"GamblersBrew"},{"floor":27,"key":"Poison Potion"},{"floor":29,"key":"GamblersBrew"},{"floor":30,"key":"Strength Potion"},{"floor":39,"key":"Energy Potion"},{"floor":40,"key":"Block Potion"},{"floor":41,"key":"Strength Potion"},{"floor":45,"key":"Energy Potion"}],"is_trial":false,"path_per_floor":["M","M","M","$","M","E","R","M","T","E","?","E","M","E","R","B",null,"M","?","M","M","M","R","E","R","T","E","?","M","M","M","R","B",null,"M","$","?","M","M","E","M","M","T","R","E","?","E","M","R","B",null,"R","$","E"],"character_chosen":"DEFECT","items_purchased":["Glacier","Gash","Consume","Thread and Needle","FearPotion","Stack","EntropicBrew","Poison Potion"],"campfire_rested":3,"item_purchase_floors":[4,4,36,36,36,53,53,53],"current_hp_per_floor":[61,61,60,60,60,50,50,52,52,36,36,30,31,25,47,43,68,59,38,34,45,47,47,31,31,31,23,23,25,23,25,47,14,61,45,45,45,47,49,39,43,40,40,64,29,67,46,31,31,27,60,60,60,0],"gold":25,"neow_bonus":"TRANSFORM_CARD","is_prod":false,"is_daily":false,"chose_seed":false,"campfire_upgraded":4,"win_rate":0,"timestamp":1564300385,"path_taken":["M","M","M","$","M","E","R","M","T","E","?","E","M","E","R","BOSS","M","?","M","M","M","R","E","R","T","E","?","M","M","M","R","BOSS","M","?","?","?","M","E","M","M","T","R","E","?","E","M","R","BOSS","R","$","E"],"build_version":"2019-07-17","purchased_purges":1,"victory":false,"max_hp_per_floor":[71,71,71,71,71,71,71,76,76,76,76,76,76,76,76,76,76,76,76,76,76,76,76,76,76,76,76,76,76,76,76,76,76,76,76,76,76,76,76,78,80,80,80,80,82,67,69,71,71,71,71,71,71,71],"card_choices":[{"not_picked":["Sunder","Redo"],"picked":"FTL","floor":1},{"not_picked":["Conserve Battery","Cold Snap"],"picked":"Doom and Gloom","floor":2},{"not_picked":["Stack","Heatsinks"],"picked":"Streamline","floor":3},{"not_picked":["Turbo","Conserve Battery"],"picked":"Biased Cognition","floor":5},{"not_picked":["Auto Shields","Darkness"],"picked":"Beam Cell","floor":6},{"not_picked":["Beam Cell","Auto Shields"],"picked":"Compile Driver","floor":8},{"not_picked":["Meteor Strike","Ball Lightning"],"picked":"BootSequence","floor":10},{"not_picked":["Beam Cell","Chaos"],"picked":"Loop","floor":12},{"not_picked":["Steam Power","Reprogram"],"picked":"Gash","floor":13},{"not_picked":["Undo","Go for the Eyes"],"picked":"Reboot","floor":14},{"not_picked":["Meteor Strike","Multi-Cast"],"picked":"All For One","floor":16},{"not_picked":[],"picked":"Glacier","floor":18},{"not_picked":["Barrage"],"picked":"SKIP","floor":20},{"not_picked":[],"picked":"Hologram","floor":21},{"not_picked":["Doom and Gloom"],"picked":"SKIP","floor":22},{"not_picked":["Streamline"],"picked":"SKIP","floor":24},{"not_picked":[],"picked":"Gash+1","floor":27},{"not_picked":["Turbo"],"picked":"SKIP","floor":29},{"not_picked":[],"picked":"Go for the Eyes","floor":30},{"not_picked":["Turbo"],"picked":"SKIP","floor":31},{"not_picked":[],"picked":"Seek","floor":33},{"not_picked":["Sweeping Beam+1"],"picked":"SKIP","floor":35},{"not_picked":["Hello World"],"picked":"SKIP","floor":38},{"not_picked":["Rebound"],"picked":"SKIP","floor":39},{"not_picked":["Loop"],"picked":"Singing Bowl","floor":40},{"not_picked":["Rebound"],"picked":"Singing Bowl","floor":41},{"not_picked":[],"picked":"Chill+1","floor":42},{"not_picked":["Recycle"],"picked":"Singing Bowl","floor":45},{"not_picked":["Steam Power"],"picked":"Singing Bowl","floor":47},{"not_picked":["Go for the Eyes+1"],"picked":"Singing Bowl","floor":48}],"player_experience":1633794,"relics_obtained":[{"floor":6,"key":"Potion Belt"},{"floor":9,"key":"Anchor"},{"floor":12,"key":"Blood Vial"},{"floor":14,"key":"Shuriken"},{"floor":19,"key":"Nilry\u0027s Codex"},{"floor":24,"key":"Vajra"},{"floor":26,"key":"Bronze Scales"},{"floor":27,"key":"Incense Burner"},{"floor":40,"key":"Singing Bowl"},{"floor":45,"key":"Omamori"},{"floor":47,"key":"Torii"}],"event_choices":[{"damage_healed":0,"gold_gain":0,"player_choice":"Ignored","damage_taken":0,"max_hp_gain":0,"max_hp_loss":0,"event_name":"Liars Game","floor":11,"gold_loss":0},{"damage_healed":0,"gold_gain":0,"player_choice":"Obtained Book","damage_taken":21,"max_hp_gain":0,"max_hp_loss":0,"event_name":"Cursed Tome","floor":19,"gold_loss":0},{"damage_healed":0,"gold_gain":0,"player_choice":"Forge","damage_taken":0,"max_hp_gain":0,"max_hp_loss":0,"event_name":"Accursed Blacksmith","floor":28,"gold_loss":0,"cards_upgraded":["FTL"]},{"damage_healed":0,"gold_gain":0,"player_choice":"0 cards matched","damage_taken":0,"max_hp_gain":0,"max_hp_loss":0,"event_name":"Match and Keep!","floor":37,"gold_loss":0,"cards_obtained":[]},{"damage_healed":67,"gold_gain":0,"player_choice":"Heal","damage_taken":0,"max_hp_gain":0,"max_hp_loss":15,"event_name":"The Moai Head","floor":46,"gold_loss":0}],"is_beta":false,"boss_relics":[{"not_picked":["Philosopher\u0027s Stone","Orrery"],"picked":"Busted Crown"},{"not_picked":["Nuclear Battery","Pandora\u0027s Box"],"picked":"Inserter"}],"items_purged_floors":[36],"is_endless":false,"potions_floor_spawned":[1,3,5,8,13,20,22,27,29,30,39,40,41,45],"killed_by":"Shield and Spear","ascension_level":18}