{"gold_per_floor":[110,123,140,156,156,42,74,74,97,127,140,154,170,170],"floor_reached":14,"playtime":591,"items_purged":[],"score":156,"play_id":"5411619c-278c-4dff-b189-291afaf13bf7","local_time":"20181105194218","is_ascension_mode":true,"campfire_choices":[{"floor":8,"key":"REST"}],"neow_cost":"NONE","seed_source_timestamp":777960097379863,"circlet_count":0,"master_deck":["AscendersBane","Strike_B","Strike_B","Strike_B","Strike_B","Defend_B","Defend_B","Defend_B","Defend_B","Zap","Dualcast","Chaos","Storm","Coolheaded","Chill","BootSequence","Redo","Defragment","Heatsinks","FTL"],"relics":["Cracked Core","NeowsBlessing","Dream Catcher","Bronze Scales","Darkstone Periapt","Oddly Smooth Stone","Blood Vial"],"potions_floor_usage":[7,14],"damage_taken":[{"damage":0,"enemies":"Small Slimes","floor":1,"turns":1},{"damage":0,"enemies":"Jaw Worm","floor":2,"turns":1},{"damage":0,"enemies":"Cultist","floor":3,"turns":1},{"damage":19,"enemies":"3 Louse","floor":4,"turns":3},{"damage":3,"enemies":"Lagavulin","floor":7,"turns":5},{"damage":21,"enemies":"3 Sentries","floor":10,"turns":9},{"damage":7,"enemies":"Large Slime","floor":11,"turns":6},{"damage":0,"enemies":"Looter","floor":12,"turns":3},{"damage":3,"enemies":"2 Fungi Beasts","floor":13,"turns":4},{"damage":12,"enemies":"Lots of Slimes","floor":14,"turns":2}],"seed_played":"3769240412273316365","potions_obtained":[{"floor":3,"key":"Poison Potion"},{"floor":4,"key":"Fire Potion"},{"floor":10,"key":"FearPotion"},{"floor":12,"key":"EssenceOfSteel"},{"floor":13,"key":"PowerPotion"}],"is_trial":false,"path_per_floor":["M","M","M","M","?","?","E","R","T","E","M","M","M","M"],"character_chosen":"DEFECT","items_purchased":[],"campfire_rested":1,"item_purchase_floors":[],"current_hp_per_floor":[68,68,68,49,16,16,13,35,35,14,9,11,10,0],"gold":170,"neow_bonus":"THREE_ENEMY_KILL","is_prod":false,"is_daily":false,"chose_seed":false,"campfire_upgraded":0,"win_rate":0,"timestamp":1541464938,"path_taken":["M","M","M","M","?","?","E","R","T","E","M","M","M","?"],"build_version":"2018-11-01","purchased_purges":0,"victory":false,"max_hp_per_floor":[75,75,75,75,75,75,75,75,75,75,75,75,75,75],"card_choices":[{"not_picked":["Steam","Coolheaded"],"picked":"Chaos","floor":1},{"not_picked":["Self Repair","Steam"],"picked":"Storm","floor":2},{"not_picked":["Rip and Tear","Redo"],"picked":"Coolheaded","floor":3},{"not_picked":["Glacier","Rebound"],"picked":"Chill","floor":4},{"not_picked":["Glacier","Compile Driver"],"picked":"BootSequence","floor":7},{"not_picked":["Compile Driver","Coolheaded"],"picked":"Redo","floor":8},{"not_picked":["Hello World","Undo"],"picked":"Defragment","floor":10},{"not_picked":["Doom and Gloom","Streamline"],"picked":"Heatsinks","floor":11},{"not_picked":["Scrape","Compile Driver","Barrage"],"picked":"SKIP","floor":12},{"not_picked":["Steam","Stack"],"picked":"FTL","floor":13}],"player_experience":625852,"relics_obtained":[{"floor":7,"key":"Darkstone Periapt"},{"floor":9,"key":"Oddly Smooth Stone"},{"floor":10,"key":"Blood Vial"}],"event_choices":[{"damage_healed":0,"gold_gain":0,"player_choice":"Success","damage_taken":33,"relics_obtained":["Dream Catcher"],"max_hp_gain":0,"max_hp_loss":0,"event_name":"Scrap Ooze","floor":5,"gold_loss":0},{"damage_healed":0,"gold_gain":0,"player_choice":"Paid Gold","damage_taken":0,"relics_obtained":["Bronze Scales"],"max_hp_gain":0,"max_hp_loss":0,"event_name":"WeMeetAgain","floor":6,"gold_loss":114}],"is_beta":false,"boss_relics":[],"items_purged_floors":[],"is_endless":false,"potions_floor_spawned":[3,4,10,12,13],"killed_by":"Lots of Slimes","ascension_level":10}