{"gold_per_floor":[219,219,230,183,200,230,230,243,268,268,296,296,296,34,34,130,130,148,38,40,51,68,68,82,98,98,98,98,18,18,44,44,147,147,167,121,132,185,204,204,238,238,238,252,45,62,62,85,85,85],"floor_reached":51,"playtime":6219,"items_purged":[],"score":889,"play_id":"63fbc377-3bf8-4deb-8b0b-2b7a79b9005b","local_time":"20190913010538","is_ascension_mode":true,"campfire_choices":[{"floor":7.0,"key":"REST"},{"data":"Defragment","floor":10.0,"key":"SMITH"},{"data":"Coolheaded","floor":12.0,"key":"SMITH"},{"data":"Defragment","floor":15.0,"key":"SMITH"},{"floor":23.0,"key":"REST"},{"data":"Hologram","floor":27.0,"key":"SMITH"},{"data":"Defragment","floor":30.0,"key":"SMITH"},{"floor":32.0,"key":"REST"},{"floor":40,"key":"REST"},{"floor":42,"key":"REST"},{"data":"1","floor":47,"key":"LIFT"},{"floor":49,"key":"REST"}],"neow_cost":"NONE","seed_source_timestamp":0,"circlet_count":0,"master_deck":["Strike_B+1","Strike_B","Strike_B+1","Strike_B","Defend_B","Defend_B","Defend_B","Defend_B","Zap","Dualcast","Defragment+1","Reinforced Body","Gash","Conserve Battery","Turbo","Conserve Battery","Coolheaded+1","Coolheaded","All For One","Defragment+1","Hologram+1","Reboot","Reprogram","Go for the Eyes","Stack","Auto Shields","Conserve Battery","Leap+1","Defragment+1","Skim","Cold Snap","Coolheaded","Gash+1","Gash+1","Gash","Turbo","Hologram+1","Loop","All For One+1","Hologram+1","Coolheaded","Defragment","Coolheaded","Beam Cell+1","Cold Snap+1","Conserve Battery","Reboot","Writhe","Cold Snap+1","Cold Snap+1","Blind","Stack","Stack+1","Doubt","FTL+1"],"special_seed":0,"relics":["Cracked Core","Dream Catcher","Whetstone","Pen Nib","Shuriken","Orrery","Gremlin Horn","Molten Egg 2","Cursed Key","Turnip","Darkstone Periapt","Girya","Boot"],"potions_floor_usage":[39,39],"damage_taken":[{"damage":1.0,"enemies":"Jaw Worm","floor":1.0,"turns":5.0},{"damage":7.0,"enemies":"2 Louse","floor":3.0,"turns":3.0},{"damage":3.0,"enemies":"Cultist","floor":5.0,"turns":5.0},{"damage":24.0,"enemies":"3 Sentries","floor":6.0,"turns":9.0},{"damage":2.0,"enemies":"Blue Slaver","floor":8.0,"turns":5.0},{"damage":4.0,"enemies":"Lagavulin","floor":11.0,"turns":9.0},{"damage":18.0,"enemies":"Hexaghost","floor":16.0,"turns":16.0},{"damage":0.0,"enemies":"Shell Parasite","floor":18.0,"turns":7.0},{"damage":17.0,"enemies":"2 Thieves","floor":20.0,"turns":5.0},{"damage":2.0,"enemies":"Snecko","floor":21.0,"turns":7.0},{"damage":3.0,"enemies":"Chosen and Byrds","floor":22.0,"turns":13.0},{"damage":8.0,"enemies":"Snake Plant","floor":24.0,"turns":7.0},{"damage":6.0,"enemies":"Centurion and Healer","floor":25.0,"turns":7.0},{"damage":39.0,"enemies":"Slavers","floor":31.0,"turns":5.0},{"damage":11.0,"enemies":"Champ","floor":33.0,"turns":12.0},{"damage":4,"enemies":"3 Darklings","floor":35,"turns":4},{"damage":0,"enemies":"Orb Walker","floor":37,"turns":2},{"damage":43,"enemies":"2 Orb Walkers","floor":38,"turns":7},{"damage":12,"enemies":"Transient","floor":39,"turns":5},{"damage":6,"enemies":"Nemesis","floor":41,"turns":9},{"damage":0,"enemies":"4 Shapes","floor":44,"turns":10},{"damage":1,"enemies":"Spire Growth","floor":46,"turns":5},{"damage":28,"enemies":"Donu and Deca","floor":50,"turns":11}],"seed_played":"3066072132283944536","potions_obtained":[{"floor":1.0,"key":"FocusPotion"},{"floor":3.0,"key":"Swift Potion"},{"floor":8.0,"key":"SkillPotion"},{"floor":11.0,"key":"SteroidPotion"},{"floor":20.0,"key":"SmokeBomb"},{"floor":39,"key":"SkillPotion"},{"floor":41,"key":"SneckoOil"},{"floor":46,"key":"Swift Potion"}],"is_trial":false,"path_per_floor":["M","?","M","$","M","E","R","M","T","R","E","R","T","$","R","B",null,"M","$","M","M","M","R","M","M","T","R","?","$","R","E","R","B",null,"M","$","M","?","M","R","E","R","T","M","$","M","R","T","R","B",null],"character_chosen":"DEFECT","items_purchased":["Gash","All For One","Defragment","Hologram","Defragment","Skim","Gash","Turbo","Coolheaded","Cold Snap+1","Energy Potion","Blind","Stack"],"campfire_rested":6,"item_purchase_floors":[4,14,14,14,19,19,29,29,36,45,45,45,45],"current_hp_per_floor":[74,74,67,67,64,40,62,60,60,60,56,56,56,56,56,38,75,75,75,58,56,53,75,67,61,61,61,61,61,61,22,44,33,75,71,71,71,28,16,38,32,54,60,60,60,59,59,65,87,59],"gold":85,"neow_bonus":"HUNDRED_GOLD","is_prod":false,"is_daily":false,"chose_seed":false,"campfire_upgraded":5,"win_rate":0,"timestamp":1568347538,"path_taken":["M","?","M","$","M","E","R","M","T","R","E","R","?","$","R","BOSS","M","$","M","M","M","R","M","M","T","R","?","$","R","E","R","BOSS","M","$","M","?","M","R","E","R","T","M","$","M","R","?","R","BOSS"],"build_version":"2019-07-17","purchased_purges":0,"victory":true,"max_hp_per_floor":[75,75,75,75,75,75,75,75,75,75,75,75,75,75,75,75,75,75,75,75,75,75,75,75,75,75,75,75,75,75,75,75,75,75,75,75,75,75,75,75,75,75,81,81,81,81,81,87,87,87],"card_choices":[{"not_picked":["Consume","Beam Cell"],"picked":"Defragment","floor":1.0},{"not_picked":["Aggregate","Beam Cell"],"picked":"Reinforced Body","floor":3.0},{"not_picked":["Beam Cell","Heatsinks"],"picked":"Conserve Battery","floor":5.0},{"not_picked":["Barrage","Fusion"],"picked":"Turbo","floor":6.0},{"not_picked":["Scrape","Hello World"],"picked":"Conserve Battery","floor":7.0},{"not_picked":["Turbo","Stack"],"picked":"Coolheaded","floor":8.0},{"not_picked":["Meteor Strike","Barrage"],"picked":"Coolheaded","floor":11.0},{"not_picked":["Rainbow","Biased Cognition"],"picked":"Reboot","floor":16.0},{"not_picked":["Blizzard","Barrage"],"picked":"Reprogram","floor":17.0},{"not_picked":["Steam","Stack"],"picked":"Go for the Eyes","floor":17.0},{"not_picked":["Steam","Ball Lightning"],"picked":"Stack","floor":17.0},{"not_picked":["Steam","Redo"],"picked":"Auto Shields","floor":17.0},{"not_picked":["Compile Driver","Doom and Gloom"],"picked":"Conserve Battery","floor":17.0},{"not_picked":["Aggregate","Rebound"],"picked":"Leap+1","floor":18.0},{"not_picked":["Rip and Tear+1","Consume+1"],"picked":"Cold Snap","floor":20.0},{"not_picked":["Meteor Strike","Consume"],"picked":"Coolheaded","floor":21.0},{"not_picked":["Skim","Sweeping Beam"],"picked":"Gash+1","floor":22.0},{"not_picked":["Leap","Redo","Aggregate"],"picked":"SKIP","floor":24.0},{"not_picked":["Tempest","Redo+1"],"picked":"Gash+1","floor":25.0},{"not_picked":["Recycle+1","Ball Lightning"],"picked":"Hologram+1","floor":31.0},{"not_picked":["Rebound+1","Lockon+1"],"picked":"Loop","floor":32.0},{"not_picked":["Buffer","Thunder Strike+1"],"picked":"All For One+1","floor":33.0},{"not_picked":["Coolheaded","Genetic Algorithm"],"picked":"Hologram+1","floor":35},{"not_picked":["Redo","Loop+1"],"picked":"Defragment","floor":37},{"not_picked":["Compile Driver+1","Doom and Gloom+1"],"picked":"Coolheaded","floor":38},{"not_picked":["Conserve Battery+1","Leap+1"],"picked":"Beam Cell+1","floor":39},{"not_picked":["Skim+1","Sweeping Beam+1"],"picked":"Cold Snap+1","floor":40},{"not_picked":["Static Discharge","Rebound+1"],"picked":"Conserve Battery","floor":41},{"not_picked":["Compile Driver+1","Aggregate+1"],"picked":"Reboot","floor":42},{"not_picked":["Loop+1","Redo"],"picked":"Cold Snap+1","floor":44},{"not_picked":["Doom and Gloom+1","Sweeping Beam+1"],"picked":"Stack+1","floor":46},{"not_picked":["Heatsinks","Barrage+1"],"picked":"FTL+1","floor":49}],"player_experience":181347,"relics_obtained":[{"floor":6.0,"key":"Dream Catcher"},{"floor":9.0,"key":"Whetstone"},{"floor":11.0,"key":"Pen Nib"},{"floor":13.0,"key":"Shuriken"},{"floor":26.0,"key":"Gremlin Horn"},{"floor":31.0,"key":"Molten Egg 2"},{"floor":38,"key":"Turnip"},{"floor":41,"key":"Darkstone Periapt"},{"floor":43,"key":"Girya"},{"floor":48,"key":"Boot"}],"event_choices":[{"damage_healed":0.0,"max_hp_gain":0.0,"max_hp_loss":0.0,"gold_gain":0.0,"event_name":"The Cleric","player_choice":"Leave","floor":2.0,"gold_loss":0.0,"damage_taken":0.0},{"damage_healed":0,"gold_gain":0,"player_choice":"Fight","damage_taken":0,"max_hp_gain":0,"max_hp_loss":0,"event_name":"Mysterious Sphere","floor":38,"gold_loss":0}],"is_beta":false,"boss_relics":[{"not_picked":["Astrolabe","Coffee Dripper"],"picked":"Orrery"},{"not_picked":["Runic Dome","Philosopher\u0027s Stone"],"picked":"Cursed Key"}],"items_purged_floors":[],"is_endless":false,"potions_floor_spawned":[1,3,8,11,20,21,22,31,33,37,39,41,46],"ascension_level":1}