{"gold_per_floor":[112,112,112,125,145,145,157,307,331,358,358,393,393],"floor_reached":13,"playtime":373,"items_purged":[],"score":188,"play_id":"d03be079-5b3f-4bff-839b-06d4d8b9ce93","local_time":"20190723005404","is_ascension_mode":true,"campfire_choices":[{"floor":6,"key":"REST"},{"floor":11,"key":"REST"}],"neow_cost":"PERCENT_DAMAGE","seed_source_timestamp":19158803966975,"circlet_count":0,"master_deck":["AscendersBane","Strike_B","Strike_B","Strike_B+1","Defend_B","Defend_B","Defend_B","Defend_B","Zap+1","Dualcast","Hologram","Go for the Eyes","Streamline","Doubt","Static Discharge","Conserve Battery"],"relics":["Cracked Core","DataDisk","Boot","Emotion Chip"],"potions_floor_usage":[7,10,12],"damage_taken":[{"damage":1,"enemies":"Cultist","floor":1,"turns":4},{"damage":0,"enemies":"2 Louse","floor":4,"turns":3},{"damage":13,"enemies":"Small Slimes","floor":5,"turns":3},{"damage":1,"enemies":"Exordium Wildlife","floor":7,"turns":4},{"damage":24,"enemies":"Gremlin Nob","floor":10,"turns":4},{"damage":34,"enemies":"3 Sentries","floor":12,"turns":6},{"damage":40,"enemies":"Gremlin Gang","floor":13,"turns":3}],"seed_played":"-1437231129900952098","potions_obtained":[{"floor":4,"key":"Block Potion"},{"floor":5,"key":"Fruit Juice"},{"floor":10,"key":"Poison Potion"}],"is_trial":false,"path_per_floor":["M","?","?","M","M","R","M","?","T","E","R","E","M"],"character_chosen":"DEFECT","items_purchased":[],"campfire_rested":2,"item_purchase_floors":[],"current_hp_per_floor":[59,33,26,26,13,38,37,37,37,18,45,11,0],"gold":393,"neow_bonus":"TWENTY_PERCENT_HP_BONUS","is_prod":false,"is_daily":false,"chose_seed":false,"campfire_upgraded":0,"win_rate":0,"timestamp":1563807244,"path_taken":["M","?","?","M","M","R","M","?","T","E","R","E","M"],"build_version":"2019-07-17","purchased_purges":0,"victory":false,"max_hp_per_floor":[85,85,85,85,85,85,85,85,85,90,90,90,90],"card_choices":[{"not_picked":["Rebound","Hello World"],"picked":"Hologram","floor":1},{"not_picked":["Stack","Reprogram","Redo"],"picked":"SKIP","floor":4},{"not_picked":["Stack","Beam Cell"],"picked":"Go for the Eyes","floor":5},{"not_picked":["Ball Lightning","Lockon"],"picked":"Streamline","floor":7},{"not_picked":["Compile Driver","Consume"],"picked":"Static Discharge","floor":10},{"not_picked":["Creative AI","Chill"],"picked":"Conserve Battery","floor":12}],"player_experience":1060512,"relics_obtained":[{"floor":9,"key":"DataDisk"},{"floor":10,"key":"Boot"},{"floor":12,"key":"Emotion Chip"}],"event_choices":[{"damage_healed":0,"gold_gain":0,"player_choice":"Entered Light","damage_taken":26,"max_hp_gain":0,"max_hp_loss":0,"event_name":"Shining Light","floor":2,"gold_loss":0,"cards_upgraded":["Zap","Strike_B"]},{"cards_removed":["Strike_B"],"damage_healed":0,"gold_gain":0,"player_choice":"Card Removal","damage_taken":7,"max_hp_gain":0,"max_hp_loss":0,"event_name":"Golden Wing","floor":3,"gold_loss":0},{"damage_healed":0,"gold_gain":150,"player_choice":"AGREE","damage_taken":0,"max_hp_gain":0,"max_hp_loss":0,"event_name":"Liars Game","floor":8,"gold_loss":0,"cards_obtained":["Doubt"]}],"is_beta":false,"boss_relics":[],"items_purged_floors":[],"is_endless":false,"potions_floor_spawned":[4,5,10],"killed_by":"Gremlin Gang","ascension_level":15}