{"path_per_floor":["M","M","M","M","M","R","M","M","T","M","M","$","?","E","R","B",null,"M","M"],"character_chosen":"IRONCLAD","items_purchased":[],"gold_per_floor":[115,128,141,159,174,174,188,208,208,220,230,155,155,181,181,277,307,320,330,330],"floor_reached":20,"campfire_rested":0,"playtime":1122,"current_hp_per_floor":[72,72,72,64,67,67,72,72,72,72,72,72,65,51,51,20,77,68,45,0],"items_purged":["Strike_R"],"gold":330,"score":218,"play_id":"0ebc4e3f-9821-4980-a780-1c545f7807b1","local_time":"20180409210619","is_prod":false,"is_daily":false,"is_ascension_mode":true,"campfire_upgraded":2,"timestamp":1523322379,"path_taken":["M","M","M","M","?","R","M","M","T","M","?","$","?","E","R","BOSS","M","M","?"],"build_version":"2018-04-05v2","purchased_purges":2,"victory":false,"master_deck":["Strike_R","Strike_R","Strike_R","Strike_R+1","Defend_R","Defend_R","Defend_R","Bash","Dropkick","Shrug It Off","Flame Barrier+1","Flame Barrier","Uppercut","Body Slam","Rampage+1","Armaments","Offering","Thunderclap+1","True Grit+1"],"max_hp_per_floor":[72,72,72,72,72,72,72,72,72,72,72,72,72,72,72,72,77,77,77,77],"relics":["Burning Blood","Calipers","Prayer Wheel","Matryoshka","Tiny House"],"card_choices":[{"not_picked":["Thunderclap","Headbutt"],"picked":"Dropkick","floor":1},{"not_picked":["Intimidate","Twin Strike"],"picked":"Shrug It Off","floor":2},{"not_picked":["Headbutt","Sentinel"],"picked":"Flame Barrier","floor":3},{"not_picked":["Disarm","Pommel Strike"],"picked":"Flame Barrier","floor":4},{"not_picked":["Metallicize","Feel No Pain"],"picked":"Uppercut","floor":5},{"not_picked":["Warcry","Blood for Blood"],"picked":"Body Slam","floor":7},{"not_picked":["Sword Boomerang","Seeing Red"],"picked":"Rampage","floor":8},{"not_picked":["True Grit","Havoc"],"picked":"Armaments","floor":11},{"not_picked":["Berserk","Barricade"],"picked":"Offering","floor":16},{"not_picked":["Carnage","True Grit"],"picked":"Thunderclap","floor":18},{"not_picked":["Metallicize","Demon Form"],"picked":"True Grit","floor":19}],"player_experience":205331,"potions_floor_usage":[14,14,18,20],"damage_taken":[{"damage":1,"enemies":"Cultist","floor":1,"turns":3},{"damage":2,"enemies":"Jaw Worm","floor":2,"turns":3},{"damage":4,"enemies":"Small Slimes","floor":3,"turns":3},{"damage":14,"enemies":"Blue Slaver","floor":4,"turns":5},{"damage":3,"enemies":"Looter","floor":5,"turns":3},{"damage":0,"enemies":"3 Louse","floor":7,"turns":4},{"damage":5,"enemies":"Blue Slaver","floor":8,"turns":4},{"damage":0,"enemies":"Looter","floor":10,"turns":3},{"damage":4,"enemies":"3 Louse","floor":11,"turns":4},{"damage":20,"enemies":"Lagavulin","floor":14,"turns":7},{"damage":37,"enemies":"The Guardian","floor":16,"turns":13},{"damage":15,"enemies":"2 Thieves","floor":18,"turns":4},{"damage":29,"enemies":"Chosen","floor":19,"turns":5},{"damage":46,"enemies":"3 Cultists","floor":20,"turns":6}],"event_choices":[{"event_name":"Golden Wing","player_choice":"Card Removal","floor":13,"damage_taken":0}],"boss_relics":[{"not_picked":["Philosopher\u0027s Stone","Black Blood"],"picked":"Tiny House"}],"potions_floor_spawned":[3,4,7,8,11,19],"seed_played":"-2051725654671485","killed_by":"3 Cultists","ascension_level":4,"is_trial":false}