{"gold_per_floor":[119,135,135,135,151,151,192,215,240,263,263,283,316,339,339,339],"floor_reached":16,"playtime":1144,"items_purged":[],"score":228,"play_id":"defc000e-0602-4848-a39d-feabaf560779","local_time":"20190502114518","is_ascension_mode":true,"campfire_choices":[{"data":"Neutralize","floor":6.0,"key":"SMITH"},{"floor":11.0,"key":"REST"},{"floor":15,"key":"REST"}],"neow_cost":"NONE","seed_source_timestamp":695589221026076,"circlet_count":0,"master_deck":["AscendersBane","Defend_G","Defend_G","Defend_G","Defend_G","Defend_G","Strike_G","Strike_G","Strike_G","Strike_G","Survivor","Neutralize+1","Reflex","Caltrops","Flechettes+1","Dagger Throw","Endless Agony","Predator","PiercingWail","Dagger Spray","PiercingWail","Infinite Blades","Masterful Stab","Dagger Throw"],"special_seed":0,"relics":["Ring of the Snake","Golden Idol","Oddly Smooth Stone","Dream Catcher","Strawberry"],"potions_floor_usage":[13,16,16],"damage_taken":[{"damage":1.0,"enemies":"2 Louse","floor":1.0,"turns":3.0},{"damage":0.0,"enemies":"Cultist","floor":2.0,"turns":4.0},{"damage":7.0,"enemies":"Jaw Worm","floor":5.0,"turns":5.0},{"damage":26.0,"enemies":"Lagavulin","floor":7.0,"turns":7.0},{"damage":2.0,"enemies":"Looter","floor":8.0,"turns":3.0},{"damage":9.0,"enemies":"Lots of Slimes","floor":10.0,"turns":6.0},{"damage":4.0,"enemies":"3 Louse","floor":12.0,"turns":2.0},{"damage":15,"enemies":"3 Sentries","floor":13,"turns":8},{"damage":0,"enemies":"Red Slaver","floor":14,"turns":3},{"damage":49,"enemies":"Slime Boss","floor":16,"turns":9}],"seed_played":"-4489624396550694907","potions_obtained":[{"floor":1.0,"key":"SkillPotion"},{"floor":7.0,"key":"AttackPotion"},{"floor":12.0,"key":"Explosive Potion"},{"floor":13,"key":"Weak Potion"},{"floor":14,"key":"EssenceOfSteel"}],"is_trial":false,"path_per_floor":["M","M","?","?","M","R","E","M","T","M","R","M","E","M","R","B"],"character_chosen":"THE_SILENT","items_purchased":[],"campfire_rested":2,"item_purchase_floors":[],"current_hp_per_floor":[58,58,58,58,51,51,25,23,23,14,32,28,20,20,40,0],"gold":339,"neow_bonus":"TRANSFORM_CARD","is_prod":false,"is_daily":false,"chose_seed":false,"campfire_upgraded":1,"win_rate":0,"timestamp":1556811918,"path_taken":["M","M","?","?","M","R","E","M","T","M","R","M","E","M","R","BOSS"],"build_version":"2019-01-23","purchased_purges":0,"victory":false,"max_hp_per_floor":[66,66,60,60,60,60,60,60,60,60,60,60,67,67,67,67],"card_choices":[{"not_picked":["Infinite Blades","Prepared"],"picked":"Caltrops","floor":1.0},{"not_picked":["Flying Knee","Backflip"],"picked":"Flechettes","floor":2.0},{"not_picked":["Setup","Slice"],"picked":"Dagger Throw","floor":5.0},{"not_picked":["Eviscerate","Tools of the Trade"],"picked":"Endless Agony","floor":7.0},{"not_picked":["Underhanded Strike","Outmaneuver"],"picked":"Predator","floor":8.0},{"not_picked":["Deflect","Infinite Blades"],"picked":"PiercingWail","floor":10.0},{"not_picked":["Prepared","Deadly Poison"],"picked":"Dagger Spray","floor":11.0},{"not_picked":["Acrobatics","Flying Knee"],"picked":"PiercingWail","floor":12.0},{"not_picked":["Outmaneuver","Slice"],"picked":"Infinite Blades","floor":13},{"not_picked":["Eviscerate","Outmaneuver"],"picked":"Masterful Stab","floor":14},{"not_picked":["Predator","Infinite Blades"],"picked":"Dagger Throw","floor":15}],"player_experience":1352328,"relics_obtained":[{"floor":7.0,"key":"Oddly Smooth Stone"},{"floor":9.0,"key":"Dream Catcher"},{"floor":13,"key":"Strawberry"}],"event_choices":[{"damage_healed":0.0,"max_hp_gain":0.0,"max_hp_loss":6.0,"gold_gain":0.0,"event_name":"Golden Idol","player_choice":"Lose Max HP","floor":3.0,"gold_loss":0.0,"damage_taken":0.0,"relics_obtained":["Golden Idol"]},{"damage_healed":0.0,"max_hp_gain":0.0,"max_hp_loss":0.0,"gold_gain":0.0,"event_name":"Upgrade Shrine","player_choice":"Upgraded","floor":4.0,"gold_loss":0.0,"damage_taken":0.0,"cards_upgraded":["Flechettes"]}],"is_beta":false,"boss_relics":[],"items_purged_floors":[],"is_endless":false,"potions_floor_spawned":[1,7,12,13,14],"killed_by":"Slime Boss","ascension_level":20}