{"gold_per_floor":[110,129,129,6,6,6,33,33,88,122,134,134,134,159,159,279,279,304,329,347,622,637,656,656,680,680,45,45,88,104,125,125,255,255,276,276,276,295,15,15,36,369,369,29,39,39,39,51,51,51],"floor_reached":50,"playtime":1922,"items_purged":["Strike_R","Regret","Writhe"],"score":524,"play_id":"ce5b9a9f-ad20-4c73-a162-17766d3377ed","local_time":"20190618014124","is_ascension_mode":false,"campfire_choices":[{"data":"Iron Wave","floor":6.0,"key":"SMITH"},{"data":"Bash","floor":8.0,"key":"SMITH"},{"data":"Power Through","floor":12.0,"key":"SMITH"},{"data":"Brutality","floor":15.0,"key":"SMITH"},{"floor":24.0,"key":"REST"},{"floor":32,"key":"REST"},{"data":"Barricade","floor":40,"key":"SMITH"},{"floor":47,"key":"REST"},{"floor":49,"key":"REST"}],"neow_cost":"PERCENT_DAMAGE","seed_source_timestamp":0,"circlet_count":0,"master_deck":["Strike_R","Strike_R","Strike_R","Defend_R","Defend_R","Defend_R","Defend_R","Bash+1","Immolate","Power Through+1","Iron Wave+1","Twin Strike","Shrug It Off","Brutality+1","Dark Embrace","Pommel Strike","Inflame+1","Body Slam+1","Feel No Pain","Clothesline+1","Headbutt","Spot Weakness","Pummel","Master of Strategy","Rampage","Double Tap","Flame Barrier+1","Barricade+1","True Grit+1","Metamorphosis","Flash of Steel","Disarm+1","Dark Shackles","Battle Trance+1","Hemokinesis+1"],"special_seed":0,"relics":["Burning Blood","Red Skull","Boot","Vajra","Mark of Pain","Calipers","Pantograph","Anchor","Eternal Feather","Pen Nib","Question Card","Paper Frog"],"potions_floor_usage":[33,35,41,50],"damage_taken":[{"damage":11.0,"enemies":"Jaw Worm","floor":1.0,"turns":2.0},{"damage":1.0,"enemies":"2 Louse","floor":2.0,"turns":2.0},{"damage":5.0,"enemies":"3 Sentries","floor":7.0,"turns":3.0},{"damage":10.0,"enemies":"Gremlin Nob","floor":10.0,"turns":5.0},{"damage":0.0,"enemies":"Cultist","floor":11.0,"turns":3.0},{"damage":0.0,"enemies":"2 Fungi Beasts","floor":14.0,"turns":3.0},{"damage":23.0,"enemies":"Slime Boss","floor":16.0,"turns":8.0},{"damage":9.0,"enemies":"Spheric Guardian","floor":18.0,"turns":5.0},{"damage":19.0,"enemies":"2 Thieves","floor":19.0,"turns":3.0},{"damage":8.0,"enemies":"Cultist and Chosen","floor":20.0,"turns":6.0},{"damage":10.0,"enemies":"Centurion and Healer","floor":22.0,"turns":6.0},{"damage":12.0,"enemies":"Snake Plant","floor":23.0,"turns":2.0},{"damage":15.0,"enemies":"Shelled Parasite and Fungi","floor":25.0,"turns":4.0},{"damage":17.0,"enemies":"Book of Stabbing","floor":29.0,"turns":4.0},{"damage":8.0,"enemies":"Cultist and Chosen","floor":30.0,"turns":4.0},{"damage":22,"enemies":"3 Cultists","floor":31,"turns":4},{"damage":67,"enemies":"Automaton","floor":33,"turns":11},{"damage":8,"enemies":"Orb Walker","floor":35,"turns":3},{"damage":4,"enemies":"3 Shapes","floor":38,"turns":5},{"damage":42,"enemies":"Spire Growth","floor":41,"turns":5},{"damage":22,"enemies":"Sphere and 2 Shapes","floor":45,"turns":6},{"damage":42,"enemies":"Transient","floor":48,"turns":5},{"damage":83,"enemies":"Awakened One","floor":50,"turns":9}],"seed_played":"5536338304693623756","potions_obtained":[{"floor":7.0,"key":"Dexterity Potion"},{"floor":10.0,"key":"Weak Potion"},{"floor":19.0,"key":"Block Potion"},{"floor":22.0,"key":"AttackPotion"},{"floor":23.0,"key":"Poison Potion"},{"floor":30.0,"key":"GamblersBrew"},{"floor":31,"key":"Ancient Potion"},{"floor":33,"key":"Fire Potion"},{"floor":38,"key":"GamblersBrew"},{"floor":48,"key":"Block Potion"}],"is_trial":false,"path_per_floor":["M","M","?","$","?","R","E","R","T","E","M","R","?","M","R","B",null,"M","M","M","?","M","M","R","M","T","$","?","E","M","M","R","B",null,"M","?","?","M","$","R","M","?","T","$","M","$","R","M","R","B"],"character_chosen":"IRONCLAD","items_purchased":["Energy Potion","Pantograph","Spot Weakness","Pummel","Master of Strategy","Pen Nib","Paper Frog","Dark Shackles"],"campfire_rested":4,"item_purchase_floors":[4,27,27,27,27,39,44,44],"current_hp_per_floor":[51,56,80,80,80,80,80,80,80,76,80,80,74,74,74,57,74,71,58,56,56,52,46,68,59,59,59,59,48,46,30,52,13,74,72,74,69,71,71,74,38,38,38,38,22,22,62,26,69,0],"gold":51,"neow_bonus":"THREE_RARE_CARDS","is_prod":false,"is_daily":false,"chose_seed":false,"campfire_upgraded":5,"win_rate":0,"timestamp":1560786084,"path_taken":["M","M","?","$","?","R","E","R","T","E","M","R","?","M","R","BOSS","M","M","M","?","M","?","R","M","T","$","?","E","M","?","R","BOSS","M","?","?","M","$","R","M","?","T","$","M","$","R","M","R","BOSS"],"build_version":"2019-01-23","purchased_purges":3,"victory":false,"max_hp_per_floor":[80,80,80,80,80,80,80,80,80,80,80,80,74,74,74,74,74,74,74,74,74,74,74,74,74,74,74,74,74,74,74,74,74,74,74,74,74,74,74,74,74,74,74,74,74,74,74,74,74,74],"card_choices":[{"not_picked":["Dark Embrace","Berserk"],"picked":"Immolate","floor":0.0},{"not_picked":["Thunderclap","Armaments"],"picked":"Power Through","floor":1.0},{"not_picked":["Whirlwind","Corruption"],"picked":"Iron Wave","floor":2.0},{"not_picked":["Thunderclap","Anger","Carnage"],"picked":"SKIP","floor":7.0},{"not_picked":["Heavy Blade","Twin Strike"],"picked":"Shrug It Off","floor":10.0},{"not_picked":["Reckless Charge","True Grit","Flex"],"picked":"SKIP","floor":11.0},{"not_picked":["Body Slam","Armaments"],"picked":"Brutality","floor":14.0},{"not_picked":["Bludgeon","Limit Break"],"picked":"Dark Embrace","floor":16.0},{"not_picked":["Combust","Flex"],"picked":"Pommel Strike","floor":18.0},{"not_picked":["Armaments","Whirlwind+1"],"picked":"Inflame+1","floor":19.0},{"not_picked":["Perfected Strike","Flex"],"picked":"Body Slam+1","floor":20.0},{"not_picked":["Twin Strike","Rage+1"],"picked":"Feel No Pain","floor":22.0},{"not_picked":["Cleave","Anger"],"picked":"Clothesline+1","floor":23.0},{"not_picked":["Flex","Iron Wave+1"],"picked":"Headbutt","floor":25.0},{"not_picked":["Hemokinesis","Corruption"],"picked":"Rampage","floor":29.0},{"not_picked":["Inflame","Twin Strike"],"picked":"Double Tap","floor":30.0},{"not_picked":["True Grit","Headbutt"],"picked":"Flame Barrier+1","floor":31},{"not_picked":["Berserk","Double Tap"],"picked":"Barricade","floor":33},{"not_picked":["Rampage","Perfected Strike"],"picked":"True Grit+1","floor":35},{"not_picked":["Good Instincts","Impatience"],"picked":"Metamorphosis","floor":37},{"not_picked":["Mayhem","Forethought"],"picked":"Flash of Steel","floor":37},{"not_picked":["Flame Barrier","Heavy Blade+1"],"picked":"Disarm+1","floor":38},{"not_picked":["Havoc","Clash+1","Twin Strike+1"],"picked":"SKIP","floor":41},{"not_picked":["Sword Boomerang","Shrug It Off+1","Blood for Blood+1"],"picked":"Battle Trance+1","floor":45},{"not_picked":["Clash","Spot Weakness","Immolate"],"picked":"Hemokinesis+1","floor":48}],"player_experience":858791,"relics_obtained":[{"floor":7.0,"key":"Red Skull"},{"floor":9.0,"key":"Boot"},{"floor":10.0,"key":"Vajra"},{"floor":26.0,"key":"Calipers"},{"floor":29.0,"key":"Anchor"},{"floor":43,"key":"Question Card"}],"event_choices":[{"damage_healed":26.0,"max_hp_gain":0.0,"max_hp_loss":0.0,"gold_gain":0.0,"event_name":"Big Fish","player_choice":"Banana","floor":3.0,"gold_loss":0.0,"damage_taken":0.0},{"damage_healed":0.0,"max_hp_gain":0.0,"max_hp_loss":0.0,"gold_gain":0.0,"cards_transformed":["Strike_R"],"event_name":"Living Wall","player_choice":"Change","floor":5.0,"gold_loss":0.0,"damage_taken":0.0,"cards_obtained":["Twin Strike"]},{"damage_healed":0.0,"max_hp_gain":0.0,"max_hp_loss":6.0,"gold_gain":0.0,"event_name":"Golden Idol","player_choice":"Lose Max HP","floor":13.0,"gold_loss":0.0,"damage_taken":0.0,"relics_obtained":["Golden Idol"]},{"damage_healed":0.0,"max_hp_gain":0.0,"max_hp_loss":0.0,"gold_gain":275.0,"event_name":"Golden Shrine","player_choice":"Desecrate","floor":21.0,"gold_loss":0.0,"damage_taken":0.0,"cards_obtained":["Regret"]},{"damage_healed":0.0,"max_hp_gain":0.0,"max_hp_loss":0.0,"gold_gain":0.0,"event_name":"N\u0027loth","player_choice":"Ignored","floor":28.0,"gold_loss":0.0,"damage_taken":0.0},{"damage_healed":19,"gold_gain":0,"player_choice":"Writhe","damage_taken":0,"max_hp_gain":0,"max_hp_loss":0,"event_name":"Winding Halls","floor":36,"gold_loss":0,"cards_obtained":["Writhe"]},{"damage_healed":0,"gold_gain":0,"player_choice":"Memory 2","damage_taken":5,"max_hp_gain":0,"max_hp_loss":0,"event_name":"SensoryStone","floor":37,"gold_loss":0},{"damage_healed":0,"gold_gain":333,"player_choice":"Gave Idol","damage_taken":0,"max_hp_gain":0,"max_hp_loss":0,"event_name":"The Moai Head","floor":42,"relics_lost":["Golden Idol"],"gold_loss":0}],"is_beta":false,"boss_relics":[{"not_picked":["Philosopher\u0027s Stone","Runic Dome"],"picked":"Mark of Pain"},{"not_picked":["White Beast Statue","Cursed Key"],"picked":"Eternal Feather"}],"items_purged_floors":[4,27,39],"is_endless":false,"potions_floor_spawned":[7,10,19,22,23,30,31,33,38,48],"killed_by":"Awakened One","ascension_level":0}