{"gold_per_floor":[119,135,135,153,328,353,353,363,363,363,363,64,64,99,99,227,227,218,231,501,501],"floor_reached":21,"playtime":813,"items_purged":[],"score":215,"play_id":"4ad8d27a-0726-4891-b600-52f0c1ff08e2","local_time":"20190425092430","is_ascension_mode":true,"campfire_choices":[{"data":"Infernal Blade","floor":7,"key":"SMITH"},{"data":"Power Through","floor":10,"key":"SMITH"},{"data":"Inflame","floor":13,"key":"SMITH"},{"data":"Flex","floor":15,"key":"SMITH"}],"neow_cost":"NONE","seed_source_timestamp":25545271571099,"circlet_count":0,"master_deck":["Strike_R","Strike_R","Strike_R","Strike_R","Strike_R","Defend_R","Defend_R","Defend_R","Defend_R","Bash","Infernal Blade+1","Shockwave","Anger","Doubt","Power Through+1","Flex+1","Injury","Inflame+1","Burning Pact","Twin Strike","Reaper","Thunderclap","Flame Barrier","Flex","Burning Pact","Shrug It Off","True Grit+1","True Grit+1"],"relics":["Burning Blood","NeowsBlessing","Bag of Preparation","Kunai","PreservedInsect","Golden Idol","ClockworkSouvenir","Smiling Mask","Orrery"],"potions_floor_usage":[21],"damage_taken":[{"damage":0,"enemies":"2 Louse","floor":1,"turns":1},{"damage":0,"enemies":"Jaw Worm","floor":2,"turns":1},{"damage":0,"enemies":"Small Slimes","floor":4,"turns":1},{"damage":30,"enemies":"Lagavulin","floor":6,"turns":5},{"damage":19,"enemies":"Exordium Wildlife","floor":8,"turns":6},{"damage":8,"enemies":"Gremlin Nob","floor":14,"turns":3},{"damage":19,"enemies":"Hexaghost","floor":16,"turns":10},{"damage":12,"enemies":"2 Thieves","floor":18,"turns":4},{"damage":3,"enemies":"Spheric Guardian","floor":19,"turns":4},{"damage":53,"enemies":"Shelled Parasite and Fungi","floor":21,"turns":8}],"seed_played":"-155451031078219050","potions_obtained":[{"floor":1,"key":"Poison Potion"},{"floor":6,"key":"BloodPotion"}],"is_trial":false,"path_per_floor":["M","M","?","M","?","E","R","M","T","R","?","$","R","E","R","B",null,"M","M","?","M"],"character_chosen":"IRONCLAD","items_purchased":["ClockworkSouvenir","Inflame","Burning Pact"],"campfire_rested":0,"item_purchase_floors":[12,12,12],"current_hp_per_floor":[80,80,73,79,79,55,55,42,42,42,42,42,42,40,40,27,80,74,77,45,0],"gold":501,"neow_bonus":"THREE_ENEMY_KILL","is_prod":false,"is_daily":false,"chose_seed":false,"campfire_upgraded":4,"win_rate":0,"timestamp":1556148270,"path_taken":["M","M","?","M","?","E","R","M","T","R","?","$","R","E","R","BOSS","M","M","?","M"],"build_version":"2019-01-23","purchased_purges":0,"victory":false,"max_hp_per_floor":[80,80,80,80,80,80,80,80,80,80,80,80,80,80,80,80,80,80,80,80,80],"card_choices":[{"not_picked":["Thunderclap","Iron Wave"],"picked":"Infernal Blade","floor":1},{"not_picked":["Seeing Red","Sever Soul"],"picked":"Shockwave","floor":2},{"not_picked":["Thunderclap","Fire Breathing"],"picked":"Anger","floor":4},{"not_picked":["Perfected Strike","Reckless Charge"],"picked":"Power Through","floor":6},{"not_picked":["Warcry","Rupture"],"picked":"Flex","floor":8},{"not_picked":["Shockwave","Thunderclap"],"picked":"Twin Strike","floor":14},{"not_picked":["Double Tap","Demon Form"],"picked":"Reaper","floor":16},{"not_picked":["Searing Blow","Hemokinesis"],"picked":"Thunderclap","floor":17},{"not_picked":["Perfected Strike","Thunderclap"],"picked":"Flame Barrier","floor":17},{"not_picked":["Reaper","Headbutt"],"picked":"Flex","floor":17},{"not_picked":["Anger","Heavy Blade"],"picked":"Burning Pact","floor":17},{"not_picked":["Blood for Blood","Seeing Red"],"picked":"Shrug It Off","floor":17},{"not_picked":["Iron Wave","Searing Blow"],"picked":"True Grit+1","floor":18},{"not_picked":["Sever Soul","Ghostly Armor"],"picked":"True Grit+1","floor":19}],"player_experience":475401,"relics_obtained":[{"floor":6,"key":"Kunai"},{"floor":9,"key":"PreservedInsect"},{"floor":14,"key":"Smiling Mask"}],"event_choices":[{"damage_healed":0,"gold_gain":0,"player_choice":"Success","damage_taken":7,"relics_obtained":["Bag of Preparation"],"max_hp_gain":0,"max_hp_loss":0,"event_name":"Scrap Ooze","floor":3,"gold_loss":0},{"damage_healed":0,"gold_gain":175,"player_choice":"AGREE","damage_taken":0,"max_hp_gain":0,"max_hp_loss":0,"event_name":"Liars Game","floor":5,"gold_loss":0,"cards_obtained":["Doubt"]},{"damage_healed":0,"gold_gain":0,"player_choice":"Take Wound","damage_taken":0,"relics_obtained":["Golden Idol"],"max_hp_gain":0,"max_hp_loss":0,"event_name":"Golden Idol","floor":11,"gold_loss":0,"cards_obtained":["Injury"]},{"damage_healed":0,"gold_gain":270,"player_choice":"GOLD GOLD GOLD ","damage_taken":32,"max_hp_gain":0,"max_hp_loss":0,"event_name":"Knowing Skull","floor":20,"potions_obtained":[],"gold_loss":0,"cards_obtained":[]}],"is_beta":false,"boss_relics":[{"not_picked":["Black Star","Coffee Dripper"],"picked":"Orrery"}],"items_purged_floors":[],"is_endless":false,"potions_floor_spawned":[1,6],"killed_by":"Shelled Parasite and Fungi","ascension_level":3}