{"gold_per_floor":[111,123,123,123,136,166,341,341,366,390,419,430,446,466,466,466],"floor_reached":16,"playtime":1050,"items_purged":[],"score":118,"play_id":"91fcd428-ed43-4f83-bfd2-8f8003b84359","local_time":"20190830212634","is_ascension_mode":true,"campfire_choices":[{"floor":8,"key":"REST"},{"floor":15,"key":"REST"}],"neow_cost":"NONE","seed_source_timestamp":59707491684800,"circlet_count":0,"master_deck":["Strike_G","Strike_G","Strike_G","Strike_G","Strike_G","Defend_G","Defend_G","Defend_G","Defend_G","Defend_G","Survivor","Neutralize","Escape Plan","Cloak And Dagger+1","Escape Plan","Accuracy","Doubt","Infinite Blades","Cloak And Dagger","Distraction","Dash","Acrobatics"],"relics":["Ring of the Snake","NeowsBlessing","Vajra","Dream Catcher","Anchor"],"potions_floor_usage":[11,16],"damage_taken":[{"damage":0,"enemies":"2 Louse","floor":1,"turns":1},{"damage":0,"enemies":"Cultist","floor":2,"turns":1},{"damage":0,"enemies":"Jaw Worm","floor":5,"turns":1},{"damage":23,"enemies":"3 Sentries","floor":6,"turns":13},{"damage":41,"enemies":"Gremlin Nob","floor":11,"turns":6},{"damage":5,"enemies":"Lots of Slimes","floor":12,"turns":4},{"damage":7,"enemies":"Blue Slaver","floor":13,"turns":4},{"damage":0,"enemies":"Looter","floor":14,"turns":3},{"damage":50,"enemies":"Hexaghost","floor":16,"turns":14}],"seed_played":"8468455728763087159","potions_obtained":[{"floor":1,"key":"Regen Potion"},{"floor":6,"key":"FearPotion"},{"floor":11,"key":"Swift Potion"},{"floor":12,"key":"Swift Potion"}],"is_trial":false,"path_per_floor":["M","M","?","$","M","E","?","R","T","T","E","M","M","M","R","B"],"character_chosen":"THE_SILENT","items_purchased":[],"campfire_rested":2,"item_purchase_floors":[],"current_hp_per_floor":[70,70,70,70,70,47,47,68,68,68,39,34,27,27,48,0],"gold":466,"neow_bonus":"THREE_ENEMY_KILL","is_prod":false,"is_daily":false,"chose_seed":false,"campfire_upgraded":0,"win_rate":0,"timestamp":1567218394,"path_taken":["M","M","?","$","?","E","?","R","T","?","E","?","M","M","R","BOSS"],"build_version":"2019-07-17","purchased_purges":0,"victory":false,"max_hp_per_floor":[70,70,70,70,70,70,70,70,70,70,70,70,70,70,70,70],"card_choices":[{"not_picked":["Choke","Infinite Blades"],"picked":"Escape Plan","floor":1},{"not_picked":["Dagger Throw","Deadly Poison"],"picked":"Cloak And Dagger","floor":2},{"not_picked":["Slice","Terror"],"picked":"Escape Plan","floor":5},{"not_picked":["Deadly Poison","Slice"],"picked":"Accuracy","floor":6},{"not_picked":["Deflect","Underhanded Strike"],"picked":"Infinite Blades","floor":11},{"not_picked":["Glass Knife","Flying Knee"],"picked":"Cloak And Dagger","floor":12},{"not_picked":["Underhanded Strike","All Out Attack"],"picked":"Distraction","floor":13},{"not_picked":["Cloak And Dagger","Prepared"],"picked":"Dash","floor":14},{"not_picked":["PiercingWail","Deadly Poison"],"picked":"Acrobatics","floor":15}],"player_experience":243085,"relics_obtained":[{"floor":6,"key":"Vajra"},{"floor":10,"key":"Dream Catcher"},{"floor":11,"key":"Anchor"}],"event_choices":[{"damage_healed":0,"gold_gain":0,"player_choice":"Forge","damage_taken":0,"max_hp_gain":0,"max_hp_loss":0,"event_name":"Accursed Blacksmith","floor":3,"gold_loss":0,"cards_upgraded":["Cloak And Dagger"]},{"damage_healed":0,"gold_gain":175,"player_choice":"AGREE","damage_taken":0,"max_hp_gain":0,"max_hp_loss":0,"event_name":"Liars Game","floor":7,"gold_loss":0,"cards_obtained":["Doubt"]}],"is_beta":false,"boss_relics":[],"items_purged_floors":[],"is_endless":false,"potions_floor_spawned":[1,6,11,12],"killed_by":"Hexaghost","ascension_level":1}