{"gold_per_floor":[110,121,121,141,21,55,55,55,110,140,157,157,157,189,201,290,302,328,350,362,374],"floor_reached":21,"playtime":760,"items_purged":["Regret"],"score":350,"play_id":"bbac575e-1224-4312-a6ba-da5376993f6f","local_time":"20190805011027","is_ascension_mode":true,"campfire_choices":[{"data":"Pommel Strike","floor":7,"key":"SMITH"},{"floor":12,"key":"REST"},{"data":"Flame Barrier","floor":15,"key":"SMITH"}],"neow_cost":"NONE","seed_source_timestamp":35329141831654,"circlet_count":0,"master_deck":["AscendersBane","Strike_R","Strike_R","Strike_R","Strike_R","Defend_R","Defend_R","Defend_R","Defend_R","Bash","Dropkick","Spot Weakness","Flame Barrier+1","Metallicize","Pommel Strike+1","Cleave","Clothesline","Corruption+1","Berserk+1","Shrug It Off","J.A.X."],"relics":["Burning Blood","Pen Nib","Happy Flower","Bronze Scales","Frozen Egg 2","MawBank","Eternal Feather"],"potions_floor_usage":[10,16,21],"damage_taken":[{"damage":5,"enemies":"Small Slimes","floor":1,"turns":3},{"damage":9,"enemies":"Jaw Worm","floor":2,"turns":4},{"damage":3,"enemies":"Cultist","floor":4,"turns":2},{"damage":29,"enemies":"Gremlin Nob","floor":6,"turns":5},{"damage":14,"enemies":"3 Sentries","floor":10,"turns":8},{"damage":13,"enemies":"Exordium Thugs","floor":11,"turns":4},{"damage":4,"enemies":"2 Fungi Beasts","floor":14,"turns":3},{"damage":17,"enemies":"Hexaghost","floor":16,"turns":9},{"damage":33,"enemies":"2 Thieves","floor":18,"turns":5},{"damage":32,"enemies":"Shell Parasite","floor":19,"turns":4},{"damage":49,"enemies":"Centurion and Healer","floor":21,"turns":5}],"seed_played":"5243509307677503538","potions_obtained":[{"floor":4,"key":"BloodPotion"},{"floor":6,"key":"Poison Potion"},{"floor":11,"key":"Weak Potion"},{"floor":14,"key":"PowerPotion"}],"is_trial":false,"path_per_floor":["M","M","?","M","$","E","R","?","T","E","M","R","T","M","R","B",null,"M","M","?","M"],"character_chosen":"IRONCLAD","items_purchased":["Metallicize"],"campfire_rested":1,"item_purchase_floors":[5],"current_hp_per_floor":[76,73,73,76,76,53,53,53,53,45,38,62,62,64,64,53,75,48,22,22,0],"gold":374,"neow_bonus":"TEN_PERCENT_HP_BONUS","is_prod":false,"is_daily":false,"chose_seed":false,"campfire_upgraded":2,"win_rate":0,"timestamp":1564931427,"path_taken":["M","M","?","M","$","E","R","?","T","E","?","R","?","M","R","BOSS","M","M","?","M"],"build_version":"2019-07-17","purchased_purges":1,"victory":false,"max_hp_per_floor":[82,82,82,82,82,82,82,82,82,82,82,82,82,82,82,82,82,82,82,82,82],"card_choices":[{"not_picked":["Cleave","Twin Strike"],"picked":"Dropkick","floor":1},{"not_picked":["Flex","Thunderclap"],"picked":"Spot Weakness","floor":2},{"not_picked":["Sword Boomerang","Thunderclap"],"picked":"Flame Barrier","floor":4},{"not_picked":["Clash","Armaments"],"picked":"Pommel Strike","floor":6},{"not_picked":["Ghostly Armor","Shrug It Off"],"picked":"Cleave","floor":10},{"not_picked":["Whirlwind","Headbutt"],"picked":"Clothesline","floor":11},{"not_picked":["Wild Strike","Dark Embrace+1"],"picked":"Corruption+1","floor":14},{"not_picked":["Immolate","Brutality+1"],"picked":"Berserk+1","floor":16},{"not_picked":["Cleave","Combust+1","Searing Blow"],"picked":"SKIP","floor":18},{"not_picked":["Perfected Strike","Flex"],"picked":"Shrug It Off","floor":19}],"player_experience":1133217,"relics_obtained":[{"floor":6,"key":"Happy Flower"},{"floor":9,"key":"Bronze Scales"},{"floor":10,"key":"Frozen Egg 2"},{"floor":13,"key":"MawBank"}],"event_choices":[{"damage_healed":0,"gold_gain":0,"player_choice":"Box","damage_taken":0,"relics_obtained":["Pen Nib"],"max_hp_gain":0,"max_hp_loss":0,"event_name":"Big Fish","floor":3,"gold_loss":0,"cards_obtained":["Regret"]},{"cards_removed":["Strike_R"],"damage_healed":0,"gold_gain":0,"player_choice":"Offered Basic","damage_taken":0,"max_hp_gain":0,"max_hp_loss":0,"event_name":"Bonfire Elementals","floor":8,"gold_loss":0},{"damage_healed":0,"gold_gain":0,"player_choice":"Obtain J.A.X.","damage_taken":0,"max_hp_gain":0,"max_hp_loss":0,"event_name":"Drug Dealer","floor":20,"gold_loss":0,"cards_obtained":["J.A.X."]}],"is_beta":false,"boss_relics":[{"not_picked":["Pandora\u0027s Box","Black Blood"],"picked":"Eternal Feather"}],"items_purged_floors":[5],"is_endless":false,"potions_floor_spawned":[4,6,11,14],"killed_by":"Centurion and Healer","ascension_level":17}