{"path_per_floor":["M","?","M","M","M","R","M","M","T","E","R","M","R","M","R","B",null,"M","M","$","$","?","R"],"character_chosen":"IRONCLAD","items_purchased":["Warcry"],"gold_per_floor":[110,60,78,97,108,108,125,136,136,169,169,186,186,203,203,304,304,320,294,173,73,73,73],"floor_reached":24,"campfire_rested":2,"playtime":1738,"current_hp_per_floor":[79,79,80,80,61,61,63,59,59,48,48,53,53,55,79,37,80,42,17,17,17,43,67],"items_purged":["Strike_R","Strike_R"],"gold":73,"score":200,"play_id":"649e6d6a-5446-4b0f-bc58-46d6acc1ed05","local_time":"20180320212859","is_prod":false,"is_daily":false,"is_ascension_mode":false,"campfire_upgraded":1,"timestamp":1521595739,"path_taken":["M","?","M","M","M","R","M","M","T","E","R","M","R","M","R","BOSS","M","M","?","$","?","R","E"],"build_version":"2018-03-15v3","purchased_purges":2,"victory":false,"master_deck":["Strike_R","Strike_R","Defend_R","Defend_R","Bash+1","Searing Blow+1","Armaments","Ghostly Armor","Feel No Pain","Armaments","Burning Pact","Battle Trance","Juggernaut","Barricade","Body Slam","Infernal Blade","Warcry"],"max_hp_per_floor":[80,80,80,80,80,80,80,80,80,80,80,80,80,80,80,80,80,80,80,80,80,80,80],"relics":["Burning Blood","Peace Pipe","Blood Vial","Black Star"],"card_choices":[{"not_picked":["Sword Boomerang","Infernal Blade"],"picked":"Searing Blow"},{"not_picked":["Heavy Blade","Feed"],"picked":"Armaments"},{"not_picked":["Spot Weakness","Searing Blow"],"picked":"Ghostly Armor"},{"not_picked":["True Grit","Shrug It Off"],"picked":"Feel No Pain"},{"not_picked":["Clash","Anger"],"picked":"Armaments"},{"not_picked":["Disarm","Dropkick"],"picked":"Burning Pact"},{"not_picked":["Clothesline","Iron Wave"],"picked":"Battle Trance"},{"not_picked":["Shockwave","Clash"],"picked":"Juggernaut"},{"not_picked":["Juggernaut","Impervious"],"picked":"Barricade"},{"not_picked":["Armaments","Twin Strike"],"picked":"Body Slam"},{"not_picked":["Heavy Blade","Sword Boomerang"],"picked":"Infernal Blade"}],"player_experience":29880,"potions_floor_usage":[10,16,16,18,19],"damage_taken":[{"damage":7,"enemies":"2 Louse","floor":1,"turns":3},{"damage":0,"enemies":"Small Slimes","floor":3,"turns":4},{"damage":1,"enemies":"Cultist","floor":4,"turns":3},{"damage":25,"enemies":"Large Slime","floor":5,"turns":9},{"damage":4,"enemies":"3 Louse","floor":7,"turns":6},{"damage":10,"enemies":"Looter","floor":8,"turns":3},{"damage":17,"enemies":"Lagavulin","floor":10,"turns":13},{"damage":3,"enemies":"2 Fungi Beasts","floor":12,"turns":4},{"damage":6,"enemies":"Large Slime","floor":14,"turns":11},{"damage":49,"enemies":"The Guardian","floor":16,"turns":13},{"damage":44,"enemies":"Spheric Guardian","floor":18,"turns":14},{"damage":33,"enemies":"2 Thieves","floor":19,"turns":5},{"damage":76,"enemies":"Gremlin Leader","floor":24,"turns":3}],"event_choices":[{"event_name":"The Cleric","player_choice":"Card Removal","floor":2,"damage_taken":0},{"event_name":"The Library","player_choice":"Heal","floor":22,"damage_taken":0}],"boss_relics":[{"not_picked":["Runic Dome","Lizard Tail"],"picked":"Black Star"}],"potions_floor_spawned":[4,5,10,12,16],"seed_played":"-7366316895165098600","killed_by":"Gremlin Leader","ascension_level":0,"is_trial":false}