{"gold_per_floor":[113,129,79,91,108,140,140,174,225,259,235,248,266,276,276,380,380,396,396],"floor_reached":19,"playtime":1127,"items_purged":[],"score":201,"play_id":"749f41ef-8097-4410-a1bd-5f8a6a479341","local_time":"20190420212721","is_ascension_mode":true,"campfire_choices":[{"floor":7,"key":"REST"},{"floor":15,"key":"REST"}],"neow_cost":"NONE","seed_source_timestamp":26450227218933,"circlet_count":0,"master_deck":["Defend_G","Defend_G","Defend_G","Defend_G","Defend_G","Strike_G","Strike_G","Strike_G","Strike_G","Survivor","Neutralize+1","Deflect","Poisoned Stab","Outmaneuver","Bane","Footwork","Deadly Poison","Poisoned Stab","Flechettes","Dagger Spray","Poisoned Stab","Bullet Time","Deadly Poison"],"relics":["Ring of the Snake","Happy Flower","Ornamental Fan","Orichalcum","Anchor","HoveringKite"],"potions_floor_usage":[6,10,13,16,16,19],"damage_taken":[{"damage":0,"enemies":"Jaw Worm","floor":1,"turns":5},{"damage":0,"enemies":"Small Slimes","floor":2,"turns":4},{"damage":0,"enemies":"2 Louse","floor":4,"turns":3},{"damage":0,"enemies":"Blue Slaver","floor":5,"turns":5},{"damage":38,"enemies":"Gremlin Nob","floor":6,"turns":5},{"damage":24,"enemies":"3 Sentries","floor":8,"turns":14},{"damage":28,"enemies":"Gremlin Nob","floor":10,"turns":5},{"damage":0,"enemies":"Gremlin Gang","floor":12,"turns":5},{"damage":0,"enemies":"3 Louse","floor":13,"turns":4},{"damage":0,"enemies":"Exordium Thugs","floor":14,"turns":4},{"damage":24,"enemies":"Hexaghost","floor":16,"turns":10},{"damage":51,"enemies":"3 Byrds","floor":18,"turns":9},{"damage":25,"enemies":"Spheric Guardian","floor":19,"turns":5}],"seed_played":"-4400237246611800621","potions_obtained":[{"floor":5,"key":"Weak Potion"},{"floor":8,"key":"AttackPotion"},{"floor":12,"key":"SneckoOil"},{"floor":13,"key":"Fruit Juice"},{"floor":14,"key":"Ancient Potion"},{"floor":18,"key":"FearPotion"}],"is_trial":false,"path_per_floor":["M","M","?","M","M","E","R","E","T","E","?","M","M","M","R","B",null,"M","M"],"character_chosen":"THE_SILENT","items_purchased":[],"campfire_rested":2,"item_purchase_floors":[],"current_hp_per_floor":[70,70,70,70,70,32,53,29,29,1,1,1,6,6,28,4,75,24,0],"gold":396,"neow_bonus":"UPGRADE_CARD","is_prod":false,"is_daily":false,"chose_seed":false,"campfire_upgraded":0,"win_rate":0,"timestamp":1555759641,"path_taken":["M","M","?","M","M","E","R","E","T","E","?","M","M","M","R","BOSS","M","M"],"build_version":"2019-01-23","purchased_purges":0,"victory":false,"max_hp_per_floor":[70,70,70,70,70,70,70,70,70,70,70,70,75,75,75,75,75,75,75],"card_choices":[{"not_picked":["Flying Knee","Sucker Punch"],"picked":"Deflect","floor":1},{"not_picked":["Flying Knee","Acrobatics"],"picked":"Poisoned Stab","floor":2},{"not_picked":["A Thousand Cuts","Choke"],"picked":"Outmaneuver","floor":4},{"not_picked":["PiercingWail","Backstab"],"picked":"Bane","floor":5},{"not_picked":["Acrobatics","Finisher"],"picked":"Footwork","floor":6},{"not_picked":["Heel Hook","Dagger Throw"],"picked":"Deadly Poison","floor":8},{"not_picked":["Infinite Blades","Dodge and Roll"],"picked":"Poisoned Stab","floor":10},{"not_picked":["Night Terror","Backflip"],"picked":"Flechettes","floor":12},{"not_picked":["Acrobatics","Heel Hook"],"picked":"Dagger Spray","floor":13},{"not_picked":["Slice","PiercingWail"],"picked":"Poisoned Stab","floor":14},{"not_picked":["Grand Finale","Phantasmal Killer"],"picked":"Bullet Time","floor":16},{"not_picked":["Backflip","Slice"],"picked":"Deadly Poison","floor":18}],"player_experience":357397,"relics_obtained":[{"floor":6,"key":"Happy Flower"},{"floor":8,"key":"Ornamental Fan"},{"floor":9,"key":"Orichalcum"},{"floor":10,"key":"Anchor"}],"event_choices":[{"cards_removed":["Strike_G"],"damage_healed":0,"gold_gain":0,"player_choice":"Card Removal","damage_taken":0,"max_hp_gain":0,"max_hp_loss":0,"event_name":"The Cleric","floor":3,"gold_loss":50},{"damage_healed":0,"gold_gain":0,"player_choice":"Left Gold","damage_taken":0,"max_hp_gain":0,"max_hp_loss":0,"event_name":"World of Goop","floor":11,"gold_loss":24}],"is_beta":false,"boss_relics":[{"not_picked":["Astrolabe","Velvet Choker"],"picked":"HoveringKite"}],"items_purged_floors":[],"is_endless":false,"potions_floor_spawned":[5,8,12,13,14,18],"killed_by":"Spheric Guardian","ascension_level":1}