{"gold_per_floor":[111,130,143,122,122,151,151,175,175,175,207,207,241,8,8,113,113,129,162,72,86,98,129,129,129],"floor_reached":25,"playtime":993,"items_purged":[],"score":284,"play_id":"087aeaec-c11a-48b7-aca0-2cc6adb66bbe","local_time":"20190424060508","is_ascension_mode":true,"campfire_choices":[{"floor":7,"key":"REST"},{"floor":10,"key":"REST"},{"floor":12,"key":"REST"},{"floor":15,"key":"REST"},{"floor":24,"key":"REST"}],"neow_cost":"NONE","seed_source_timestamp":73343752244135,"circlet_count":0,"master_deck":["Defend_G+1","Defend_G","Defend_G","Defend_G","Defend_G","Strike_G","Strike_G","Strike_G","Strike_G","Survivor","Neutralize","Finesse","Accuracy","Blade Dance","Blade Dance","Deflect","Caltrops","Infinite Blades","Burst","Backflip","Tactician","Distraction","Poisoned Stab","Infinite Blades+1"],"relics":["Ring of the Snake","Anchor","Sundial","Vajra","Juzu Bracelet","Snake Skull","Bottled Tornado","Bronze Scales","Lizard Tail","Red Mask","Boot"],"potions_floor_usage":[6,13,19,21,22,23],"damage_taken":[{"damage":5,"enemies":"Jaw Worm","floor":1,"turns":6},{"damage":5,"enemies":"Cultist","floor":2,"turns":5},{"damage":0,"enemies":"2 Louse","floor":3,"turns":3},{"damage":39,"enemies":"Lagavulin","floor":6,"turns":9},{"damage":24,"enemies":"Gremlin Nob","floor":11,"turns":4},{"damage":35,"enemies":"Lagavulin","floor":13,"turns":8},{"damage":15,"enemies":"Slime Boss","floor":16,"turns":10},{"damage":23,"enemies":"Chosen","floor":18,"turns":5},{"damage":41,"enemies":"Masked Bandits","floor":19,"turns":5},{"damage":1,"enemies":"3 Byrds","floor":21,"turns":3},{"damage":10,"enemies":"Centurion and Healer","floor":22,"turns":6},{"damage":33,"enemies":"Slavers","floor":23,"turns":5},{"damage":27,"enemies":"Book of Stabbing","floor":25,"turns":4}],"seed_played":"-4995958809201721479","potions_obtained":[{"floor":2,"key":"Poison Potion"},{"floor":6,"key":"SteroidPotion"},{"floor":16,"key":"SpeedPotion"},{"floor":18,"key":"Energy Potion"},{"floor":19,"key":"Strength Potion"},{"floor":22,"key":"SteroidPotion"}],"is_trial":false,"path_per_floor":["M","M","M","?","?","E","R","T","T","R","E","R","E","$","R","B",null,"M","?","?","M","M","E","R","E"],"character_chosen":"THE_SILENT","items_purchased":["Bronze Scales","Infinite Blades"],"campfire_rested":5,"item_purchase_floors":[14,14],"current_hp_per_floor":[65,60,60,60,48,9,30,30,30,51,27,48,13,13,34,19,70,47,6,6,5,35,2,23,0],"gold":129,"neow_bonus":"RANDOM_COLORLESS","is_prod":false,"is_daily":false,"chose_seed":false,"campfire_upgraded":0,"win_rate":0,"timestamp":1556049908,"path_taken":["M","M","M","?","?","E","R","?","T","R","E","R","E","$","R","BOSS","M","?","?","M","M","E","R","E"],"build_version":"2019-01-23","purchased_purges":0,"victory":false,"max_hp_per_floor":[70,70,70,70,70,70,70,70,70,70,70,70,70,70,70,70,70,70,70,70,70,70,70,70,70],"card_choices":[{"not_picked":["Concentrate","Heel Hook"],"picked":"Accuracy","floor":1},{"not_picked":["Sucker Punch","Bouncing Flask"],"picked":"Blade Dance","floor":2},{"not_picked":["PiercingWail","Finisher"],"picked":"Blade Dance","floor":3},{"not_picked":["Calculated Gamble","Caltrops"],"picked":"Deflect","floor":6},{"not_picked":["Underhanded Strike","PiercingWail"],"picked":"Caltrops","floor":11},{"not_picked":["Masterful Stab","Flying Knee","Eviscerate"],"picked":"SKIP","floor":13},{"not_picked":["Masterful Stab","Flying Knee","Eviscerate"],"picked":"SKIP","floor":13},{"not_picked":["Storm of Steel","Bullet Time"],"picked":"Burst","floor":16},{"not_picked":["Deflect","Masterful Stab"],"picked":"Backflip","floor":18},{"not_picked":["Blade Dance","PiercingWail"],"picked":"Tactician","floor":19},{"not_picked":["Prepared","Backflip"],"picked":"Distraction","floor":21},{"not_picked":["PiercingWail","Acrobatics+1"],"picked":"Poisoned Stab","floor":22},{"not_picked":["Setup","Bane"],"picked":"Infinite Blades+1","floor":23}],"player_experience":450553,"relics_obtained":[{"floor":6,"key":"Sundial"},{"floor":8,"key":"Vajra"},{"floor":9,"key":"Juzu Bracelet"},{"floor":11,"key":"Snake Skull"},{"floor":13,"key":"Bottled Tornado"},{"floor":19,"key":"Red Mask"},{"floor":23,"key":"Boot"}],"event_choices":[{"damage_healed":0,"gold_gain":0,"player_choice":"Left Gold","damage_taken":0,"max_hp_gain":0,"max_hp_loss":0,"event_name":"World of Goop","floor":4,"gold_loss":21},{"damage_healed":0,"gold_gain":0,"player_choice":"Success","damage_taken":12,"relics_obtained":["Anchor"],"max_hp_gain":0,"max_hp_loss":0,"event_name":"Scrap Ooze","floor":5,"gold_loss":0},{"damage_healed":0,"gold_gain":0,"player_choice":"Fought Bandits","damage_taken":0,"max_hp_gain":0,"max_hp_loss":0,"event_name":"Masked Bandits","floor":19,"gold_loss":0},{"cards_removed":["Strike_G"],"damage_healed":0,"gold_gain":0,"player_choice":"Upgrade and Remove","damage_taken":0,"max_hp_gain":0,"max_hp_loss":0,"event_name":"Designer","floor":20,"gold_loss":90,"cards_upgraded":["Defend_G"]}],"is_beta":false,"boss_relics":[{"not_picked":["Tiny House","Empty Cage"],"picked":"Lizard Tail"}],"items_purged_floors":[],"is_endless":false,"potions_floor_spawned":[2,6,16,18,19,22],"killed_by":"Book of Stabbing","ascension_level":4}