{"gold_per_floor":[114,133,146,164,183,209,209,244,279,291,319,361,373,399,411,523,535,560,572,595,623,653,692,704,746,811,823,745,768,796,837,849,962,974,996,1008,543,543,557,588,603,603,677,28,46,70,0,33,33,33],"floor_reached":51,"playtime":4357,"items_purged":["Skewer","Bane"],"score":1048,"play_id":"fc2e0e03-93ef-48fc-b2c3-3d7923887523","local_time":"20190914002903","is_ascension_mode":true,"campfire_choices":[{"data":"Neutralize","floor":7.0,"key":"SMITH"},{"data":"Caltrops","floor":10.0,"key":"SMITH"},{"floor":15.0,"key":"REST"},{"floor":24.0,"key":"REST"},{"floor":27.0,"key":"REST"},{"floor":32.0,"key":"REST"},{"data":"Tools of the Trade","floor":42.0,"key":"SMITH"},{"floor":49.0,"key":"REST"}],"neow_cost":"NONE","seed_source_timestamp":185456040695100,"circlet_count":0,"master_deck":["Survivor","Neutralize+1","Dagger Throw","Well Laid Plans","Underhanded Strike+1","PiercingWail","Caltrops+1","Cloak And Dagger","Accuracy","Malaise","Tools of the Trade+1","Underhanded Strike","Dagger Throw","Catalyst","Deadly Poison+1","Underhanded Strike","Burst+1","Blade Dance","Prepared","Backflip","Malaise+1","Accuracy","Bouncing Flask","Prepared+1","Acrobatics","Noxious Fumes","Tactician+1","Underhanded Strike+1","Footwork","Acrobatics"],"special_seed":0,"relics":["Ring of the Snake","NeowsBlessing","Ninja Scroll","MawBank","Regal Pillow","Pen Nib","Bag of Marbles","Sozu","Art of War","Vajra","PreservedInsect","Anchor","Pandora\u0027s Box","Blood Vial","Strawberry","Tough Bandages","Bottled Tornado","Sling","War Paint","Red Mask","Juzu Bracelet"],"potions_floor_usage":[50,50],"damage_taken":[{"damage":0.0,"enemies":"Cultist","floor":1.0,"turns":1.0},{"damage":0.0,"enemies":"Small Slimes","floor":2.0,"turns":1.0},{"damage":0.0,"enemies":"2 Louse","floor":3.0,"turns":1.0},{"damage":0.0,"enemies":"Large Slime","floor":4.0,"turns":8.0},{"damage":10.0,"enemies":"Gremlin Gang","floor":5.0,"turns":5.0},{"damage":34.0,"enemies":"3 Sentries","floor":6.0,"turns":11.0},{"damage":18.0,"enemies":"Gremlin Nob","floor":8.0,"turns":4.0},{"damage":0.0,"enemies":"Exordium Wildlife","floor":11.0,"turns":5.0},{"damage":13.0,"enemies":"3 Sentries","floor":12.0,"turns":8.0},{"damage":0.0,"enemies":"2 Fungi Beasts","floor":14.0,"turns":3.0},{"damage":16.0,"enemies":"The Guardian","floor":16.0,"turns":11.0},{"damage":0.0,"enemies":"2 Thieves","floor":18.0,"turns":4.0},{"damage":2.0,"enemies":"Chosen","floor":20.0,"turns":4.0},{"damage":8.0,"enemies":"3 Cultists","floor":21.0,"turns":5.0},{"damage":17.0,"enemies":"Cultist and Chosen","floor":22.0,"turns":6.0},{"damage":20.0,"enemies":"Slavers","floor":23.0,"turns":4.0},{"damage":47.0,"enemies":"Gremlin Leader","floor":25.0,"turns":7.0},{"damage":0.0,"enemies":"Snake Plant","floor":29.0,"turns":2.0},{"damage":0.0,"enemies":"Chosen and Byrds","floor":30.0,"turns":4.0},{"damage":10.0,"enemies":"Book of Stabbing","floor":31.0,"turns":3.0},{"damage":35.0,"enemies":"Automaton","floor":33.0,"turns":10.0},{"damage":0.0,"enemies":"Orb Walker","floor":35.0,"turns":3.0},{"damage":7.0,"enemies":"3 Darklings","floor":39.0,"turns":5.0},{"damage":19.0,"enemies":"Giant Head","floor":40.0,"turns":6.0},{"damage":3.0,"enemies":"Jaw Worm Horde","floor":41.0,"turns":4.0},{"damage":0.0,"enemies":"Sphere and 2 Shapes","floor":45.0,"turns":3.0},{"damage":48.0,"enemies":"Reptomancer","floor":48.0,"turns":5.0},{"damage":53,"enemies":"Time Eater","floor":50,"turns":10}],"seed_played":"5640227532390731936","potions_obtained":[{"floor":2.0,"key":"GhostInAJar"},{"floor":3.0,"key":"Dexterity Potion"},{"floor":4.0,"key":"Regen Potion"},{"floor":5.0,"key":"Regen Potion"},{"floor":8.0,"key":"Energy Potion"},{"floor":11.0,"key":"Poison Potion"},{"floor":16.0,"key":"Strength Potion"}],"is_trial":false,"path_per_floor":["M","M","M","M","M","E","R","E","T","R","M","E","?","M","R","B",null,"M","?","M","M","M","E","R","E","T","R","?","M","M","E","R","B",null,"M","?","$","?","M","E","M","R","T","$","M","T","?","E","R","B",null],"character_chosen":"THE_SILENT","items_purchased":["Acrobatics","Noxious Fumes","Blood Vial","Strawberry","Footwork","Bottled Tornado","Sling","Acrobatics"],"campfire_rested":5,"item_purchase_floors":[37,37,37,37,44,44,44,44],"current_hp_per_floor":[63,63,63,63,53,69,69,51,51,51,51,38,26,26,62,46,64,64,64,62,54,37,17,53,6,6,42,42,42,42,32,68,33,61,61,61,68,83,76,59,58,58,58,58,60,60,60,14,53,2],"gold":33,"neow_bonus":"THREE_ENEMY_KILL","is_prod":false,"is_daily":false,"chose_seed":false,"campfire_upgraded":3,"win_rate":0,"timestamp":1568410143,"path_taken":["M","M","?","M","?","E","R","E","T","R","M","E","?","M","R","BOSS","M","?","M","M","M","E","R","E","T","R","?","?","M","E","R","BOSS","M","?","$","?","?","E","M","R","T","?","M","?","?","E","R","BOSS"],"build_version":"2019-07-17","purchased_purges":2,"victory":true,"max_hp_per_floor":[70,70,70,70,70,70,70,70,70,70,70,70,70,70,70,70,70,70,70,70,70,70,70,70,70,70,70,70,70,70,70,70,70,70,70,66,73,83,83,83,83,83,83,83,83,83,83,83,83,83],"card_choices":[{"not_picked":["Blade Dance","Outmaneuver"],"picked":"Dagger Throw","floor":1.0},{"not_picked":["Deadly Poison","Backstab"],"picked":"Well Laid Plans","floor":2.0},{"not_picked":["Expertise","Caltrops"],"picked":"Underhanded Strike","floor":3.0},{"not_picked":["Masterful Stab","Quick Slash","Setup"],"picked":"SKIP","floor":4.0},{"not_picked":["Deadly Poison","Cloak And Dagger"],"picked":"PiercingWail","floor":5.0},{"not_picked":["Eviscerate","Reflex"],"picked":"Caltrops","floor":6.0},{"not_picked":["Choke","Well Laid Plans","PiercingWail"],"picked":"SKIP","floor":8.0},{"not_picked":["Heel Hook","Flying Knee"],"picked":"Cloak And Dagger","floor":11.0},{"not_picked":["Infinite Blades","Deflect"],"picked":"Accuracy","floor":12.0},{"not_picked":["Expertise","Choke"],"picked":"Malaise","floor":14.0},{"not_picked":["Bullet Time","Night Terror"],"picked":"Tools of the Trade","floor":16.0},{"not_picked":["Poisoned Stab+1","Bane+1","Deflect"],"picked":"SKIP","floor":18.0},{"not_picked":["Dash","Acrobatics","Bullet Time"],"picked":"SKIP","floor":20.0},{"not_picked":["Prepared","Slice+1"],"picked":"Underhanded Strike","floor":21.0},{"not_picked":["Bane","Dodge and Roll"],"picked":"Dagger Throw","floor":22.0},{"not_picked":["Slice+1","Quick Slash"],"picked":"Catalyst","floor":23.0},{"not_picked":["Escape Plan+1","Underhanded Strike"],"picked":"Deadly Poison+1","floor":25.0},{"not_picked":["Tools of the Trade","Caltrops+1"],"picked":"Underhanded Strike","floor":29.0},{"not_picked":["Quick Slash","Riddle With Holes+1","Dash"],"picked":"SKIP","floor":30.0},{"not_picked":["Deflect","Bane","Choke"],"picked":"SKIP","floor":31.0},{"not_picked":["Grand Finale","Doppelganger"],"picked":"Burst","floor":33.0},{"not_picked":["Quick Slash","Deflect+1"],"picked":"Prepared+1","floor":35.0},{"not_picked":["Outmaneuver+1","Acrobatics"],"picked":"Tactician+1","floor":39.0},{"not_picked":["Slice","Dagger Throw+1","Flying Knee"],"picked":"SKIP","floor":40.0},{"not_picked":["Calculated Gamble","Sucker Punch+1"],"picked":"Underhanded Strike+1","floor":41.0},{"not_picked":["Deflect","Bouncing Flask","Well Laid Plans"],"picked":"SKIP","floor":45.0},{"not_picked":["Outmaneuver+1","Setup","Slice+1"],"picked":"SKIP","floor":48.0}],"player_experience":261276,"relics_obtained":[{"floor":6.0,"key":"Ninja Scroll"},{"floor":8.0,"key":"MawBank"},{"floor":9.0,"key":"Regal Pillow"},{"floor":12.0,"key":"Pen Nib"},{"floor":23.0,"key":"Art of War"},{"floor":25.0,"key":"Vajra"},{"floor":26.0,"key":"PreservedInsect"},{"floor":31.0,"key":"Anchor"},{"floor":40.0,"key":"Tough Bandages"},{"floor":46.0,"key":"War Paint"},{"floor":48.0,"key":"Juzu Bracelet"}],"event_choices":[{"damage_healed":0.0,"max_hp_gain":0.0,"max_hp_loss":0.0,"gold_gain":0.0,"event_name":"Scrap Ooze","player_choice":"Success","floor":13.0,"gold_loss":0.0,"damage_taken":12.0,"relics_obtained":["Bag of Marbles"]},{"damage_healed":0.0,"max_hp_gain":0.0,"max_hp_loss":0.0,"gold_gain":0.0,"event_name":"Back to Basics","player_choice":"Simplicity","floor":19.0,"gold_loss":0.0,"damage_taken":0.0,"cards_upgraded":["Strike_G","Strike_G","Strike_G","Strike_G","Strike_G","Defend_G","Defend_G","Defend_G","Defend_G","Defend_G"]},{"cards_removed":["Strike_G"],"damage_healed":0.0,"max_hp_gain":0.0,"max_hp_loss":0.0,"gold_gain":0.0,"event_name":"Designer","player_choice":"Upgrade and Remove","floor":28.0,"gold_loss":90.0,"damage_taken":0.0,"cards_upgraded":["Underhanded Strike"]},{"damage_healed":0.0,"max_hp_gain":0.0,"max_hp_loss":4.0,"gold_gain":0.0,"event_name":"Winding Halls","player_choice":"Max HP","floor":36.0,"gold_loss":0.0,"damage_taken":0.0},{"cards_removed":["Burst"],"damage_healed":5.0,"max_hp_gain":10.0,"max_hp_loss":0.0,"gold_gain":0.0,"event_name":"Bonfire Elementals","player_choice":"Offered Rare","floor":38.0,"gold_loss":0.0,"damage_taken":0.0},{"damage_healed":0.0,"max_hp_gain":0.0,"max_hp_loss":0.0,"gold_gain":0.0,"event_name":"Tomb of Lord Red Mask","player_choice":"Paid","floor":47.0,"gold_loss":70.0,"damage_taken":0.0,"relics_obtained":["Red Mask"]}],"is_beta":false,"boss_relics":[{"not_picked":["Runic Dome","WristBlade"],"picked":"Sozu"},{"not_picked":["Black Star","Cursed Key"],"picked":"Pandora\u0027s Box"}],"items_purged_floors":[37,44],"is_endless":false,"potions_floor_spawned":[2,3,4,5,8,11,16,18,29,30,39,40,45],"ascension_level":7}