{"gold_per_floor":[119,134,2,2,15,15,45,45,70,90,104,104,129,54,54,153,153,164,181,195,195,43,43,72,72,72,72,90,106,106],"floor_reached":30,"playtime":890,"items_purged":["Strike_R"],"score":464,"play_id":"71ff3c2b-d589-4fd2-bb00-d69e07957d93","local_time":"20181202164659","is_ascension_mode":true,"campfire_choices":[{"data":"Limit Break","floor":6,"key":"SMITH"},{"data":"Flex","floor":8,"key":"SMITH"},{"data":"Flex","floor":12,"key":"SMITH"},{"data":"Flex","floor":15,"key":"SMITH"},{"data":"Seeing Red","floor":23,"key":"SMITH"},{"data":"J.A.X.","floor":25,"key":"SMITH"}],"neow_cost":"NONE","seed_source_timestamp":150918395428945,"circlet_count":0,"master_deck":["AscendersBane","Strike_R","Strike_R","Strike_R","Strike_R","Defend_R","Defend_R","Defend_R","Defend_R","Bash","Limit Break+1","Wild Strike","Headbutt","Whirlwind+1","Thunderclap","Flex+1","Double Tap","Flex+1","Flex+1","Limit Break","Seeing Red+1","J.A.X.+1","Shrug It Off+1"],"relics":["Burning Blood","Orichalcum","Anchor","Mango","Mark of Pain","Vajra","Red Mask","Kunai"],"potions_floor_usage":[16,24,29,30],"damage_taken":[{"damage":2,"enemies":"Small Slimes","floor":1,"turns":6},{"damage":2,"enemies":"Jaw Worm","floor":2,"turns":3},{"damage":6,"enemies":"Cultist","floor":5,"turns":3},{"damage":30,"enemies":"3 Sentries","floor":7,"turns":4},{"damage":8,"enemies":"Blue Slaver","floor":10,"turns":3},{"damage":1,"enemies":"Gremlin Gang","floor":11,"turns":3},{"damage":29,"enemies":"Lagavulin","floor":13,"turns":5},{"damage":0,"enemies":"Slime Boss","floor":16,"turns":5},{"damage":0,"enemies":"3 Byrds","floor":18,"turns":4},{"damage":2,"enemies":"Shell Parasite","floor":19,"turns":2},{"damage":27,"enemies":"Snake Plant","floor":20,"turns":3},{"damage":32,"enemies":"Masked Bandits","floor":24,"turns":4},{"damage":28,"enemies":"Snecko","floor":28,"turns":5},{"damage":0,"enemies":"Cultist and Chosen","floor":29,"turns":4},{"damage":31,"enemies":"Book of Stabbing","floor":30,"turns":3}],"seed_played":"7787926668342076765","potions_obtained":[{"floor":7,"key":"LiquidBronze"},{"floor":11,"key":"SteroidPotion"},{"floor":16,"key":"GamblersBrew"},{"floor":18,"key":"PowerPotion"},{"floor":28,"key":"Dexterity Potion"}],"is_trial":false,"path_per_floor":["M","M","$","?","M","R","E","R","T","M","M","R","E","$","R","B",null,"M","M","M","?","$","R","?","R","T","?","M","M","E"],"character_chosen":"IRONCLAD","items_purchased":["Whirlwind","Thunderclap","Vajra"],"campfire_rested":0,"item_purchase_floors":[3,3,22],"current_hp_per_floor":[76,80,80,80,80,80,56,56,56,54,59,59,50,50,50,56,85,91,94,73,73,73,73,47,47,47,47,25,31,0],"gold":106,"neow_bonus":"ONE_RANDOM_RARE_CARD","is_prod":false,"is_daily":false,"chose_seed":false,"campfire_upgraded":6,"win_rate":0,"timestamp":1543787219,"path_taken":["M","M","$","?","M","R","E","R","T","M","M","R","E","$","R","BOSS","M","M","M","?","$","R","?","R","T","?","M","?","E"],"build_version":"2018-11-15","purchased_purges":1,"victory":false,"max_hp_per_floor":[80,80,80,80,80,80,80,80,80,80,80,80,94,94,94,94,94,94,94,94,94,94,94,94,94,94,94,94,94,94],"card_choices":[{"not_picked":["Warcry","Disarm"],"picked":"Wild Strike","floor":1},{"not_picked":["Cleave","Warcry"],"picked":"Headbutt","floor":2},{"not_picked":["Warcry","Heavy Blade"],"picked":"Flex","floor":5},{"not_picked":["Warcry","Blood for Blood"],"picked":"Double Tap","floor":7},{"not_picked":["Clash","Shrug It Off"],"picked":"Flex","floor":10},{"not_picked":["Headbutt","Armaments"],"picked":"Flex","floor":11},{"not_picked":["Havoc","Clash","Shrug It Off"],"picked":"SKIP","floor":13},{"not_picked":["Offering","Impervious"],"picked":"Limit Break","floor":16},{"not_picked":["Clash","Twin Strike","Entrench"],"picked":"SKIP","floor":18},{"not_picked":["Wild Strike","Armaments","Clothesline"],"picked":"SKIP","floor":19},{"not_picked":["Body Slam","Clothesline"],"picked":"Seeing Red","floor":20},{"not_picked":["Dual Wield","Reckless Charge","Whirlwind"],"picked":"SKIP","floor":28},{"not_picked":["Body Slam","Sword Boomerang"],"picked":"Shrug It Off+1","floor":29}],"player_experience":759136,"relics_obtained":[{"floor":7,"key":"Orichalcum"},{"floor":9,"key":"Anchor"},{"floor":13,"key":"Mango"},{"floor":24,"key":"Red Mask"},{"floor":26,"key":"Kunai"}],"event_choices":[{"damage_healed":0,"gold_gain":0,"player_choice":"Grow","damage_taken":0,"max_hp_gain":0,"max_hp_loss":0,"event_name":"Living Wall","floor":4,"gold_loss":0,"cards_upgraded":["Whirlwind"]},{"damage_healed":0,"gold_gain":0,"player_choice":"Obtain J.A.X.","damage_taken":0,"max_hp_gain":0,"max_hp_loss":0,"event_name":"Drug Dealer","floor":21,"gold_loss":0,"cards_obtained":["J.A.X."]},{"damage_healed":0,"gold_gain":0,"player_choice":"Fought Bandits","damage_taken":0,"max_hp_gain":0,"max_hp_loss":0,"event_name":"Masked Bandits","floor":24,"gold_loss":0},{"damage_healed":0,"gold_gain":0,"player_choice":"Ignored","damage_taken":0,"max_hp_gain":0,"max_hp_loss":0,"event_name":"Beggar","floor":27,"gold_loss":0}],"is_beta":false,"boss_relics":[{"not_picked":["Coffee Dripper","Eternal Feather"],"picked":"Mark of Pain"}],"items_purged_floors":[14],"is_endless":false,"potions_floor_spawned":[7,11,16,18,28],"killed_by":"Book of Stabbing","ascension_level":12}