{"gold_per_floor":[116,128,128,144,161,161,161,161,185,185,212,51,51,78,78,157,157,128,44,44,57,70,70,70,70,70,70],"floor_reached":27,"playtime":1220,"items_purged":[],"score":416,"play_id":"3e8d9b13-8360-4d1a-8b17-92c0a24f1376","local_time":"20190608124956","is_ascension_mode":true,"campfire_choices":[{"data":"Rampage","floor":6,"key":"SMITH"},{"data":"Bash","floor":8,"key":"SMITH"},{"data":"Cleave","floor":13,"key":"SMITH"},{"data":"Dropkick","floor":15,"key":"SMITH"},{"data":"Strike_R","floor":23,"key":"PURGE"},{"data":"Dark Embrace","floor":25,"key":"SMITH"}],"neow_cost":"NONE","seed_source_timestamp":544889438806004,"circlet_count":0,"master_deck":["AscendersBane","Strike_R","Strike_R","Defend_R","Defend_R+1","Defend_R","Defend_R+1","Bash+1","Rampage+1","Twin Strike","Cleave+1","Corruption+1","Shrug It Off","Dropkick+1","Dark Embrace+1","Flame Barrier"],"relics":["Burning Blood","Lantern","War Paint","Bag of Marbles","Pantograph","Strawberry","Peace Pipe","Black Star","MutagenicStrength","Letter Opener"],"potions_floor_usage":[11,14,22,27],"damage_taken":[{"damage":4,"enemies":"Jaw Worm","floor":1,"turns":4},{"damage":10,"enemies":"Small Slimes","floor":2,"turns":3},{"damage":4,"enemies":"2 Louse","floor":4,"turns":3},{"damage":6,"enemies":"Lots of Slimes","floor":5,"turns":3},{"damage":14,"enemies":"3 Sentries","floor":11,"turns":7},{"damage":13,"enemies":"Lagavulin","floor":14,"turns":5},{"damage":39,"enemies":"Hexaghost","floor":16,"turns":9},{"damage":12,"enemies":"2 Thieves","floor":18,"turns":4},{"damage":8,"enemies":"3 Byrds","floor":21,"turns":5},{"damage":0,"enemies":"3 Cultists","floor":22,"turns":4},{"damage":86,"enemies":"Gremlin Leader","floor":27,"turns":8}],"seed_played":"-1783941613791548062","potions_obtained":[{"floor":1,"key":"Dexterity Potion"},{"floor":4,"key":"Strength Potion"},{"floor":14,"key":"SteroidPotion"},{"floor":21,"key":"Fire Potion"}],"is_trial":false,"path_per_floor":["M","M","?","M","M","R","?","R","T","?","E","$","R","E","R","B",null,"M","$","?","M","M","R","?","R","T","E"],"character_chosen":"IRONCLAD","items_purchased":["Strawberry","Flame Barrier"],"campfire_rested":0,"item_purchase_floors":[12,19],"current_hp_per_floor":[70,66,59,61,61,61,43,43,43,43,35,42,42,35,35,27,68,62,62,62,60,66,66,66,66,66,0],"gold":70,"neow_bonus":"RANDOM_COMMON_RELIC","is_prod":false,"is_daily":false,"chose_seed":false,"campfire_upgraded":5,"win_rate":0,"timestamp":1560012596,"path_taken":["M","M","?","M","M","R","?","R","T","?","E","$","R","E","R","BOSS","M","?","?","?","M","R","?","R","T","E"],"build_version":"2019-01-23","purchased_purges":0,"victory":false,"max_hp_per_floor":[75,75,75,75,75,75,75,75,75,75,75,82,82,82,82,82,82,82,82,82,82,82,82,82,82,82,82],"card_choices":[{"not_picked":["Burning Pact","Sever Soul"],"picked":"Rampage","floor":1},{"not_picked":["Clash","Warcry"],"picked":"Twin Strike","floor":2},{"not_picked":["Havoc","Heavy Blade"],"picked":"Cleave","floor":4},{"not_picked":["Searing Blow","Clash"],"picked":"Corruption","floor":5},{"not_picked":["Armaments","Thunderclap"],"picked":"Shrug It Off","floor":11},{"not_picked":["Berserk","Anger"],"picked":"Dropkick","floor":14},{"not_picked":["Barricade","Demon Form"],"picked":"Dark Embrace","floor":16},{"not_picked":["Corruption","Blood for Blood","Headbutt"],"picked":"SKIP","floor":18},{"not_picked":["Body Slam","Cleave","Armaments"],"picked":"SKIP","floor":21},{"not_picked":["Rupture","Bloodletting","Dropkick"],"picked":"SKIP","floor":22}],"player_experience":1593137,"relics_obtained":[{"floor":9,"key":"Bag of Marbles"},{"floor":11,"key":"Pantograph"},{"floor":14,"key":"Peace Pipe"},{"floor":26,"key":"Letter Opener"}],"event_choices":[{"cards_removed":["Strike_R"],"damage_healed":0,"gold_gain":0,"player_choice":"Card Removal","damage_taken":7,"max_hp_gain":0,"max_hp_loss":0,"event_name":"Golden Wing","floor":3,"gold_loss":0},{"damage_healed":0,"gold_gain":0,"player_choice":"Success","damage_taken":18,"relics_obtained":["War Paint"],"max_hp_gain":0,"max_hp_loss":0,"event_name":"Scrap Ooze","floor":7,"gold_loss":0},{"damage_healed":0,"gold_gain":0,"player_choice":"Forge","damage_taken":0,"max_hp_gain":0,"max_hp_loss":0,"event_name":"Accursed Blacksmith","floor":10,"gold_loss":0,"cards_upgraded":["Corruption"]},{"cards_removed":["Strike_R"],"damage_healed":0,"gold_gain":0,"player_choice":"Offered Basic","damage_taken":0,"max_hp_gain":0,"max_hp_loss":0,"event_name":"Bonfire Elementals","floor":20,"gold_loss":0},{"damage_healed":0,"gold_gain":0,"player_choice":"Inject Mutagens","damage_taken":0,"relics_obtained":["MutagenicStrength"],"max_hp_gain":0,"max_hp_loss":0,"event_name":"Drug Dealer","floor":24,"gold_loss":0}],"is_beta":false,"boss_relics":[{"not_picked":["Lizard Tail","Orrery"],"picked":"Black Star"}],"items_purged_floors":[],"is_endless":false,"potions_floor_spawned":[1,4,14,21],"killed_by":"Gremlin Leader","ascension_level":18}