{"gold_per_floor":[213,26,26,26,101,101,135,135,161,186,202,202,167,199,199,272,272,288,288,9,9,23,23,57,57,104,104,104,131,131,131],"floor_reached":31,"playtime":1089,"items_purged":["Strike_R"],"score":506,"play_id":"28bf77a6-290f-4334-b0e4-518d906a9bdd","local_time":"20190708091759","is_ascension_mode":true,"campfire_choices":[{"data":"Uppercut","floor":6,"key":"SMITH"},{"data":"Rupture","floor":8,"key":"SMITH"},{"data":"Spot Weakness","floor":12,"key":"SMITH"},{"floor":15,"key":"REST"},{"data":"J.A.X.","floor":23,"key":"SMITH"},{"data":"Armaments","floor":25,"key":"SMITH"},{"data":"Battle Trance","floor":27,"key":"SMITH"},{"data":"1","floor":30,"key":"LIFT"}],"neow_cost":"NONE","seed_source_timestamp":37234824808009,"circlet_count":0,"master_deck":["AscendersBane","Strike_R+1","Strike_R","Strike_R","Strike_R","Defend_R+1","Defend_R","Defend_R","Defend_R+1","Bash","Spot Weakness+1","Uppercut+1","Rupture+1","Shrug It Off","Armaments+1","Heavy Blade","Battle Trance+1","Immolate+1","Feed","Power Through","J.A.X.+1","Shockwave","Disarm","Inflame","Ghostly","Ghostly","Ghostly","Ghostly","Ghostly","Pummel"],"relics":["Burning Blood","War Paint","Bottled Tornado","Juzu Bracelet","Mango","Champion Belt","Coffee Dripper","Anchor","Bag of Marbles","Whetstone","Girya"],"potions_floor_usage":[14,24,31],"damage_taken":[{"damage":0,"enemies":"Small Slimes","floor":1,"turns":3},{"damage":21,"enemies":"Gremlin Nob","floor":7,"turns":4},{"damage":39,"enemies":"3 Sentries","floor":10,"turns":9},{"damage":6,"enemies":"Cultist","floor":11,"turns":3},{"damage":15,"enemies":"Lagavulin","floor":14,"turns":6},{"damage":47,"enemies":"Slime Boss","floor":16,"turns":14},{"damage":16,"enemies":"Spheric Guardian","floor":18,"turns":5},{"damage":11,"enemies":"3 Byrds","floor":22,"turns":6},{"damage":37,"enemies":"Slavers","floor":24,"turns":15},{"damage":31,"enemies":"Gremlin Leader","floor":29,"turns":7},{"damage":15,"enemies":"Slavers","floor":31,"turns":2}],"seed_played":"-2127685569258597679","potions_obtained":[{"floor":10,"key":"Ancient Potion"},{"floor":11,"key":"GamblersBrew"},{"floor":29,"key":"FearPotion"}],"is_trial":false,"path_per_floor":["M","$","?","?","?","R","E","R","T","E","M","R","?","E","R","B",null,"M","?","$","?","M","R","E","R","T","R","?","E","R","E"],"character_chosen":"IRONCLAD","items_purchased":["Uppercut","Rupture","Shrug It Off","Anchor","AttackPotion"],"campfire_rested":1,"item_purchase_floors":[2,2,2,20,20],"current_hp_per_floor":[74,74,74,74,67,67,52,52,52,33,33,33,55,46,72,31,75,68,68,68,68,67,67,40,40,40,40,40,15,15,0],"gold":131,"neow_bonus":"HUNDRED_GOLD","is_prod":false,"is_daily":false,"chose_seed":false,"campfire_upgraded":6,"win_rate":0,"timestamp":1562541479,"path_taken":["M","$","?","?","?","R","E","R","T","E","M","R","?","E","R","BOSS","M","?","$","?","M","R","E","R","T","R","?","E","R","E"],"build_version":"2019-07-05","purchased_purges":1,"victory":false,"max_hp_per_floor":[75,75,75,75,75,75,75,75,75,89,89,89,89,89,89,89,89,92,92,92,92,96,96,100,100,100,100,50,50,50,50],"card_choices":[{"not_picked":["Iron Wave","Clash"],"picked":"Spot Weakness","floor":1},{"not_picked":["Corruption","Flex"],"picked":"Armaments","floor":7},{"not_picked":["Sever Soul","Armaments"],"picked":"Heavy Blade","floor":10},{"not_picked":["Havoc","Sword Boomerang"],"picked":"Battle Trance","floor":11},{"not_picked":["Iron Wave","Blood for Blood"],"picked":"Immolate","floor":14},{"not_picked":["Impervious","Immolate"],"picked":"Feed","floor":16},{"not_picked":["Anger+1","Heavy Blade"],"picked":"Power Through","floor":18},{"not_picked":["Flex","Rage"],"picked":"Disarm","floor":22},{"not_picked":["Sever Soul+1","Armaments"],"picked":"Inflame","floor":24},{"not_picked":["Battle Trance","Fire Breathing"],"picked":"Pummel","floor":29}],"player_experience":953919,"relics_obtained":[{"floor":7,"key":"Bottled Tornado"},{"floor":9,"key":"Juzu Bracelet"},{"floor":10,"key":"Mango"},{"floor":14,"key":"Champion Belt"},{"floor":24,"key":"Bag of Marbles"},{"floor":26,"key":"Whetstone"},{"floor":29,"key":"Girya"}],"event_choices":[{"damage_healed":0,"gold_gain":0,"player_choice":"Box","damage_taken":0,"relics_obtained":["War Paint"],"max_hp_gain":0,"max_hp_loss":0,"event_name":"Big Fish","floor":3,"gold_loss":0,"cards_obtained":["Regret"]},{"cards_removed":["Regret"],"damage_healed":0,"gold_gain":0,"player_choice":"Forget","damage_taken":0,"max_hp_gain":0,"max_hp_loss":0,"event_name":"Living Wall","floor":4,"gold_loss":0},{"damage_healed":0,"gold_gain":75,"player_choice":"Touch","damage_taken":7,"max_hp_gain":0,"max_hp_loss":0,"event_name":"FaceTrader","floor":5,"gold_loss":0},{"damage_healed":22,"gold_gain":0,"player_choice":"Healed","damage_taken":0,"max_hp_gain":0,"max_hp_loss":0,"event_name":"The Cleric","floor":13,"gold_loss":35},{"damage_healed":0,"gold_gain":0,"player_choice":"Obtain J.A.X.","damage_taken":0,"max_hp_gain":0,"max_hp_loss":0,"event_name":"Drug Dealer","floor":19,"gold_loss":0,"cards_obtained":["J.A.X."]},{"damage_healed":0,"gold_gain":0,"player_choice":"Read","damage_taken":0,"max_hp_gain":0,"max_hp_loss":0,"event_name":"The Library","floor":21,"gold_loss":0,"cards_obtained":["Shockwave"]},{"damage_healed":0,"gold_gain":0,"player_choice":"Became a Ghost","damage_taken":0,"max_hp_gain":0,"max_hp_loss":50,"event_name":"Ghosts","floor":28,"gold_loss":0,"cards_obtained":["Ghostly","Ghostly","Ghostly","Ghostly","Ghostly"]}],"is_beta":false,"boss_relics":[{"not_picked":["Empty Cage","Runic Dome"],"picked":"Coffee Dripper"}],"items_purged_floors":[20],"is_endless":false,"potions_floor_spawned":[10,11,29],"killed_by":"Slavers","ascension_level":14}