{"gold_per_floor":[115,129,279,297,76,110,110,130,203,259,259,277,36,36,36,131,131,146,127,127,142,156,156,189,189,214,247,265,215,215],"floor_reached":30,"playtime":2472,"items_purged":["Doubt"],"score":610,"play_id":"2943be96-21f3-4286-bb6d-319aede263a1","local_time":"20190504110147","is_ascension_mode":true,"campfire_choices":[{"floor":7,"key":"REST"},{"data":"Poisoned Stab","floor":15,"key":"SMITH"},{"floor":23,"key":"REST"},{"floor":25,"key":"REST"}],"neow_cost":"NONE","seed_source_timestamp":864719373002004,"circlet_count":0,"master_deck":["AscendersBane","Defend_G","Defend_G","Defend_G","Defend_G","Defend_G","Strike_G","Strike_G","Strike_G","Strike_G","Strike_G","Survivor","Neutralize","Impatience","Flying Knee","Underhanded Strike","Leg Sweep","Poisoned Stab+1","Unload","Catalyst","Footwork","Crippling Poison","After Image","Burst","Deflect","Calculated Gamble","Crippling Poison","Deadly Poison","Deflect"],"relics":["Ring of the Snake","Calipers","Sundial","Tiny Chest","Bloody Idol","Ancient Tea Set","Runic Pyramid","Blood Vial","PreservedInsect","Mercury Hourglass"],"potions_floor_usage":[6,8,10,10,10,16,16,24,24,27,30],"damage_taken":[{"damage":6,"enemies":"Jaw Worm","floor":1,"turns":7},{"damage":0,"enemies":"2 Louse","floor":2,"turns":2},{"damage":1,"enemies":"Cultist","floor":4,"turns":4},{"damage":36,"enemies":"3 Sentries","floor":6,"turns":13},{"damage":1,"enemies":"Red Slaver","floor":8,"turns":3},{"damage":0,"enemies":"Gremlin Nob","floor":10,"turns":2},{"damage":1,"enemies":"Blue Slaver","floor":12,"turns":4},{"damage":29,"enemies":"The Guardian","floor":16,"turns":19},{"damage":7,"enemies":"Chosen","floor":18,"turns":9},{"damage":16,"enemies":"2 Thieves","floor":19,"turns":4},{"damage":17,"enemies":"Centurion and Healer","floor":21,"turns":8},{"damage":6,"enemies":"Snake Plant","floor":22,"turns":9},{"damage":10,"enemies":"Gremlin Leader","floor":24,"turns":6},{"damage":26,"enemies":"Book of Stabbing","floor":27,"turns":7},{"damage":25,"enemies":"3 Cultists","floor":28,"turns":6},{"damage":26,"enemies":"Sentry and Sphere","floor":30,"turns":3}],"seed_played":"8713681242690374703","potions_obtained":[{"floor":1,"key":"Block Potion"},{"floor":6,"key":"Fire Potion"},{"floor":8,"key":"EntropicBrew"},{"floor":12,"key":"Energy Potion"},{"floor":19,"key":"FearPotion"},{"floor":22,"key":"Explosive Potion"},{"floor":24,"key":"PowerPotion"},{"floor":28,"key":"Regen Potion"}],"is_trial":false,"path_per_floor":["M","M","?","M","$","E","R","M","T","E","?","M","$","$","R","B",null,"M","M","?","M","M","R","E","R","T","E","M","?","M"],"character_chosen":"THE_SILENT","items_purchased":["Leg Sweep","Poison Potion","Poisoned Stab","After Image","Ancient Tea Set"],"campfire_rested":3,"item_purchase_floors":[5,5,5,13,13],"current_hp_per_floor":[53,53,53,52,52,16,35,34,34,34,34,33,33,33,33,4,46,39,23,23,11,10,28,23,41,46,27,9,9,0],"gold":215,"neow_bonus":"RANDOM_COLORLESS","is_prod":false,"is_daily":false,"chose_seed":false,"campfire_upgraded":1,"win_rate":0,"timestamp":1556982107,"path_taken":["M","M","?","M","$","E","R","M","T","E","?","M","?","$","R","BOSS","M","M","?","M","M","R","E","R","T","E","M","?","M"],"build_version":"2019-01-23","purchased_purges":1,"victory":false,"max_hp_per_floor":[66,66,66,66,66,66,66,66,66,66,60,60,60,60,60,60,60,60,60,60,60,60,60,60,60,60,60,60,60,60],"card_choices":[{"not_picked":["Setup","Riddle With Holes"],"picked":"Flying Knee","floor":1},{"not_picked":["Backflip","PiercingWail"],"picked":"Underhanded Strike","floor":2},{"not_picked":["Setup","Deflect","Accuracy"],"picked":"SKIP","floor":4},{"not_picked":["Infinite Blades","Prepared"],"picked":"Unload","floor":6},{"not_picked":["Backflip","Tactician"],"picked":"Catalyst","floor":8},{"not_picked":["Poisoned Stab","Calculated Gamble"],"picked":"Footwork","floor":10},{"not_picked":["Catalyst","Bouncing Flask"],"picked":"Crippling Poison","floor":12},{"not_picked":["Doppelganger","Die Die Die"],"picked":"Burst","floor":16},{"not_picked":["Sucker Punch","Deadly Poison"],"picked":"Deflect","floor":18},{"not_picked":["Acrobatics","Footwork","Dash"],"picked":"SKIP","floor":19},{"not_picked":["Underhanded Strike","Crippling Poison"],"picked":"Calculated Gamble","floor":21},{"not_picked":["Setup","Quick Slash"],"picked":"Crippling Poison","floor":22},{"not_picked":["Riddle With Holes","Phantasmal Killer","Blade Dance+1"],"picked":"SKIP","floor":24},{"not_picked":["Footwork","Flying Knee"],"picked":"Deadly Poison","floor":27},{"not_picked":["PiercingWail","Dagger Spray"],"picked":"Deflect","floor":28}],"player_experience":1406232,"relics_obtained":[{"floor":6,"key":"Calipers"},{"floor":9,"key":"Sundial"},{"floor":10,"key":"Tiny Chest"},{"floor":24,"key":"Blood Vial"},{"floor":26,"key":"PreservedInsect"},{"floor":27,"key":"Mercury Hourglass"}],"event_choices":[{"damage_healed":0,"gold_gain":150,"player_choice":"AGREE","damage_taken":0,"max_hp_gain":0,"max_hp_loss":0,"event_name":"Liars Game","floor":3,"gold_loss":0,"cards_obtained":["Doubt"]},{"damage_healed":0,"gold_gain":0,"player_choice":"Lose Max HP","damage_taken":0,"relics_obtained":["Golden Idol"],"max_hp_gain":0,"max_hp_loss":6,"event_name":"Golden Idol","floor":11,"gold_loss":0},{"damage_healed":0,"gold_gain":0,"player_choice":"Gave Idol","damage_taken":0,"relics_obtained":["Bloody Idol"],"max_hp_gain":0,"max_hp_loss":0,"event_name":"Forgotten Altar","floor":20,"relics_lost":["Golden Idol"],"gold_loss":0},{"damage_healed":0,"gold_gain":0,"player_choice":"Bet on Murderer","damage_taken":0,"max_hp_gain":0,"max_hp_loss":0,"event_name":"The Joust","floor":29,"gold_loss":50}],"is_beta":false,"boss_relics":[{"not_picked":["White Beast Statue","Eternal Feather"],"picked":"Runic Pyramid"}],"items_purged_floors":[5],"is_endless":false,"potions_floor_spawned":[1,6,8,12,19,22,24,28],"killed_by":"Sentry and Sphere","ascension_level":20}