{"gold_per_floor":[115,115,125,142,157,192,192,192],"floor_reached":8,"playtime":339,"items_purged":[],"score":93,"play_id":"515c3ea8-f96a-4de4-bd99-adb01d5e9dc6","local_time":"20181210124958","is_ascension_mode":true,"campfire_choices":[{"floor":7,"key":"REST"}],"neow_cost":"NONE","seed_source_timestamp":560257496267609,"circlet_count":0,"master_deck":["AscendersBane","Defend_G","Defend_G","Defend_G","Defend_G","Defend_G","Strike_G","Strike_G","Strike_G","Strike_G","Strike_G","Survivor","Neutralize","Finisher+1","Underhanded Strike","Cloak And Dagger","Terror","Deflect"],"relics":["Ring of the Snake","Matryoshka"],"potions_floor_usage":[3,6],"damage_taken":[{"damage":0,"enemies":"2 Louse","floor":1,"turns":4},{"damage":0,"enemies":"Cultist","floor":3,"turns":2},{"damage":3,"enemies":"Small Slimes","floor":4,"turns":3},{"damage":24,"enemies":"Exordium Thugs","floor":5,"turns":5},{"damage":42,"enemies":"Gremlin Nob","floor":6,"turns":5},{"damage":28,"enemies":"3 Sentries","floor":8,"turns":8}],"seed_played":"-8541899027618811378","potions_obtained":[{"floor":1,"key":"Swift Potion"},{"floor":3,"key":"Ancient Potion"},{"floor":5,"key":"Ancient Potion"}],"is_trial":false,"path_per_floor":["M","?","M","M","M","E","R","E"],"character_chosen":"THE_SILENT","items_purchased":[],"campfire_rested":1,"item_purchase_floors":[],"current_hp_per_floor":[70,70,70,67,43,1,24,0],"gold":192,"neow_bonus":"TEN_PERCENT_HP_BONUS","is_prod":false,"is_daily":false,"chose_seed":false,"campfire_upgraded":0,"win_rate":0,"timestamp":1544464198,"path_taken":["M","?","M","M","?","E","R","E"],"build_version":"2018-12-06","purchased_purges":0,"victory":false,"max_hp_per_floor":[77,77,77,77,77,77,77,77],"card_choices":[{"not_picked":["Crippling Poison","Cloak And Dagger"],"picked":"Finisher","floor":1},{"not_picked":["Poisoned Stab","Prepared"],"picked":"Underhanded Strike","floor":3},{"not_picked":["Accuracy","Expertise"],"picked":"Cloak And Dagger","floor":4},{"not_picked":["Underhanded Strike","Distraction"],"picked":"Terror","floor":5},{"not_picked":["Backflip","Cloak And Dagger"],"picked":"Deflect","floor":6}],"player_experience":855313,"relics_obtained":[{"floor":6,"key":"Matryoshka"}],"event_choices":[{"damage_healed":0,"gold_gain":0,"player_choice":"Forge","damage_taken":0,"max_hp_gain":0,"max_hp_loss":0,"event_name":"Accursed Blacksmith","floor":2,"gold_loss":0,"cards_upgraded":["Finisher"]}],"is_beta":false,"boss_relics":[],"items_purged_floors":[],"is_endless":false,"potions_floor_spawned":[1,3,5],"killed_by":"3 Sentries","ascension_level":12}