{"gold_per_floor":[118,193,193,213,213,254,269,419,419,419,419,459,9,23,23,114,114,138,138,138],"floor_reached":20,"playtime":530,"items_purged":[],"score":390,"play_id":"806cc8f2-8674-4196-8ed2-112568e7e1fb","local_time":"20190907075151","is_ascension_mode":true,"campfire_choices":[{"floor":10,"key":"REST"},{"floor":15,"key":"REST"}],"neow_cost":"NONE","seed_source_timestamp":27242485115458,"circlet_count":0,"master_deck":["AscendersBane","Strike_B+1","Strike_B","Strike_B+1","Defend_B","Defend_B","Defend_B","Defend_B","Zap","Dualcast","Streamline","Coolheaded","Injury","Beam Cell","Hologram","Doubt","Capacitor","Streamline+1","Electrodynamics","Defragment","Recycle"],"relics":["Cracked Core","NeowsBlessing","Golden Idol","Sundial","Molten Egg 2","Singing Bowl","Cables","Omamori","Cursed Key"],"potions_floor_usage":[12,16,20],"damage_taken":[{"damage":0,"enemies":"Small Slimes","floor":1,"turns":1},{"damage":0,"enemies":"2 Louse","floor":4,"turns":1},{"damage":0,"enemies":"Lagavulin","floor":6,"turns":1},{"damage":0,"enemies":"Cultist","floor":7,"turns":2},{"damage":26,"enemies":"Gremlin Nob","floor":12,"turns":4},{"damage":16,"enemies":"Large Slime","floor":14,"turns":4},{"damage":28,"enemies":"The Guardian","floor":16,"turns":12},{"damage":33,"enemies":"Shell Parasite","floor":18,"turns":6},{"damage":36,"enemies":"3 Byrds","floor":20,"turns":2}],"seed_played":"1090840806883523668","potions_obtained":[{"floor":4,"key":"Weak Potion"},{"floor":7,"key":"Energy Potion"},{"floor":12,"key":"PowerPotion"}],"is_trial":false,"path_per_floor":["M","?","?","M","?","E","M","?","T","R","?","E","$","M","R","B",null,"M","?","M"],"character_chosen":"DEFECT","items_purchased":["Cables","Omamori"],"campfire_rested":2,"item_purchase_floors":[13,13],"current_hp_per_floor":[64,53,32,32,32,32,32,32,32,53,58,32,32,16,38,10,60,27,27,0],"gold":138,"neow_bonus":"THREE_ENEMY_KILL","is_prod":false,"is_daily":false,"chose_seed":false,"campfire_upgraded":0,"win_rate":0,"timestamp":1567806711,"path_taken":["M","?","?","M","?","E","M","?","T","R","?","E","$","M","R","BOSS","M","?","M"],"build_version":"2019-07-17","purchased_purges":0,"victory":false,"max_hp_per_floor":[71,71,71,71,71,71,71,71,71,71,76,76,76,76,76,76,76,76,76,76],"card_choices":[{"not_picked":["Reprogram","Stack"],"picked":"Streamline","floor":1},{"not_picked":["Chill","Rebound"],"picked":"Coolheaded","floor":4},{"not_picked":["FTL","Fission"],"picked":"Beam Cell","floor":6},{"not_picked":["Conserve Battery","FTL"],"picked":"Hologram","floor":7},{"not_picked":["Turbo","Auto Shields"],"picked":"Capacitor","floor":12},{"not_picked":["Redo","Blizzard+1"],"picked":"Streamline+1","floor":14},{"not_picked":["Buffer","Rainbow"],"picked":"Electrodynamics","floor":16},{"not_picked":["Leap","Compile Driver+1"],"picked":"Defragment","floor":18}],"player_experience":1264228,"relics_obtained":[{"floor":6,"key":"Sundial"},{"floor":9,"key":"Molten Egg 2"},{"floor":12,"key":"Singing Bowl"}],"event_choices":[{"damage_healed":0,"gold_gain":75,"player_choice":"Gather Gold","damage_taken":11,"max_hp_gain":0,"max_hp_loss":0,"event_name":"World of Goop","floor":2,"gold_loss":0},{"damage_healed":0,"gold_gain":0,"player_choice":"Entered Light","damage_taken":21,"max_hp_gain":0,"max_hp_loss":0,"event_name":"Shining Light","floor":3,"gold_loss":0,"cards_upgraded":["Strike_B","Strike_B"]},{"damage_healed":0,"gold_gain":0,"player_choice":"Take Wound","damage_taken":0,"relics_obtained":["Golden Idol"],"max_hp_gain":0,"max_hp_loss":0,"event_name":"Golden Idol","floor":5,"gold_loss":0,"cards_obtained":["Injury"]},{"damage_healed":0,"gold_gain":150,"player_choice":"AGREE","damage_taken":0,"max_hp_gain":0,"max_hp_loss":0,"event_name":"Liars Game","floor":8,"gold_loss":0,"cards_obtained":["Doubt"]},{"damage_healed":0,"gold_gain":0,"player_choice":"Donut","damage_taken":0,"max_hp_gain":5,"max_hp_loss":0,"event_name":"Big Fish","floor":11,"gold_loss":0},{"damage_healed":0,"gold_gain":0,"cards_transformed":["Strike_B"],"player_choice":"Transformed","damage_taken":0,"max_hp_gain":0,"max_hp_loss":0,"event_name":"Transmorgrifier","floor":19,"gold_loss":0,"cards_obtained":["Recycle"]}],"is_beta":false,"boss_relics":[{"not_picked":["Ectoplasm","FrozenCore"],"picked":"Cursed Key"}],"items_purged_floors":[],"is_endless":false,"potions_floor_spawned":[4,7,12],"killed_by":"3 Byrds","ascension_level":18}