{"gold_per_floor":[109,125,300,315,315,349,366,366,366,385,396,6,6],"floor_reached":13,"playtime":767,"items_purged":[],"score":91,"play_id":"950257fe-ccc5-4488-8603-6e59c8293a0c","local_time":"20190326120003","is_ascension_mode":true,"campfire_choices":[{"floor":8,"key":"REST"}],"neow_cost":"NONE","seed_source_timestamp":59590458276235,"circlet_count":0,"master_deck":["Defend_G","Defend_G","Defend_G","Defend_G","Defend_G","Strike_G","Strike_G","Strike_G","Strike_G","Strike_G","Survivor","Neutralize","Endless Agony","Acrobatics","Doubt","Endless Agony","Regret","Poisoned Stab","Prepared","Dagger Throw","Footwork","Infinite Blades","Sadistic Nature","Backflip","Quick Slash"],"relics":["Ring of the Snake","NeowsBlessing","Snake Skull","Gremlin Horn"],"potions_floor_usage":[6,11,13,13],"damage_taken":[{"damage":0,"enemies":"Small Slimes","floor":1,"turns":1},{"damage":0,"enemies":"2 Louse","floor":2,"turns":1},{"damage":0,"enemies":"Cultist","floor":4,"turns":1},{"damage":47,"enemies":"Lagavulin","floor":6,"turns":11},{"damage":3,"enemies":"3 Louse","floor":7,"turns":3},{"damage":7,"enemies":"2 Fungi Beasts","floor":10,"turns":3},{"damage":4,"enemies":"Lots of Slimes","floor":11,"turns":3},{"damage":46,"enemies":"Gremlin Nob","floor":13,"turns":4}],"seed_played":"8387620494540804098","potions_obtained":[{"floor":4,"key":"Fire Potion"},{"floor":6,"key":"Strength Potion"},{"floor":10,"key":"AttackPotion"},{"floor":11,"key":"LiquidBronze"}],"is_trial":false,"path_per_floor":["M","M","?","M","?","E","M","R","T","M","M","$","E"],"character_chosen":"THE_SILENT","items_purchased":["Infinite Blades","Sadistic Nature","Backflip","Quick Slash","Dexterity Potion"],"campfire_rested":1,"item_purchase_floors":[12,12,12,12,12],"current_hp_per_floor":[70,70,70,70,70,23,20,41,41,34,30,30,0],"gold":6,"neow_bonus":"THREE_ENEMY_KILL","is_prod":false,"is_daily":false,"chose_seed":false,"campfire_upgraded":0,"win_rate":0,"timestamp":1553565603,"path_taken":["M","M","?","M","?","E","M","R","T","M","M","$","E"],"build_version":"2019-01-23","purchased_purges":0,"victory":false,"max_hp_per_floor":[70,70,70,70,70,70,70,70,70,70,70,70,70],"card_choices":[{"not_picked":["Outmaneuver","Masterful Stab"],"picked":"Endless Agony","floor":1},{"not_picked":["Underhanded Strike","Crippling Poison"],"picked":"Acrobatics","floor":2},{"not_picked":["Tactician","Catalyst"],"picked":"Endless Agony","floor":4},{"not_picked":["Skewer","Reflex"],"picked":"Poisoned Stab","floor":6},{"not_picked":["Endless Agony","Sucker Punch"],"picked":"Prepared","floor":7},{"not_picked":["Outmaneuver","Sucker Punch"],"picked":"Dagger Throw","floor":10},{"not_picked":["Bane","Acrobatics"],"picked":"Footwork","floor":11}],"player_experience":166214,"relics_obtained":[{"floor":6,"key":"Gremlin Horn"}],"event_choices":[{"damage_healed":0,"gold_gain":175,"player_choice":"AGREE","damage_taken":0,"max_hp_gain":0,"max_hp_loss":0,"event_name":"Liars Game","floor":3,"gold_loss":0,"cards_obtained":["Doubt"]},{"damage_healed":0,"gold_gain":0,"player_choice":"Box","damage_taken":0,"relics_obtained":["Snake Skull"],"max_hp_gain":0,"max_hp_loss":0,"event_name":"Big Fish","floor":5,"gold_loss":0,"cards_obtained":["Regret"]}],"is_beta":false,"boss_relics":[],"items_purged_floors":[],"is_endless":false,"potions_floor_spawned":[4,6,10,11],"killed_by":"Gremlin Nob","ascension_level":1}