{"gold_per_floor":[114,128,143,98,98,133,98,44,44,44,62,62,97,118,118,118],"floor_reached":16,"playtime":662,"items_purged":[],"score":187,"play_id":"fbdbcde4-7236-4531-a6aa-63b903710564","local_time":"20181216010116","is_ascension_mode":true,"campfire_choices":[{"floor":10,"key":"REST"},{"floor":12,"key":"RECALL"},{"floor":15,"key":"REST"}],"neow_cost":"NONE","seed_source_timestamp":192697765370312,"circlet_count":0,"master_deck":["AscendersBane","Defend_G","Defend_G","Defend_G","Defend_G","Defend_G","Strike_G","Strike_G","Strike_G","Strike_G","Strike_G","Survivor","Neutralize","Dagger Spray","Dodge and Roll","Poisoned Stab","Reflex","Dagger Throw","Quick Slash","Acrobatics"],"relics":["Fusion Hammer","Golden Idol","Tough Bandages","Gremlin Horn","Anchor"],"potions_floor_usage":[6,13],"damage_taken":[{"damage":1,"enemies":"2 Louse","floor":1,"turns":3},{"damage":4,"enemies":"Small Slimes","floor":2,"turns":5},{"damage":3,"enemies":"Jaw Worm","floor":3,"turns":5},{"damage":55,"enemies":"3 Sentries","floor":6,"turns":17},{"damage":4,"enemies":"Gremlin Gang","floor":11,"turns":3},{"damage":5,"enemies":"Gremlin Nob","floor":13,"turns":4},{"damage":0,"enemies":"Blue Slaver","floor":14,"turns":4},{"damage":74,"enemies":"Slime Boss","floor":16,"turns":11}],"seed_played":"877341763607453795","potions_obtained":[{"floor":2,"key":"Regen Potion"},{"floor":6,"key":"FearPotion"},{"floor":11,"key":"FairyPotion"}],"is_trial":false,"path_per_floor":["M","M","M","?","?","E","?","$","T","R","M","R","E","M","R","B"],"character_chosen":"THE_SILENT","items_purchased":["Dagger Throw"],"campfire_rested":2,"item_purchase_floors":[8],"current_hp_per_floor":[58,54,51,51,51,10,25,25,25,43,39,39,34,34,52,0],"gold":118,"neow_bonus":"BOSS_RELIC","is_prod":false,"is_daily":false,"chose_seed":false,"campfire_upgraded":0,"win_rate":0,"timestamp":1544940076,"path_taken":["M","M","M","?","?","E","?","?","T","R","M","R","E","?","R","BOSS"],"build_version":"2018-12-13","purchased_purges":0,"victory":false,"max_hp_per_floor":[66,66,66,66,61,61,61,61,61,61,61,61,61,61,61,61],"card_choices":[{"not_picked":["Slice","Outmaneuver"],"picked":"Dagger Spray","floor":1},{"not_picked":["Deadly Poison","Bane"],"picked":"Dodge and Roll","floor":2},{"not_picked":["Dagger Spray","Deadly Poison"],"picked":"Poisoned Stab","floor":3},{"not_picked":["Flying Knee","Tactician"],"picked":"Reflex","floor":6},{"not_picked":["Cloak And Dagger","Noxious Fumes"],"picked":"Quick Slash","floor":11},{"not_picked":["Escape Plan","Heel Hook"],"picked":"Acrobatics","floor":13},{"not_picked":["Dodge and Roll","Dagger Spray","Noxious Fumes"],"picked":"SKIP","floor":14}],"player_experience":886704,"relics_obtained":[{"floor":6,"key":"Tough Bandages"},{"floor":9,"key":"Gremlin Horn"},{"floor":13,"key":"Anchor"}],"event_choices":[{"damage_healed":0,"gold_gain":0,"player_choice":"Left Gold","damage_taken":0,"max_hp_gain":0,"max_hp_loss":0,"event_name":"World of Goop","floor":4,"gold_loss":45},{"damage_healed":0,"gold_gain":0,"player_choice":"Lose Max HP","damage_taken":0,"relics_obtained":["Golden Idol"],"max_hp_gain":0,"max_hp_loss":5,"event_name":"Golden Idol","floor":5,"gold_loss":0},{"damage_healed":15,"gold_gain":0,"player_choice":"Healed","damage_taken":0,"max_hp_gain":0,"max_hp_loss":0,"event_name":"The Cleric","floor":7,"gold_loss":35}],"is_beta":false,"boss_relics":[],"items_purged_floors":[],"is_endless":false,"potions_floor_spawned":[2,6,11],"killed_by":"Slime Boss","ascension_level":14}