{"gold_per_floor":[10,10,23,38,38,38,52,52,105,105,133,133,153,13,13,114,114,131,147,3,3,3,3,15,15,97,97,130,130,55,55],"floor_reached":31,"playtime":1061,"items_purged":[],"score":314,"play_id":"020096aa-c5e4-457d-aaa3-67be555a3034","local_time":"20190514091922","is_ascension_mode":true,"campfire_choices":[{"data":"Neutralize","floor":6,"key":"SMITH"},{"data":"Quick Slash","floor":8,"key":"SMITH"},{"floor":10,"key":"REST"},{"data":"Accuracy","floor":15,"key":"SMITH"},{"data":"Accuracy","floor":23,"key":"SMITH"},{"data":"After Image","floor":25,"key":"SMITH"},{"data":"Cloak And Dagger","floor":27,"key":"SMITH"}],"neow_cost":"NO_GOLD","seed_source_timestamp":8414467927041,"circlet_count":0,"master_deck":["Defend_G","Defend_G","Defend_G","Defend_G","Defend_G","Strike_G","Survivor","Neutralize+1","Choke","Cloak And Dagger","Blade Dance","Backflip","Cloak And Dagger+1","Quick Slash+1","Dagger Spray","Quick Slash","Deflect","Accuracy+1","Corpse Explosion","PiercingWail","Deflect+1","Leg Sweep","Accuracy+1","After Image+1"],"relics":["Ring of the Snake","Regal Pillow","Orichalcum","Vajra","WristBlade","Pantograph","Bronze Scales"],"potions_floor_usage":[16,24,28,28],"damage_taken":[{"damage":1,"enemies":"Jaw Worm","floor":1,"turns":4},{"damage":0,"enemies":"Small Slimes","floor":3,"turns":3},{"damage":1,"enemies":"2 Louse","floor":4,"turns":2},{"damage":8,"enemies":"Exordium Thugs","floor":7,"turns":6},{"damage":22,"enemies":"Lagavulin","floor":11,"turns":8},{"damage":0,"enemies":"2 Fungi Beasts","floor":13,"turns":3},{"damage":28,"enemies":"Hexaghost","floor":16,"turns":10},{"damage":6,"enemies":"Spheric Guardian","floor":18,"turns":3},{"damage":4,"enemies":"Chosen","floor":19,"turns":4},{"damage":15,"enemies":"3 Cultists","floor":24,"turns":4},{"damage":26,"enemies":"Gremlin Leader","floor":28,"turns":11},{"damage":11,"enemies":"Colosseum Slavers","floor":29,"turns":5},{"damage":19,"enemies":"Snecko","floor":31,"turns":3}],"seed_played":"-8863268934040455922","potions_obtained":[{"floor":4,"key":"GhostInAJar"},{"floor":7,"key":"Ancient Potion"},{"floor":19,"key":"GamblersBrew"},{"floor":24,"key":"AttackPotion"}],"is_trial":false,"path_per_floor":["M","?","M","M","?","R","M","R","T","R","E","?","M","$","R","B",null,"M","M","$","?","?","R","M","R","T","R","E","?","?","M"],"character_chosen":"THE_SILENT","items_purchased":["Deflect","Accuracy","Strength Potion","Leg Sweep","Accuracy"],"campfire_rested":1,"item_purchase_floors":[14,14,14,20,20],"current_hp_per_floor":[69,69,69,68,43,43,35,35,35,70,48,48,48,48,48,20,58,52,48,48,48,70,70,55,55,55,55,29,18,18,0],"gold":55,"neow_bonus":"TRANSFORM_TWO_CARDS","is_prod":false,"is_daily":false,"chose_seed":false,"campfire_upgraded":6,"win_rate":0,"timestamp":1557789562,"path_taken":["M","?","M","M","?","R","M","R","T","R","E","?","M","$","R","BOSS","M","M","$","?","?","R","M","R","T","R","E","?","?","?"],"build_version":"2019-01-23","purchased_purges":0,"victory":false,"max_hp_per_floor":[70,70,70,70,70,70,70,70,70,70,70,70,70,70,70,70,70,70,70,70,70,70,70,70,70,70,70,70,70,70,70],"card_choices":[{"not_picked":["Flying Knee","Expertise"],"picked":"Blade Dance","floor":1},{"not_picked":["Eviscerate","Underhanded Strike"],"picked":"Backflip","floor":3},{"not_picked":["Finisher","Crippling Poison"],"picked":"Cloak And Dagger","floor":4},{"not_picked":["Flying Knee","Heel Hook"],"picked":"Quick Slash","floor":7},{"not_picked":["Catalyst","Backflip"],"picked":"Dagger Spray","floor":11},{"not_picked":["All Out Attack","Acrobatics"],"picked":"Quick Slash","floor":13},{"not_picked":["Tools of the Trade","Grand Finale"],"picked":"Corpse Explosion","floor":16},{"not_picked":["Blade Dance","Flying Knee"],"picked":"PiercingWail","floor":18},{"not_picked":["Escape Plan","Deadly Poison"],"picked":"Deflect+1","floor":19},{"not_picked":["Deflect","Tactician"],"picked":"After Image","floor":24},{"not_picked":["Deadly Poison","Terror","Accuracy"],"picked":"SKIP","floor":28}],"player_experience":604277,"relics_obtained":[{"floor":9,"key":"Orichalcum"},{"floor":11,"key":"Vajra"},{"floor":26,"key":"Pantograph"},{"floor":28,"key":"Bronze Scales"}],"event_choices":[{"damage_healed":0,"gold_gain":0,"player_choice":"Leave","damage_taken":0,"max_hp_gain":0,"max_hp_loss":0,"event_name":"The Cleric","floor":2,"gold_loss":0},{"damage_healed":0,"gold_gain":0,"player_choice":"Success","damage_taken":25,"relics_obtained":["Regal Pillow"],"max_hp_gain":0,"max_hp_loss":0,"event_name":"Scrap Ooze","floor":5,"gold_loss":0},{"cards_removed":["Strike_G"],"damage_healed":0,"gold_gain":0,"player_choice":"Offered Basic","damage_taken":0,"max_hp_gain":0,"max_hp_loss":0,"event_name":"Bonfire Elementals","floor":12,"gold_loss":0},{"damage_healed":0,"gold_gain":0,"player_choice":"Ignored","damage_taken":0,"max_hp_gain":0,"max_hp_loss":0,"event_name":"Vampires","floor":21,"gold_loss":0},{"damage_healed":23,"gold_gain":0,"player_choice":"Heal","damage_taken":0,"max_hp_gain":0,"max_hp_loss":0,"event_name":"The Library","floor":22,"gold_loss":0},{"damage_healed":0,"gold_gain":0,"player_choice":"Fight","damage_taken":0,"max_hp_gain":0,"max_hp_loss":0,"event_name":"Colosseum","floor":29,"gold_loss":0},{"damage_healed":0,"gold_gain":0,"player_choice":"Fled From Nobs","damage_taken":0,"max_hp_gain":0,"max_hp_loss":0,"event_name":"Colosseum","floor":29,"gold_loss":0},{"cards_removed":["Strike_G"],"damage_healed":0,"gold_gain":0,"player_choice":"Gave Gold","damage_taken":0,"max_hp_gain":0,"max_hp_loss":0,"event_name":"Beggar","floor":30,"gold_loss":75}],"is_beta":false,"boss_relics":[{"not_picked":["Orrery","Astrolabe"],"picked":"WristBlade"}],"items_purged_floors":[],"is_endless":false,"potions_floor_spawned":[4,7,19,24],"killed_by":"Snecko","ascension_level":5}