{"gold_per_floor":[112,131,150,166,181,181,198,198,198,198,209,209,209,221,221,221],"floor_reached":16,"playtime":712,"items_purged":[],"score":158,"play_id":"7358e5f2-fa5b-473e-b2dd-d9906208ce2c","local_time":"20181224164726","is_ascension_mode":true,"campfire_choices":[{"data":"Reinforced Body","floor":6,"key":"SMITH"},{"floor":8,"key":"REST"},{"data":"Zap","floor":10,"key":"SMITH"},{"data":"Loop","floor":15,"key":"SMITH"}],"neow_cost":"NONE","seed_source_timestamp":314834025061778,"circlet_count":0,"master_deck":["AscendersBane","Strike_B","Strike_B","Strike_B","Strike_B","Defend_B","Defend_B","Defend_B","Defend_B","Zap+1","Dualcast","Core Surge","Loop+1","Reinforced Body+1","Fusion","Turbo","Gash","Scrape","Cold Snap","BootSequence"],"relics":["Cracked Core","Letter Opener","Turnip"],"potions_floor_usage":[5,7,14,16],"damage_taken":[{"damage":2,"enemies":"Jaw Worm","floor":1,"turns":3},{"damage":13,"enemies":"Small Slimes","floor":2,"turns":3},{"damage":0,"enemies":"Cultist","floor":3,"turns":3},{"damage":16,"enemies":"Lots of Slimes","floor":4,"turns":4},{"damage":2,"enemies":"Exordium Thugs","floor":5,"turns":3},{"damage":25,"enemies":"Gremlin Gang","floor":7,"turns":4},{"damage":11,"enemies":"Looter","floor":11,"turns":3},{"damage":10,"enemies":"Exordium Wildlife","floor":14,"turns":3},{"damage":29,"enemies":"Slime Boss","floor":16,"turns":8}],"seed_played":"4593482462815303135","potions_obtained":[{"floor":1,"key":"Strength Potion"},{"floor":5,"key":"GamblersBrew"},{"floor":7,"key":"LiquidBronze"},{"floor":11,"key":"Fire Potion"}],"is_trial":false,"path_per_floor":["M","M","M","M","M","R","M","R","T","R","M","?","?","M","R","B"],"character_chosen":"DEFECT","items_purchased":[],"campfire_rested":1,"item_purchase_floors":[],"current_hp_per_floor":[66,53,53,37,35,35,10,32,32,32,21,9,34,24,24,0],"gold":221,"neow_bonus":"ONE_RANDOM_RARE_CARD","is_prod":false,"is_daily":false,"chose_seed":false,"campfire_upgraded":3,"win_rate":0,"timestamp":1545688046,"path_taken":["M","M","M","M","M","R","M","R","T","R","M","?","?","M","R","BOSS"],"build_version":"2018-12-20","purchased_purges":0,"victory":false,"max_hp_per_floor":[75,75,75,75,75,75,75,75,75,75,75,75,75,75,75,75],"card_choices":[{"not_picked":["Defragment","Steam"],"picked":"Loop","floor":1},{"not_picked":["Recycle","Barrage"],"picked":"Reinforced Body","floor":2},{"not_picked":["Go for the Eyes","Self Repair"],"picked":"Fusion","floor":3},{"not_picked":["Stack","Doom and Gloom"],"picked":"Turbo","floor":4},{"not_picked":["Consume","Steam"],"picked":"Gash","floor":5},{"not_picked":["Compile Driver","Gash"],"picked":"Scrape","floor":7},{"not_picked":["Coolheaded","Turbo"],"picked":"Cold Snap","floor":11},{"not_picked":["Glacier","Cold Snap"],"picked":"BootSequence","floor":14}],"player_experience":969888,"relics_obtained":[{"floor":9,"key":"Letter Opener"}],"event_choices":[{"damage_healed":0,"gold_gain":0,"player_choice":"Success","damage_taken":12,"relics_obtained":["Turnip"],"max_hp_gain":0,"max_hp_loss":0,"event_name":"Scrap Ooze","floor":12,"gold_loss":0},{"damage_healed":25,"gold_gain":0,"player_choice":"Banana","damage_taken":0,"max_hp_gain":0,"max_hp_loss":0,"event_name":"Big Fish","floor":13,"gold_loss":0}],"is_beta":false,"boss_relics":[],"items_purged_floors":[],"is_endless":false,"potions_floor_spawned":[1,5,7,11],"killed_by":"Slime Boss","ascension_level":13}