{"gold_per_floor":[115,115,127,150,176,188,11,11,11,11,41,52,86,86,86,86],"floor_reached":16,"playtime":536,"items_purged":["Strike_B"],"score":113,"play_id":"320520df-4e93-4b6a-a42d-3244bf1f5e67","local_time":"20190421202559","is_ascension_mode":true,"campfire_choices":[{"data":"Zap","floor":6,"key":"SMITH"},{"data":"Loop","floor":10,"key":"SMITH"},{"floor":15,"key":"REST"}],"neow_cost":"NONE","seed_source_timestamp":18485548124452,"circlet_count":0,"master_deck":["Strike_B","Defend_B","Defend_B","Defend_B","Defend_B","Zap+1","Dualcast","Coolheaded","Force Field","Ball Lightning","Loop+1","BootSequence","Self Repair","Hyperbeam","Turbo"],"relics":["Cracked Core","NeowsBlessing","MawBank","Bottled Tornado","Turnip","Singing Bowl"],"potions_floor_usage":[12,13],"damage_taken":[{"damage":0,"enemies":"Small Slimes","floor":1,"turns":1},{"damage":0,"enemies":"Jaw Worm","floor":4,"turns":1},{"damage":0,"enemies":"Cultist","floor":5,"turns":1},{"damage":18,"enemies":"3 Sentries","floor":11,"turns":6},{"damage":15,"enemies":"3 Louse","floor":12,"turns":4},{"damage":46,"enemies":"Gremlin Nob","floor":13,"turns":5},{"damage":34,"enemies":"Slime Boss","floor":16,"turns":7}],"seed_played":"4778032975318626345","potions_obtained":[{"floor":11,"key":"Regen Potion"},{"floor":12,"key":"SteroidPotion"}],"is_trial":false,"path_per_floor":["M","?","?","M","M","R","$","T","T","R","E","M","E","?","R","B"],"character_chosen":"DEFECT","items_purchased":["Loop","BootSequence"],"campfire_rested":1,"item_purchase_floors":[7,7],"current_hp_per_floor":[75,72,65,65,65,65,65,65,65,65,47,51,12,12,34,0],"gold":86,"neow_bonus":"THREE_ENEMY_KILL","is_prod":false,"is_daily":false,"chose_seed":false,"campfire_upgraded":2,"win_rate":0,"timestamp":1555842359,"path_taken":["M","?","?","M","?","R","$","?","T","R","E","M","E","?","R","BOSS"],"build_version":"2019-01-23","purchased_purges":1,"victory":false,"max_hp_per_floor":[75,75,75,75,75,75,75,75,75,75,75,75,75,75,75,75],"card_choices":[{"not_picked":["Gash","Leap"],"picked":"Coolheaded","floor":1},{"not_picked":["Chill","Barrage"],"picked":"Force Field","floor":4},{"not_picked":["Hologram","Cold Snap"],"picked":"Ball Lightning","floor":5},{"not_picked":["Turbo","Rebound"],"picked":"Self Repair","floor":11},{"not_picked":["Hologram","Stack"],"picked":"Hyperbeam","floor":12},{"not_picked":["Compile Driver","Recycle"],"picked":"Turbo","floor":13}],"player_experience":397041,"relics_obtained":[{"floor":8,"key":"Bottled Tornado"},{"floor":11,"key":"Turnip"},{"floor":13,"key":"Singing Bowl"}],"event_choices":[{"damage_healed":0,"gold_gain":0,"player_choice":"Success","damage_taken":3,"relics_obtained":["MawBank"],"max_hp_gain":0,"max_hp_loss":0,"event_name":"Scrap Ooze","floor":2,"gold_loss":0},{"cards_removed":["Strike_B"],"damage_healed":0,"gold_gain":0,"player_choice":"Card Removal","damage_taken":7,"max_hp_gain":0,"max_hp_loss":0,"event_name":"Golden Wing","floor":3,"gold_loss":0},{"cards_removed":["Strike_B"],"damage_healed":0,"gold_gain":0,"player_choice":"Offered Basic","damage_taken":0,"max_hp_gain":0,"max_hp_loss":0,"event_name":"Bonfire Elementals","floor":14,"gold_loss":0}],"is_beta":false,"boss_relics":[],"items_purged_floors":[7],"is_endless":false,"potions_floor_spawned":[11,12],"killed_by":"Slime Boss","ascension_level":1}