{"path_per_floor":["M","M","?","?","?","E","M","$","T","R","M","E","M","$","R","B",null,"M","M","?","M","M"],"character_chosen":"IRONCLAD","items_purchased":["Armaments","Twin Strike","Oddly Smooth Stone"],"gold_per_floor":[109,122,122,122,197,226,238,140,193,193,213,243,255,29,29,124,124,134,147,147,164,181],"floor_reached":23,"campfire_rested":0,"playtime":1354,"current_hp_per_floor":[80,80,77,70,59,56,67,67,67,67,64,60,69,69,69,48,87,72,60,60,69,61],"items_purged":["Defend_R","Defend_R"],"gold":181,"score":203,"play_id":"1e8de9d4-76c5-44a2-9b21-26bd985da368","local_time":"20180321005714","is_prod":false,"is_daily":false,"is_ascension_mode":false,"campfire_upgraded":2,"timestamp":1521608234,"path_taken":["M","M","?","?","?","E","M","$","T","R","?","E","M","?","R","BOSS","M","M","?","?","M","E"],"build_version":"2018-03-15v3","purchased_purges":2,"victory":false,"master_deck":["Strike_R+1","Strike_R+1","Strike_R+1","Strike_R+1","Strike_R+1","Defend_R+1","Bash","Pommel Strike","Searing Blow+1","Reaper","Shrug It Off","Armaments","Armaments+1","Bloodletting","Twin Strike","Double Tap","Perfected Strike","Evolve"],"max_hp_per_floor":[80,80,80,80,80,87,87,87,87,87,87,87,87,87,87,87,87,87,87,87,87,87],"relics":["Burning Blood","Mercury Hourglass","Strawberry","Prayer Wheel","Smiling Mask","Oddly Smooth Stone","Sozu"],"card_choices":[{"not_picked":["Twin Strike","Flex"],"picked":"Pommel Strike"},{"not_picked":["True Grit","Pummel"],"picked":"Searing Blow"},{"not_picked":["True Grit","Warcry"],"picked":"Reaper"},{"not_picked":["Iron Wave","Reckless Charge"],"picked":"Shrug It Off"},{"not_picked":["Rage","Dropkick"],"picked":"Armaments"},{"not_picked":["Feel No Pain","Armaments"],"picked":"Bloodletting"},{"not_picked":["Brutality","Juggernaut"],"picked":"Double Tap"},{"not_picked":["Armaments","Disarm"],"picked":"Perfected Strike"},{"not_picked":["Anger","Rupture"],"picked":"Evolve"}],"player_experience":42087,"potions_floor_usage":[6,12,16,19],"damage_taken":[{"damage":3,"enemies":"Small Slimes","floor":1,"turns":3},{"damage":0,"enemies":"2 Louse","floor":2,"turns":3},{"damage":16,"enemies":"Gremlin Nob","floor":6,"turns":4},{"damage":1,"enemies":"Cultist","floor":7,"turns":4},{"damage":15,"enemies":"Large Slime","floor":11,"turns":7},{"damage":22,"enemies":"3 Sentries","floor":12,"turns":7},{"damage":0,"enemies":"Exordium Wildlife","floor":13,"turns":4},{"damage":31,"enemies":"The Guardian","floor":16,"turns":13},{"damage":24,"enemies":"3 Byrds","floor":18,"turns":4},{"damage":18,"enemies":"Shell Parasite","floor":19,"turns":3},{"damage":1,"enemies":"Chosen and Byrds","floor":21,"turns":5},{"damage":22,"enemies":"Centurion and Healer","floor":22,"turns":4},{"damage":75,"enemies":"Gremlin Leader","floor":23,"turns":8}],"event_choices":[{"event_name":"Scrap Ooze","player_choice":"success","floor":3,"damage_taken":3},{"event_name":"Golden Wing","player_choice":"Card Removal","floor":4,"damage_taken":0},{"event_name":"World of Goop","player_choice":"Gather Gold","floor":5,"damage_taken":0},{"event_name":"Back to Basics","player_choice":"Simplicity","floor":20,"damage_taken":0}],"boss_relics":[{"not_picked":["Calling Bell","Runic Dome"],"picked":"Sozu"}],"potions_floor_spawned":[2,11,12,16,19,21],"seed_played":"-7662695444577117319","killed_by":"Gremlin Leader","ascension_level":0,"is_trial":false}