{"gold_per_floor":[14,28,28,51,69,69,105,105,105,140,155,155,155,9,9,133,133,157,157,157],"floor_reached":20,"playtime":1965,"items_purged":["Strike_G"],"score":296,"play_id":"e8d0d95c-3ae6-4a4b-9a4d-4b55bc78364b","local_time":"20190728194700","is_ascension_mode":true,"campfire_choices":[{"data":"Calculated Gamble","floor":6,"key":"SMITH"},{"floor":8,"key":"REST"},{"data":"Catalyst","floor":12,"key":"SMITH"},{"data":"Blur","floor":15,"key":"SMITH"}],"neow_cost":"NO_GOLD","seed_source_timestamp":0,"circlet_count":0,"master_deck":["Strike_G","Strike_G","Strike_G","Strike_G","Defend_G","Defend_G","Defend_G","Defend_G","Defend_G","Survivor","Neutralize","Calculated Gamble+1","Poisoned Stab","Underhanded Strike","Blur+1","Well Laid Plans+1","Catalyst+1","Footwork+1","Tools of the Trade+1"],"special_seed":0,"relics":["Ring of the Snake","Tingsha","Bloody Idol","Mercury Hourglass","Frozen Egg 2","Sundial","HoveringKite"],"potions_floor_usage":[7,10],"damage_taken":[{"damage":1.0,"enemies":"Cultist","floor":1.0,"turns":5.0},{"damage":0,"enemies":"Jaw Worm","floor":2,"turns":2},{"damage":0,"enemies":"Small Slimes","floor":4,"turns":3},{"damage":2,"enemies":"Exordium Thugs","floor":5,"turns":4},{"damage":21,"enemies":"3 Sentries","floor":7,"turns":9},{"damage":8,"enemies":"Lagavulin","floor":10,"turns":5},{"damage":0,"enemies":"Lots of Slimes","floor":11,"turns":2},{"damage":6,"enemies":"Hexaghost","floor":16,"turns":11},{"damage":23,"enemies":"Shell Parasite","floor":18,"turns":7},{"damage":12,"enemies":"3 Byrds","floor":20,"turns":4}],"seed_played":"6770966390491472001","potions_obtained":[{"floor":2,"key":"GamblersBrew"},{"floor":4,"key":"Weak Potion"},{"floor":7,"key":"Strength Potion"},{"floor":16,"key":"Explosive Potion"}],"is_trial":false,"path_per_floor":["M","M","?","M","M","R","E","R","T","E","M","R","?","$","R","B",null,"M","?","M"],"character_chosen":"THE_SILENT","items_purchased":["Footwork+1"],"campfire_rested":1,"item_purchase_floors":[14],"current_hp_per_floor":[69,69,52,52,50,50,29,50,50,42,42,42,42,42,42,36,70,47,47,35],"gold":157,"neow_bonus":"ONE_RARE_RELIC","is_prod":false,"is_daily":false,"chose_seed":false,"campfire_upgraded":3,"win_rate":0,"timestamp":1564336020,"path_taken":["M","M","?","M","M","R","E","R","T","E","M","R","?","$","R","BOSS","M","?","M"],"build_version":"2019-07-17","purchased_purges":1,"victory":false,"max_hp_per_floor":[70,70,70,70,70,70,70,70,70,70,70,70,70,70,70,70,70,70,70,70],"card_choices":[{"not_picked":["Prepared","Deadly Poison"],"picked":"Calculated Gamble","floor":1},{"not_picked":["Deflect","Quick Slash","Slice"],"picked":"SKIP","floor":2},{"not_picked":["Deflect","Acrobatics"],"picked":"Poisoned Stab","floor":4},{"not_picked":["A Thousand Cuts","Backstab"],"picked":"Underhanded Strike","floor":5},{"not_picked":["Sucker Punch","Underhanded Strike"],"picked":"Blur","floor":7},{"not_picked":["Riddle With Holes","Dagger Throw"],"picked":"Well Laid Plans+1","floor":10},{"not_picked":["Slice","Dash"],"picked":"Catalyst","floor":11},{"not_picked":["After Image+1","Corpse Explosion"],"picked":"Tools of the Trade+1","floor":16},{"not_picked":["Outmaneuver","Blade Dance","Sucker Punch"],"picked":"SKIP","floor":18}],"player_experience":79001,"relics_obtained":[{"floor":7,"key":"Mercury Hourglass"},{"floor":9,"key":"Frozen Egg 2"},{"floor":10,"key":"Sundial"}],"event_choices":[{"damage_healed":0,"gold_gain":0,"player_choice":"Take Damage","damage_taken":17,"relics_obtained":["Golden Idol"],"max_hp_gain":0,"max_hp_loss":0,"event_name":"Golden Idol","floor":3,"gold_loss":0},{"damage_healed":0,"gold_gain":0,"player_choice":"Ignored","damage_taken":0,"max_hp_gain":0,"max_hp_loss":0,"event_name":"Liars Game","floor":13,"gold_loss":0},{"damage_healed":0,"gold_gain":0,"player_choice":"Gave Idol","damage_taken":0,"relics_obtained":["Bloody Idol"],"max_hp_gain":0,"max_hp_loss":0,"event_name":"Forgotten Altar","floor":19,"relics_lost":["Golden Idol"],"gold_loss":0}],"is_beta":false,"boss_relics":[{"not_picked":["Ring of the Serpent","Lizard Tail"],"picked":"HoveringKite"}],"items_purged_floors":[14],"is_endless":false,"potions_floor_spawned":[2,4,7,16],"killed_by":"3 Byrds","ascension_level":1}