{"gold_per_floor":[112,112,187,167,187,221,221,233,233,244,264,264,33,83,83,157,157,97,97,97],"floor_reached":20,"playtime":466,"items_purged":["Strike_B"],"score":378,"play_id":"9b8a7344-28c9-4856-adbc-2ad899b50e3e","local_time":"20190906080559","is_ascension_mode":true,"campfire_choices":[{"data":"Zap","floor":7,"key":"SMITH"},{"floor":12,"key":"REST"},{"data":"Defragment","floor":15,"key":"SMITH"}],"neow_cost":"NONE","seed_source_timestamp":71894444297388,"circlet_count":0,"master_deck":["AscendersBane","Strike_B","Strike_B","Defend_B","Defend_B","Defend_B","Defend_B","Zap+1","Dualcast","Sweeping Beam","Gash","White Noise","Chill","Gash","Defragment+1","FTL","Recycle","Fission","Double Energy","Leap+1"],"relics":["Cracked Core","NeowsBlessing","The Courier","Dodecahedron","Ectoplasm"],"potions_floor_usage":[16,18],"damage_taken":[{"damage":0,"enemies":"2 Louse","floor":1,"turns":1},{"damage":0,"enemies":"Small Slimes","floor":5,"turns":1},{"damage":0,"enemies":"Gremlin Nob","floor":6,"turns":1},{"damage":1,"enemies":"Cultist","floor":8,"turns":3},{"damage":7,"enemies":"Looter","floor":10,"turns":3},{"damage":6,"enemies":"Lots of Slimes","floor":11,"turns":4},{"damage":15,"enemies":"Slime Boss","floor":16,"turns":7},{"damage":10,"enemies":"2 Thieves","floor":18,"turns":4},{"damage":35,"enemies":"Chosen","floor":19,"turns":6},{"damage":24,"enemies":"Snake Plant","floor":20,"turns":1}],"seed_played":"4742217723489794422","potions_obtained":[{"floor":4,"key":"SteroidPotion"},{"floor":10,"key":"Block Potion"},{"floor":16,"key":"Weak Potion"}],"is_trial":false,"path_per_floor":["M","?","?","?","M","E","R","M","T","M","M","R","$","?","R","B",null,"M","M","M"],"character_chosen":"DEFECT","items_purchased":["Defragment","FTL","Recycle"],"campfire_rested":1,"item_purchase_floors":[13,13,13],"current_hp_per_floor":[64,57,46,46,46,46,46,45,45,38,32,53,53,53,53,38,63,53,18,0],"gold":97,"neow_bonus":"THREE_ENEMY_KILL","is_prod":false,"is_daily":false,"chose_seed":false,"campfire_upgraded":2,"win_rate":0,"timestamp":1567721159,"path_taken":["M","?","?","?","M","E","R","M","T","M","?","R","$","?","R","BOSS","M","M","M"],"build_version":"2019-07-17","purchased_purges":1,"victory":false,"max_hp_per_floor":[71,71,71,71,71,71,71,71,71,71,71,71,71,71,71,71,71,71,71,71],"card_choices":[{"not_picked":["Conserve Battery","Leap"],"picked":"Sweeping Beam","floor":1},{"not_picked":["Go for the Eyes","Sweeping Beam"],"picked":"Gash","floor":5},{"not_picked":["Barrage","Rebound","Chaos"],"picked":"SKIP","floor":6},{"not_picked":["Recycle","Static Discharge"],"picked":"White Noise","floor":8},{"not_picked":["Compile Driver","Conserve Battery"],"picked":"Chill","floor":10},{"not_picked":["Genetic Algorithm","Compile Driver"],"picked":"Gash","floor":11},{"not_picked":["Meteor Strike","Amplify"],"picked":"Fission","floor":16},{"not_picked":["Hologram","Turbo"],"picked":"Double Energy","floor":18},{"not_picked":["Hologram","Beam Cell"],"picked":"Leap+1","floor":19}],"player_experience":1257187,"relics_obtained":[{"floor":6,"key":"The Courier"},{"floor":9,"key":"Dodecahedron"}],"event_choices":[{"cards_removed":["Strike_B"],"damage_healed":0,"gold_gain":0,"player_choice":"Card Removal","damage_taken":7,"max_hp_gain":0,"max_hp_loss":0,"event_name":"Golden Wing","floor":2,"gold_loss":0},{"damage_healed":0,"gold_gain":75,"player_choice":"Gather Gold","damage_taken":11,"max_hp_gain":0,"max_hp_loss":0,"event_name":"World of Goop","floor":3,"gold_loss":0},{"damage_healed":0,"gold_gain":0,"player_choice":"Bought 1 Potion","damage_taken":0,"max_hp_gain":0,"max_hp_loss":0,"event_name":"The Woman in Blue","floor":4,"gold_loss":0},{"damage_healed":0,"gold_gain":50,"player_choice":"Pray","damage_taken":0,"max_hp_gain":0,"max_hp_loss":0,"event_name":"Golden Shrine","floor":14,"gold_loss":0}],"is_beta":false,"boss_relics":[{"not_picked":["Eternal Feather","Lizard Tail"],"picked":"Ectoplasm"}],"items_purged_floors":[13],"is_endless":false,"potions_floor_spawned":[10,11,16],"killed_by":"Snake Plant","ascension_level":18}