{"gold_per_floor":[412,431,6,23,23,23,52,52,52,12,72,72,103,120,120,216,216,236,38,56,72,88,120,120,120],"floor_reached":25,"playtime":1878,"items_purged":["Shame"],"score":302,"play_id":"bc8b924e-1a3f-4d8e-a9a4-aad45cdbf678","local_time":"20190424175905","is_ascension_mode":true,"campfire_choices":[{"data":"Cloak And Dagger","floor":6,"key":"SMITH"},{"data":"Tools of the Trade","floor":8,"key":"SMITH"},{"data":"Neutralize","floor":15,"key":"SMITH"},{"floor":24,"key":"REST"}],"neow_cost":"CURSE","seed_source_timestamp":5960837647175,"circlet_count":0,"master_deck":["Defend_G","Defend_G","Defend_G","Defend_G","Defend_G","Strike_G","Strike_G","Strike_G","Strike_G","Strike_G","Survivor","Neutralize+1","Dagger Throw","Cloak And Dagger+1","Blade Dance","Footwork","Cloak And Dagger+1","Tools of the Trade+1","Escape Plan","Noxious Fumes","Pain","Backflip+1","Backflip+1","After Image","Dagger Spray","Acrobatics+1","Endless Agony","Blur+1","Tactician+1","Quick Slash+1","After Image","Bane+1","Footwork","After Image","Deflect+1"],"relics":["Ring of the Snake","Old Coin","Letter Opener","Kunai","Bottled Lightning","Toxic Egg 2","WarpedTongs","Sundial","Orrery","DollysMirror","PreservedInsect"],"potions_floor_usage":[7,13,20,23,23,25],"damage_taken":[{"damage":0,"enemies":"Small Slimes","floor":1,"turns":3},{"damage":0,"enemies":"2 Louse","floor":2,"turns":4},{"damage":0,"enemies":"Cultist","floor":4,"turns":4},{"damage":8,"enemies":"3 Sentries","floor":7,"turns":8},{"damage":16,"enemies":"Gremlin Nob","floor":11,"turns":5},{"damage":3,"enemies":"Gremlin Nob","floor":13,"turns":5},{"damage":3,"enemies":"Large Slime","floor":14,"turns":6},{"damage":15,"enemies":"Slime Boss","floor":16,"turns":9},{"damage":4,"enemies":"Chosen","floor":18,"turns":7},{"damage":8,"enemies":"Spheric Guardian","floor":20,"turns":8},{"damage":0,"enemies":"Snecko","floor":21,"turns":7},{"damage":7,"enemies":"Chosen and Byrds","floor":22,"turns":10},{"damage":42,"enemies":"Gremlin Leader","floor":23,"turns":10},{"damage":39,"enemies":"Slavers","floor":25,"turns":3}],"seed_played":"-1937934991995211807","potions_obtained":[{"floor":1,"key":"Poison Potion"},{"floor":2,"key":"SkillPotion"},{"floor":14,"key":"Dexterity Potion"},{"floor":16,"key":"Energy Potion"},{"floor":18,"key":"SmokeBomb"},{"floor":20,"key":"FearPotion"},{"floor":22,"key":"PowerPotion"}],"is_trial":false,"path_per_floor":["M","M","$","M","?","R","E","R","T","$","?","?","E","M","R","B",null,"M","$","M","M","M","E","R","E"],"character_chosen":"THE_SILENT","items_purchased":["Letter Opener","Blade Dance","Footwork","Escape Plan","DollysMirror"],"campfire_rested":1,"item_purchase_floors":[3,3,3,10,19],"current_hp_per_floor":[70,70,70,70,70,70,62,62,62,62,46,46,43,40,40,25,70,66,66,58,58,51,9,30,0],"gold":120,"neow_bonus":"ONE_RARE_RELIC","is_prod":false,"is_daily":false,"chose_seed":false,"campfire_upgraded":3,"win_rate":0,"timestamp":1556092745,"path_taken":["M","M","$","M","?","R","E","R","T","$","?","?","E","M","R","BOSS","M","$","M","?","M","E","R","E"],"build_version":"2019-01-23","purchased_purges":1,"victory":false,"max_hp_per_floor":[70,70,70,70,70,70,70,70,70,70,70,70,70,70,70,70,70,70,70,70,70,70,70,70,70],"card_choices":[{"not_picked":["Outmaneuver","Endless Agony"],"picked":"Dagger Throw","floor":1},{"not_picked":["Dagger Spray","Dodge and Roll"],"picked":"Cloak And Dagger","floor":2},{"not_picked":["Outmaneuver","PiercingWail"],"picked":"Cloak And Dagger","floor":4},{"not_picked":["Bane","Flechettes"],"picked":"Tools of the Trade","floor":7},{"not_picked":["Heel Hook","Bouncing Flask"],"picked":"Noxious Fumes","floor":11},{"not_picked":["Dagger Throw","Blade Dance+1"],"picked":"Backflip+1","floor":13},{"not_picked":["Underhanded Strike","Dagger Throw"],"picked":"Backflip+1","floor":14},{"not_picked":["Corpse Explosion+1","Storm of Steel+1"],"picked":"After Image","floor":16},{"not_picked":["Flying Knee","Flechettes"],"picked":"Dagger Spray","floor":17},{"not_picked":["Outmaneuver+1","Choke"],"picked":"Acrobatics+1","floor":17},{"not_picked":["Deadly Poison+1","Quick Slash"],"picked":"Endless Agony","floor":17},{"not_picked":["Deflect+1","Blade Dance+1"],"picked":"Blur+1","floor":17},{"not_picked":["Dagger Spray","Blade Dance+1"],"picked":"Tactician+1","floor":17},{"not_picked":["Dodge and Roll+1","Terror+1"],"picked":"Quick Slash+1","floor":18},{"not_picked":["All Out Attack","Dagger Throw"],"picked":"Bane+1","floor":20},{"not_picked":["Crippling Poison+1","Dagger Throw"],"picked":"Footwork","floor":21},{"not_picked":["Prepared+1","Cloak And Dagger+1"],"picked":"After Image","floor":22},{"not_picked":["Crippling Poison+1","Quick Slash+1"],"picked":"Deflect+1","floor":23}],"player_experience":458851,"relics_obtained":[{"floor":7,"key":"Kunai"},{"floor":9,"key":"Bottled Lightning"},{"floor":11,"key":"Toxic Egg 2"},{"floor":13,"key":"Sundial"},{"floor":23,"key":"PreservedInsect"}],"event_choices":[{"damage_healed":0,"gold_gain":0,"player_choice":"Grow","damage_taken":0,"max_hp_gain":0,"max_hp_loss":0,"event_name":"Living Wall","floor":5,"gold_loss":0,"cards_upgraded":["Cloak And Dagger"]},{"damage_healed":0,"gold_gain":0,"player_choice":"Searched \u00271\u0027 times","damage_taken":0,"max_hp_gain":0,"max_hp_loss":0,"event_name":"Dead Adventurer","floor":11,"gold_loss":0},{"damage_healed":0,"gold_gain":0,"player_choice":"Rummage","damage_taken":0,"relics_obtained":["WarpedTongs"],"max_hp_gain":0,"max_hp_loss":0,"event_name":"Accursed Blacksmith","floor":12,"gold_loss":0,"cards_obtained":["Pain"]}],"is_beta":false,"boss_relics":[{"not_picked":["Pandora\u0027s Box","Black Star"],"picked":"Orrery"}],"items_purged_floors":[3],"is_endless":false,"potions_floor_spawned":[1,2,14,16,18,20,22],"killed_by":"Slavers","ascension_level":4}