{"gold_per_floor":[119,119,44,44,59,59,73,73,99,99,124,124,155,166,166,242,242,212,158,171,181,200,200],"floor_reached":23,"playtime":973,"items_purged":[],"score":417,"play_id":"455b4fc2-447b-4b83-84a5-1d72de038f53","local_time":"20190731002253","is_ascension_mode":true,"campfire_choices":[{"data":"Inflame","floor":6,"key":"SMITH"},{"data":"Whirlwind","floor":8,"key":"SMITH"},{"data":"True Grit","floor":12,"key":"SMITH"},{"data":"Rupture","floor":15,"key":"SMITH"}],"neow_cost":"NONE","seed_source_timestamp":291003061723714,"circlet_count":0,"master_deck":["AscendersBane","Strike_R","Strike_R","Strike_R","Strike_R","Defend_R","Defend_R","Defend_R","Defend_R","Bash","Whirlwind+1","Inflame+1","Ghostly Armor","True Grit+1","Offering","Rupture+1","Feed","Seeing Red"],"relics":["Burning Blood","Red Skull","Torii","Lantern","Busted Crown","Mummified Hand"],"potions_floor_usage":[7,14,16,18,21],"damage_taken":[{"damage":19,"enemies":"Jaw Worm","floor":1,"turns":5},{"damage":6,"enemies":"Small Slimes","floor":5,"turns":5},{"damage":11,"enemies":"2 Louse","floor":7,"turns":3},{"damage":25,"enemies":"3 Sentries","floor":11,"turns":7},{"damage":26,"enemies":"Lagavulin","floor":13,"turns":7},{"damage":0,"enemies":"Red Slaver","floor":14,"turns":3},{"damage":12,"enemies":"Hexaghost","floor":16,"turns":7},{"damage":12,"enemies":"2 Thieves","floor":18,"turns":4},{"damage":14,"enemies":"3 Byrds","floor":20,"turns":5},{"damage":44,"enemies":"Snake Plant","floor":21,"turns":4},{"damage":6,"enemies":"Centurion and Healer","floor":22,"turns":6},{"damage":39,"enemies":"Gremlin Leader","floor":23,"turns":4}],"seed_played":"8129322127009279224","potions_obtained":[{"floor":1,"key":"BloodPotion"},{"floor":5,"key":"PowerPotion"},{"floor":13,"key":"Fire Potion"},{"floor":16,"key":"Swift Potion"},{"floor":20,"key":"SteroidPotion"}],"is_trial":false,"path_per_floor":["M","?","?","$","M","R","M","R","T","T","E","R","E","M","R","B",null,"M","?","M","M","M","E"],"character_chosen":"IRONCLAD","items_purchased":[],"campfire_rested":0,"item_purchase_floors":[],"current_hp_per_floor":[62,67,67,67,67,67,83,83,83,83,64,64,44,50,50,44,76,73,73,68,33,36,0],"gold":200,"neow_bonus":"TEN_PERCENT_HP_BONUS","is_prod":false,"is_daily":false,"chose_seed":false,"campfire_upgraded":4,"win_rate":0,"timestamp":1564546973,"path_taken":["M","?","?","$","M","R","M","R","T","?","E","R","E","M","R","BOSS","M","?","M","?","M","E"],"build_version":"2019-07-17","purchased_purges":0,"victory":false,"max_hp_per_floor":[82,87,87,87,87,87,87,87,87,87,87,87,87,87,87,87,87,90,90,93,96,99,99],"card_choices":[{"not_picked":["Ghostly Armor","Blood for Blood"],"picked":"Whirlwind","floor":1},{"not_picked":["Evolve","Metallicize"],"picked":"Inflame","floor":5},{"not_picked":["Spot Weakness","Whirlwind"],"picked":"Ghostly Armor","floor":7},{"not_picked":["Shrug It Off","Wild Strike"],"picked":"True Grit","floor":11},{"not_picked":["Fiend Fire","Thunderclap"],"picked":"Offering","floor":13},{"not_picked":["Cleave","Uppercut"],"picked":"Rupture","floor":14},{"not_picked":["Impervious","Double Tap"],"picked":"Feed","floor":16},{"not_picked":["Anger"],"picked":"SKIP","floor":18},{"not_picked":["True Grit"],"picked":"SKIP","floor":20},{"not_picked":[],"picked":"Seeing Red","floor":21},{"not_picked":["Dropkick"],"picked":"SKIP","floor":22},{"not_picked":["Dropkick"],"picked":"SKIP","floor":22}],"player_experience":1662269,"relics_obtained":[{"floor":9,"key":"Red Skull"},{"floor":11,"key":"Torii"},{"floor":13,"key":"Lantern"}],"event_choices":[{"damage_healed":0,"gold_gain":0,"player_choice":"Donut","damage_taken":0,"max_hp_gain":5,"max_hp_loss":0,"event_name":"Big Fish","floor":2,"gold_loss":0},{"cards_removed":["Strike_R"],"damage_healed":0,"gold_gain":0,"player_choice":"Card Removal","damage_taken":0,"max_hp_gain":0,"max_hp_loss":0,"event_name":"The Cleric","floor":3,"gold_loss":75},{"damage_healed":0,"gold_gain":0,"player_choice":"Paid Gold","damage_taken":0,"relics_obtained":["Mummified Hand"],"max_hp_gain":0,"max_hp_loss":0,"event_name":"WeMeetAgain","floor":19,"gold_loss":54}],"is_beta":false,"boss_relics":[{"not_picked":["Black Star","Runic Pyramid"],"picked":"Busted Crown"}],"items_purged_floors":[],"is_endless":false,"potions_floor_spawned":[1,5,13,16,20],"killed_by":"Gremlin Leader","ascension_level":19}