{"gold_per_floor":[119,194,206,256,267,267,284,284,333,343,343,15,15,35,35,106,106,117,117,18,18,18,18,18,18,18,45,19,19,38,55,55,55],"floor_reached":33,"playtime":861,"items_purged":[],"score":506,"play_id":"0d9a756f-ca9d-478a-b2cd-fcf361ee5da5","local_time":"20190825115841","is_ascension_mode":true,"campfire_choices":[{"data":"Seeing Red","floor":6,"key":"SMITH"},{"data":"Bash","floor":8,"key":"SMITH"},{"floor":11,"key":"REST"},{"floor":15,"key":"REST"},{"data":"Heavy Blade","floor":23,"key":"SMITH"},{"data":"Feel No Pain","floor":25,"key":"SMITH"},{"floor":29,"key":"REST"},{"data":"Whirlwind","floor":32,"key":"SMITH"}],"neow_cost":"NONE","seed_source_timestamp":21181477216721,"circlet_count":0,"master_deck":["AscendersBane","Defend_R","Defend_R","Defend_R+1","Defend_R","Bash+1","Anger","Seeing Red+1","Feel No Pain+1","Dropkick","Ghostly Armor","Whirlwind+1","Immolate","Heavy Blade+1","Shrug It Off+1","Evolve","Bite","Bite","Bite","Bite","Bite","Normality","Blood for Blood","Havoc","Iron Wave+1","Dropkick"],"relics":["Burning Blood","NeowsBlessing","Happy Flower","Red Skull","Bronze Scales","Cursed Key","Gremlin Horn","War Paint"],"potions_floor_usage":[16,16,33,33],"damage_taken":[{"damage":0,"enemies":"2 Louse","floor":1,"turns":1},{"damage":0,"enemies":"Cultist","floor":3,"turns":1},{"damage":0,"enemies":"Jaw Worm","floor":5,"turns":1},{"damage":26,"enemies":"Blue Slaver","floor":7,"turns":5},{"damage":36,"enemies":"Exordium Thugs","floor":10,"turns":6},{"damage":7,"enemies":"Exordium Wildlife","floor":14,"turns":3},{"damage":39,"enemies":"Slime Boss","floor":16,"turns":8},{"damage":29,"enemies":"2 Thieves","floor":18,"turns":3},{"damage":47,"enemies":"Slavers","floor":27,"turns":4},{"damage":20,"enemies":"Shell Parasite","floor":30,"turns":5},{"damage":15,"enemies":"Shelled Parasite and Fungi","floor":31,"turns":3},{"damage":78,"enemies":"Collector","floor":33,"turns":7}],"seed_played":"5219124003826617327","potions_obtained":[{"floor":3,"key":"BloodPotion"},{"floor":5,"key":"Fire Potion"},{"floor":30,"key":"Fire Potion"},{"floor":31,"key":"BloodPotion"}],"is_trial":false,"path_per_floor":["M","?","M","?","M","R","M","R","T","M","R","$","?","M","R","B",null,"M","?","$","?","$","R","$","R","T","E","$","R","M","M","R","B"],"character_chosen":"IRONCLAD","items_purchased":["Red Skull","Bronze Scales","Shrug It Off","Evolve","Havoc"],"campfire_rested":3,"item_purchase_floors":[12,12,20,20,28],"current_hp_per_floor":[74,63,69,62,68,68,48,48,48,18,40,40,33,32,54,39,66,43,43,43,43,43,43,43,43,43,16,16,31,27,26,26,0],"gold":55,"neow_bonus":"THREE_ENEMY_KILL","is_prod":false,"is_daily":false,"chose_seed":false,"campfire_upgraded":5,"win_rate":0,"timestamp":1566698321,"path_taken":["M","?","M","?","?","R","M","R","T","M","R","$","?","M","R","BOSS","M","?","?","?","$","R","$","R","T","E","$","R","M","M","R","BOSS"],"build_version":"2019-07-17","purchased_purges":0,"victory":false,"max_hp_per_floor":[75,75,75,75,75,75,75,75,75,75,75,75,75,75,75,75,75,75,75,75,52,52,52,52,52,52,52,52,52,52,52,52,52],"card_choices":[{"not_picked":["Warcry","Body Slam"],"picked":"Anger","floor":1},{"not_picked":["Heavy Blade","True Grit"],"picked":"Seeing Red","floor":3},{"not_picked":["Heavy Blade","Anger"],"picked":"Feel No Pain","floor":5},{"not_picked":["Iron Wave","Blood for Blood"],"picked":"Dropkick","floor":7},{"not_picked":["Burning Pact","Anger"],"picked":"Ghostly Armor","floor":10},{"not_picked":["Flame Barrier","Twin Strike"],"picked":"Whirlwind","floor":14},{"not_picked":["Brutality","Fiend Fire"],"picked":"Immolate","floor":16},{"not_picked":["True Grit","Rage"],"picked":"Heavy Blade","floor":18},{"not_picked":["Heavy Blade","Thunderclap"],"picked":"Blood for Blood","floor":27},{"not_picked":["Clothesline","Cleave"],"picked":"Iron Wave+1","floor":30},{"not_picked":["Sword Boomerang","Clothesline"],"picked":"Dropkick","floor":31}],"player_experience":1216854,"relics_obtained":[{"floor":9,"key":"Happy Flower"},{"floor":26,"key":"Gremlin Horn"},{"floor":27,"key":"War Paint"}],"event_choices":[{"damage_healed":0,"gold_gain":75,"player_choice":"Gather Gold","damage_taken":11,"max_hp_gain":0,"max_hp_loss":0,"event_name":"World of Goop","floor":2,"gold_loss":0},{"damage_healed":0,"gold_gain":50,"player_choice":"Touch","damage_taken":7,"max_hp_gain":0,"max_hp_loss":0,"event_name":"FaceTrader","floor":4,"gold_loss":0},{"cards_removed":["Strike_R"],"damage_healed":0,"gold_gain":0,"player_choice":"Card Removal","damage_taken":7,"max_hp_gain":0,"max_hp_loss":0,"event_name":"Golden Wing","floor":13,"gold_loss":0},{"damage_healed":0,"gold_gain":0,"player_choice":"Ignored","damage_taken":0,"max_hp_gain":0,"max_hp_loss":0,"event_name":"N\u0027loth","floor":19,"gold_loss":0},{"damage_healed":0,"gold_gain":0,"player_choice":"Became a vampire","damage_taken":0,"max_hp_gain":0,"max_hp_loss":23,"event_name":"Vampires","floor":21,"gold_loss":0,"cards_obtained":["Bite","Bite","Bite","Bite","Bite"]}],"is_beta":false,"boss_relics":[{"not_picked":["Calling Bell","Tiny House"],"picked":"Cursed Key"}],"items_purged_floors":[],"is_endless":false,"potions_floor_spawned":[3,5,7,30,31],"killed_by":"Collector","ascension_level":18}