{"gold_per_floor":[111,125,50,50,77,77,89,89,89,115,128,128,157,157,157,232,232,248,260,0,0,0,0,0,15,15,15],"floor_reached":27,"playtime":796,"items_purged":["Strike_G"],"score":416,"play_id":"b7aeb94c-c5eb-4e33-971b-d877ae9f58d5","local_time":"20190826200642","is_ascension_mode":true,"campfire_choices":[{"floor":6.0,"key":"REST"},{"data":"Bouncing Flask","floor":8.0,"key":"SMITH"},{"floor":12.0,"key":"REST"},{"data":"Catalyst","floor":15.0,"key":"SMITH"},{"floor":24.0,"key":"REST"}],"neow_cost":"NONE","seed_source_timestamp":40768202730052,"circlet_count":0,"master_deck":["AscendersBane","Strike_G+1","Strike_G","Strike_G+1","Strike_G+1","Defend_G","Defend_G","Defend_G+1","Defend_G","Defend_G","Survivor","Neutralize","Bouncing Flask+1","Catalyst+1","Dagger Spray","Quick Slash","Bane","Cloak And Dagger","Tools of the Trade","Caltrops","Backflip","Cloak And Dagger"],"special_seed":0,"relics":["Ring of the Snake","Omamori","Whetstone","Bag of Preparation","Vajra","Snecko Eye","Blue Candle"],"potions_floor_usage":[25,27],"damage_taken":[{"damage":8.0,"enemies":"Small Slimes","floor":1.0,"turns":5.0},{"damage":4.0,"enemies":"Jaw Worm","floor":2.0,"turns":4.0},{"damage":0.0,"enemies":"2 Louse","floor":7.0,"turns":3.0},{"damage":23.0,"enemies":"Lagavulin","floor":10.0,"turns":4.0},{"damage":0.0,"enemies":"Looter","floor":11.0,"turns":3.0},{"damage":3.0,"enemies":"Gremlin Nob","floor":13.0,"turns":3.0},{"damage":21.0,"enemies":"Hexaghost","floor":16.0,"turns":5.0},{"damage":25.0,"enemies":"2 Thieves","floor":18.0,"turns":5.0},{"damage":1.0,"enemies":"Spheric Guardian","floor":19.0,"turns":3.0},{"damage":30,"enemies":"Shelled Parasite and Fungi","floor":25,"turns":3},{"damage":18,"enemies":"Cultist and Chosen","floor":27,"turns":5}],"seed_played":"2755491682592536480","potions_obtained":[{"floor":0.0,"key":"Dexterity Potion"},{"floor":0.0,"key":"AttackPotion"},{"floor":10.0,"key":"Strength Potion"},{"floor":11.0,"key":"Swift Potion"},{"floor":13.0,"key":"Poison Potion"},{"floor":16.0,"key":"Fire Potion"},{"floor":25,"key":"FearPotion"}],"is_trial":false,"path_per_floor":["M","M","$","?","T","R","M","R","T","E","M","R","E","?","R","B",null,"M","M","?","$","?","?","R","M","T","M"],"character_chosen":"THE_SILENT","items_purchased":[],"campfire_rested":3,"item_purchase_floors":[],"current_hp_per_floor":[51,47,47,27,27,46,46,46,46,23,23,42,39,39,39,18,54,29,28,28,28,10,24,45,15,15,0],"gold":15,"neow_bonus":"THREE_SMALL_POTIONS","is_prod":false,"is_daily":false,"chose_seed":false,"campfire_upgraded":2,"win_rate":0,"timestamp":1566814002,"path_taken":["M","M","$","?","?","R","M","R","T","E","M","R","E","?","R","BOSS","M","M","?","$","?","?","R","M","T","M"],"build_version":"2019-07-17","purchased_purges":1,"victory":false,"max_hp_per_floor":[66,66,66,66,66,66,66,66,66,66,66,66,66,66,66,66,66,66,66,66,66,71,71,71,71,71,71],"card_choices":[{"not_picked":["Dodge and Roll","Finisher"],"picked":"Bouncing Flask","floor":1.0},{"not_picked":["Terror","Dodge and Roll"],"picked":"Catalyst","floor":2.0},{"not_picked":["Escape Plan","PiercingWail"],"picked":"Dagger Spray","floor":7.0},{"not_picked":["Blade Dance","All Out Attack"],"picked":"Quick Slash","floor":10.0},{"not_picked":["Crippling Poison","Setup"],"picked":"Bane","floor":11.0},{"not_picked":["Dagger Throw","Sucker Punch"],"picked":"Cloak And Dagger","floor":13.0},{"not_picked":["Unload","Grand Finale"],"picked":"Tools of the Trade","floor":16.0},{"not_picked":["Skewer","Finisher"],"picked":"Caltrops","floor":18.0},{"not_picked":["Acrobatics","Skewer"],"picked":"Backflip","floor":19.0},{"not_picked":["Quick Slash+1","Blade Dance"],"picked":"Cloak And Dagger","floor":25}],"player_experience":1222375,"relics_obtained":[{"floor":5.0,"key":"Omamori"},{"floor":9.0,"key":"Whetstone"},{"floor":10.0,"key":"Bag of Preparation"},{"floor":13.0,"key":"Vajra"},{"floor":26,"key":"Blue Candle"}],"event_choices":[{"damage_healed":0.0,"max_hp_gain":0.0,"max_hp_loss":0.0,"gold_gain":0.0,"event_name":"Shining Light","player_choice":"Entered Light","floor":4.0,"gold_loss":0.0,"damage_taken":20.0,"cards_upgraded":["Defend_G","Strike_G"]},{"damage_healed":0.0,"max_hp_gain":0.0,"max_hp_loss":0.0,"gold_gain":0.0,"event_name":"Liars Game","player_choice":"Ignored","floor":14.0,"gold_loss":0.0,"damage_taken":0.0},{"damage_healed":0.0,"max_hp_gain":0.0,"max_hp_loss":0.0,"gold_gain":0.0,"event_name":"Masked Bandits","player_choice":"Paid Fearfully","floor":20.0,"gold_loss":260.0,"damage_taken":0.0},{"damage_healed":0.0,"max_hp_gain":5.0,"max_hp_loss":0.0,"gold_gain":0.0,"event_name":"Forgotten Altar","player_choice":"Shed Blood","floor":22.0,"gold_loss":0.0,"damage_taken":23.0},{"damage_healed":14.0,"max_hp_gain":0.0,"max_hp_loss":0.0,"gold_gain":0.0,"event_name":"The Library","player_choice":"Heal","floor":23.0,"gold_loss":0.0,"damage_taken":0.0}],"is_beta":false,"boss_relics":[{"not_picked":["Fusion Hammer","White Beast Statue"],"picked":"Snecko Eye"}],"items_purged_floors":[3],"is_endless":false,"potions_floor_spawned":[10,11,13,16,18,25],"killed_by":"Cultist and Chosen","ascension_level":18}