{"gold_per_floor":[109,120,120,2,16,48,13,13,13,30,30,45,45,58,58,133,133,153,29,44,44,55,55,80,80,105,5,5,24,35,51,51,51],"floor_reached":33,"playtime":1412,"items_purged":["Regret","Writhe"],"score":471,"play_id":"1e26a306-e066-490b-ad2f-8ad81b78d4b6","local_time":"20190723015543","is_ascension_mode":true,"campfire_choices":[{"floor":8,"key":"REST"},{"data":"Zap","floor":11,"key":"SMITH"},{"data":"Chill","floor":13,"key":"SMITH"},{"data":"Static Discharge","floor":15,"key":"SMITH"},{"floor":23,"key":"REST"},{"floor":25,"key":"REST"},{"floor":32,"key":"REST"}],"neow_cost":"NONE","seed_source_timestamp":21815314121210,"circlet_count":0,"master_deck":["AscendersBane","Strike_B","Defend_B","Defend_B","Defend_B","Defend_B","Zap+1","Dualcast","Static Discharge+1","Recycle","Streamline","Undo","Melter","Hologram","Hologram","Core Surge","Chill+1","Ball Lightning","Biased Cognition","Injury","Coolheaded","Conserve Battery","Hello World","Aggregate","Core Surge","Ball Lightning","Biased Cognition","Genetic Algorithm","Capacitor+1"],"relics":["Cracked Core","Letter Opener","Bag of Preparation","Calling Bell","Boot","Dodecahedron","Thread and Needle","Bottled Tornado","Bag of Marbles"],"potions_floor_usage":[6,16,24,30],"damage_taken":[{"damage":7,"enemies":"Jaw Worm","floor":1,"turns":3},{"damage":1,"enemies":"Cultist","floor":2,"turns":4},{"damage":8,"enemies":"Small Slimes","floor":5,"turns":4},{"damage":27,"enemies":"Gremlin Nob","floor":6,"turns":5},{"damage":3,"enemies":"2 Fungi Beasts","floor":10,"turns":3},{"damage":1,"enemies":"Exordium Wildlife","floor":12,"turns":4},{"damage":2,"enemies":"Gremlin Gang","floor":14,"turns":4},{"damage":21,"enemies":"Hexaghost","floor":16,"turns":7},{"damage":8,"enemies":"3 Byrds","floor":18,"turns":4},{"damage":8,"enemies":"Spheric Guardian","floor":20,"turns":4},{"damage":22,"enemies":"Centurion and Healer","floor":22,"turns":6},{"damage":30,"enemies":"Slavers","floor":24,"turns":4},{"damage":10,"enemies":"Shelled Parasite and Fungi","floor":29,"turns":4},{"damage":4,"enemies":"Snake Plant","floor":30,"turns":2},{"damage":13,"enemies":"Centurion and Healer","floor":31,"turns":6},{"damage":53,"enemies":"Champ","floor":33,"turns":7}],"seed_played":"-2807167521071089508","potions_obtained":[{"floor":5,"key":"FairyPotion"},{"floor":10,"key":"SpeedPotion"},{"floor":14,"key":"SkillPotion"},{"floor":24,"key":"PowerPotion"}],"is_trial":false,"path_per_floor":["M","M","?","$","M","E","?","R","T","M","R","M","R","M","R","B",null,"M","$","M","?","M","R","E","R","T","$","?","M","M","M","R","B"],"character_chosen":"DEFECT","items_purchased":["Melter","Block Potion","AttackPotion"],"campfire_rested":4,"item_purchase_floors":[4,4,19],"current_hp_per_floor":[57,56,56,56,48,21,38,59,59,56,56,55,55,53,53,32,61,53,53,45,45,23,44,14,35,35,35,35,25,21,8,29,0],"gold":51,"neow_bonus":"TRANSFORM_CARD","is_prod":false,"is_daily":false,"chose_seed":false,"campfire_upgraded":3,"win_rate":0,"timestamp":1563810943,"path_taken":["M","M","?","$","?","E","?","R","T","M","R","M","R","M","R","BOSS","M","$","M","?","M","R","E","R","T","$","?","?","M","M","R","BOSS"],"build_version":"2019-07-17","purchased_purges":2,"victory":false,"max_hp_per_floor":[71,71,71,71,71,71,71,71,71,71,71,71,71,71,71,71,71,71,71,71,71,71,71,71,71,71,71,71,71,71,71,71,71],"card_choices":[{"not_picked":["Redo","Fusion"],"picked":"Recycle","floor":1},{"not_picked":["Ball Lightning","Skim"],"picked":"Streamline","floor":2},{"not_picked":["Static Discharge","Redo"],"picked":"Hologram","floor":5},{"not_picked":["Rebound","Leap"],"picked":"Hologram","floor":6},{"not_picked":["Double Energy","Coolheaded"],"picked":"Core Surge","floor":10},{"not_picked":["Steam","Gash"],"picked":"Chill","floor":12},{"not_picked":["Streamline","Tempest"],"picked":"Ball Lightning","floor":14},{"not_picked":["Reboot","Rainbow"],"picked":"Biased Cognition","floor":16},{"not_picked":["Turbo","Chaos"],"picked":"Coolheaded","floor":18},{"not_picked":["Chill","Skim"],"picked":"Conserve Battery","floor":20},{"not_picked":["Conserve Battery+1","Turbo"],"picked":"Core Surge","floor":22},{"not_picked":["Gash+1","Leap"],"picked":"Ball Lightning","floor":24},{"not_picked":["Recycle","Coolheaded","Barrage"],"picked":"SKIP","floor":29},{"not_picked":["FTL","Coolheaded"],"picked":"Genetic Algorithm","floor":30},{"not_picked":["Steam","Hologram"],"picked":"Capacitor+1","floor":31}],"player_experience":1063146,"relics_obtained":[{"floor":6,"key":"Letter Opener"},{"floor":9,"key":"Bag of Preparation"},{"floor":17,"key":"Boot"},{"floor":17,"key":"Dodecahedron"},{"floor":17,"key":"Thread and Needle"},{"floor":24,"key":"Bottled Tornado"},{"floor":26,"key":"Bag of Marbles"}],"event_choices":[{"damage_healed":0,"gold_gain":0,"player_choice":"1 cards matched","damage_taken":0,"max_hp_gain":0,"max_hp_loss":0,"event_name":"Match and Keep!","floor":3,"gold_loss":0,"cards_obtained":["Undo"]},{"damage_healed":17,"gold_gain":0,"player_choice":"Healed","damage_taken":0,"max_hp_gain":0,"max_hp_loss":0,"event_name":"The Cleric","floor":7,"gold_loss":35},{"damage_healed":0,"gold_gain":0,"cards_transformed":["Strike_B","Strike_B"],"player_choice":"Became Test Subject","damage_taken":0,"max_hp_gain":0,"max_hp_loss":0,"event_name":"Drug Dealer","floor":21,"gold_loss":0,"cards_obtained":["Hello World","Aggregate"]},{"damage_healed":0,"gold_gain":0,"player_choice":"Copied","damage_taken":0,"max_hp_gain":0,"max_hp_loss":0,"event_name":"Duplicator","floor":28,"gold_loss":0,"cards_obtained":["Biased Cognition"]}],"is_beta":false,"boss_relics":[{"not_picked":["Velvet Choker","Tiny House"],"picked":"Calling Bell"}],"items_purged_floors":[19,27],"is_endless":false,"potions_floor_spawned":[5,10,12,14,22,24,29],"killed_by":"Champ","ascension_level":15}