{"path_per_floor":["M","M","?","M","?","E","M","E","T","R","E","M","?","$","R","B",null,"M","?","M","M","$","R","E","?","T","?","M","R","E","$","R","B",null,"M","?","M","$","M","R","?","E","T","$","?","R","M","E","R"],"character_chosen":"IRONCLAD","items_purchased":["Whetstone","Membership Card","Evolve","Bag of Preparation","Metallicize","Fire Potion","Warcry","Happy Flower"],"gold_per_floor":[112,126,126,137,137,168,188,213,239,239,270,288,288,12,12,113,113,129,129,148,163,20,20,46,46,69,69,86,86,117,61,61,160,160,178,178,191,17,27,27,27,53,53,3,0,0,11,45,45,45],"floor_reached":50,"campfire_rested":7,"playtime":3225,"current_hp_per_floor":[67,66,66,61,61,30,15,15,15,54,33,27,27,27,69,45,92,89,89,91,71,71,71,51,51,51,32,14,59,46,46,91,18,105,95,95,51,51,28,74,61,36,36,36,36,82,83,49,96,0],"items_purged":["Pain","Regret"],"gold":45,"score":714,"play_id":"dc50a889-ab1b-4069-8a67-71ab2c7e2d58","local_time":"20180328015905","is_prod":false,"is_daily":false,"is_ascension_mode":true,"campfire_upgraded":1,"timestamp":1522216745,"path_taken":["M","M","?","M","?","E","M","E","T","R","E","?","?","$","R","BOSS","M","?","?","M","$","R","E","?","T","?","M","R","E","?","R","BOSS","M","?","M","$","M","R","?","E","T","$","?","R","M","E","R","BOSS"],"build_version":"2018-03-22v2","purchased_purges":2,"victory":false,"master_deck":["Strike_R+1","Strike_R+1","Strike_R+1","Strike_R+1","Strike_R+1","Defend_R+1","Defend_R+1","Defend_R+1","Pommel Strike","Armaments","Anger","Pummel+1","Inflame","Armaments+1","Whirlwind","Rage","Exhume","Twin Strike+1","Infernal Blade","Evolve","Ghostly Armor+1","Metallicize+1","Carnage+1","Impervious","Warcry","Thunderclap+1","Madness","Madness","Body Slam+1","Sword Boomerang+1"],"max_hp_per_floor":[80,80,80,80,80,80,80,80,80,80,90,92,92,92,92,92,92,92,92,94,94,94,94,96,96,96,101,101,101,103,103,103,105,105,105,105,105,105,105,105,105,105,105,105,105,105,107,107,107,107],"relics":["Black Star","Ornamental Fan","Regal Pillow","Singing Bowl","Bottled Flame","The Courier","Pen Nib","Pear","Whetstone","Membership Card","Cursed Key","Bag of Preparation","Blue Candle","Smiling Mask","Nloth\u0027s Gift","Ancient Tea Set","Frozen Egg 2","Centennial Puzzle","Runic Cube","Happy Flower","Torii","Sundial","Unceasing Top","Red Mask","Art of War","Blood Vial"],"card_choices":[{"not_picked":["Sword Boomerang","Clash"],"picked":"Pommel Strike","floor":1},{"not_picked":["Clothesline","Havoc"],"picked":"Armaments","floor":2},{"not_picked":["Double Tap","Warcry"],"picked":"Anger","floor":4},{"not_picked":["Flex","Havoc"],"picked":"Pummel","floor":6},{"not_picked":["True Grit","Thunderclap"],"picked":"Inflame","floor":7},{"not_picked":["Clothesline","Havoc"],"picked":"Armaments","floor":8},{"not_picked":["Headbutt","Exhume"],"picked":"Whirlwind","floor":11},{"not_picked":["Immolate","Brutality"],"picked":"Exhume","floor":16},{"not_picked":["Clash","Wild Strike"],"picked":"Twin Strike","floor":18},{"not_picked":["Havoc","Rage"],"picked":"Infernal Blade","floor":21},{"not_picked":["Burning Pact","Clash"],"picked":"Ghostly Armor","floor":28},{"not_picked":["Twin Strike","Heavy Blade"],"picked":"Carnage","floor":35},{"not_picked":["Flex","Iron Wave"],"picked":"Impervious","floor":37},{"not_picked":["Twin Strike","Body Slam"],"picked":"Thunderclap","floor":39},{"not_picked":["Thunderclap","Twin Strike"],"picked":"Body Slam","floor":42},{"not_picked":["True Grit","Exhume"],"picked":"Sword Boomerang","floor":48}],"player_experience":143703,"potions_floor_usage":[6,8,8,20,24,28,30,33,33,42,50,50],"damage_taken":[{"damage":13,"enemies":"Jaw Worm","floor":1,"turns":4},{"damage":1,"enemies":"Cultist","floor":2,"turns":4},{"damage":5,"enemies":"2 Louse","floor":4,"turns":4},{"damage":31,"enemies":"Lagavulin","floor":6,"turns":8},{"damage":15,"enemies":"Exordium Thugs","floor":7,"turns":6},{"damage":0,"enemies":"Gremlin Nob","floor":8,"turns":2},{"damage":31,"enemies":"Lagavulin","floor":11,"turns":7},{"damage":8,"enemies":"Blue Slaver","floor":12,"turns":3},{"damage":24,"enemies":"The Guardian","floor":16,"turns":11},{"damage":3,"enemies":"Shell Parasite","floor":18,"turns":5},{"damage":0,"enemies":"Spheric Guardian","floor":20,"turns":3},{"damage":20,"enemies":"Centurion and Healer","floor":21,"turns":4},{"damage":22,"enemies":"Slavers","floor":24,"turns":4},{"damage":18,"enemies":"Snake Plant","floor":28,"turns":4},{"damage":15,"enemies":"Gremlin Leader","floor":30,"turns":4},{"damage":75,"enemies":"Collector","floor":33,"turns":6},{"damage":10,"enemies":"Orb Walker","floor":35,"turns":3},{"damage":44,"enemies":"3 Darklings","floor":37,"turns":5},{"damage":23,"enemies":"Maw","floor":39,"turns":9},{"damage":25,"enemies":"2 Orb Walkers","floor":42,"turns":5},{"damage":1,"enemies":"Sphere and 2 Shapes","floor":47,"turns":4},{"damage":34,"enemies":"Giant Head","floor":48,"turns":8},{"damage":104,"enemies":"Awakened One","floor":50,"turns":10}],"event_choices":[{"event_name":"Big Fish","player_choice":"Box","floor":3,"damage_taken":0},{"event_name":"Fountain of Cleansing","player_choice":"Removed Curse","floor":5,"damage_taken":0},{"event_name":"Transmorgrifier","player_choice":"Transform","floor":13,"damage_taken":0},{"event_name":"Back to Basics","player_choice":"Simplicity","floor":19,"damage_taken":0},{"event_name":"N\u0027loth","player_choice":"Traded a Dodecahedron","floor":25,"damage_taken":0},{"event_name":"Forgotten Altar","player_choice":"Shed Blood","floor":27,"damage_taken":0},{"event_name":"Winding Halls","player_choice":"Embrace Madness","floor":41,"damage_taken":0},{"event_name":"Tomb of Lord Red Mask","player_choice":"Paid","floor":45,"damage_taken":0}],"boss_relics":[{"not_picked":["Runic Pyramid","Snecko Eye"],"picked":"Cursed Key"},{"not_picked":["Pandora\u0027s Box","Astrolabe"],"picked":"Runic Cube"}],"potions_floor_spawned":[2,4,7,16,18,20,24,28,37,39,42],"seed_played":"9190833147450259006","killed_by":"Awakened One","ascension_level":2,"is_trial":false}