{"gold_per_floor":[118,118,38,38,38,38,76,133,133,176,201,42,42,70,70,191,191,209,232,164,264,282,313,313,149,231,265,710,490,544,558,558,683,683,724,394,519,538,574,618,663,706,706,751,751,784,836,12,12,12],"floor_reached":51,"playtime":4338,"items_purged":["HandOfGreed"],"score":1015,"play_id":"457c38ca-4dc0-4f10-9cf2-25e3ba99cb8f","local_time":"20190316000248","is_ascension_mode":true,"campfire_choices":[{"data":"Defragment","floor":6,"key":"SMITH"},{"data":"Darkness","floor":13,"key":"SMITH"},{"data":"Zap","floor":15,"key":"SMITH"},{"data":"Undo","floor":24,"key":"SMITH"},{"data":"Amplify","floor":32,"key":"SMITH"},{"data":"Scrape","floor":45,"key":"PURGE"},{"data":"Seek","floor":49,"key":"SMITH"}],"neow_cost":"NONE","seed_source_timestamp":2684163424850600,"circlet_count":0,"master_deck":["Zap+1","Dualcast","Auto Shields","Defragment+1","Self Repair","Darkness+1","Undo+1","Deep Breath","Storm+1","Electrodynamics+1","Self Repair+1","Buffer+1","BootSequence","Self Repair+1","Cold Snap","Stack","Conserve Battery","Amplify+1","Chaos+1","Thunder Strike","Leap","Glacier+1","Seek","Leap+1","Master of Strategy","Capacitor+1","Rebound+1","Echo Form+1","Seek+1","Defragment+1","Lockon"],"relics":["Cracked Core","Orichalcum","Golden Idol","Frozen Egg 2","Tiny Chest","Smiling Mask","Ancient Tea Set","Odd Mushroom","Pandora\u0027s Box","Lantern","Dodecahedron","Regal Pillow","Old Coin","Symbiotic Virus","Frozen Eye","Juzu Bracelet","Sozu","Art of War","Unceasing Top","Pantograph","Peace Pipe","Cables","Happy Flower","MawBank","DollysMirror","StoneCalendar"],"potions_floor_usage":[16,23,33,50],"damage_taken":[{"damage":1,"enemies":"Cultist","floor":1,"turns":4},{"damage":31,"enemies":"3 Sentries","floor":7,"turns":9},{"damage":18,"enemies":"Lagavulin","floor":10,"turns":6},{"damage":0,"enemies":"Small Slimes","floor":11,"turns":3},{"damage":6,"enemies":"The Mushroom Lair","floor":14,"turns":4},{"damage":25,"enemies":"The Guardian","floor":16,"turns":7},{"damage":0,"enemies":"Spheric Guardian","floor":18,"turns":3},{"damage":2,"enemies":"Chosen","floor":19,"turns":4},{"damage":4,"enemies":"Centurion and Healer","floor":22,"turns":3},{"damage":30,"enemies":"Book of Stabbing","floor":23,"turns":6},{"damage":23,"enemies":"Slavers","floor":27,"turns":3},{"damage":20,"enemies":"Colosseum Slavers","floor":28,"turns":4},{"damage":16,"enemies":"Colosseum Nobs","floor":28,"turns":4},{"damage":2,"enemies":"Snecko","floor":31,"turns":3},{"damage":50,"enemies":"Collector","floor":33,"turns":9},{"damage":25,"enemies":"3 Shapes","floor":35,"turns":3},{"damage":0,"enemies":"Mind Bloom Boss Battle","floor":37,"turns":5},{"damage":12,"enemies":"3 Darklings","floor":38,"turns":3},{"damage":0,"enemies":"Maw","floor":39,"turns":5},{"damage":2,"enemies":"Giant Head","floor":40,"turns":9},{"damage":0,"enemies":"Sphere and 2 Shapes","floor":41,"turns":3},{"damage":0,"enemies":"Reptomancer","floor":42,"turns":6},{"damage":14,"enemies":"Nemesis","floor":46,"turns":5},{"damage":4,"enemies":"Spire Growth","floor":47,"turns":5},{"damage":6,"enemies":"Time Eater","floor":50,"turns":6}],"seed_played":"4056889752223679983","potions_obtained":[{"floor":7,"key":"FearPotion"},{"floor":11,"key":"GamblersBrew"},{"floor":14,"key":"GamblersBrew"},{"floor":22,"key":"Block Potion"},{"floor":23,"key":"SmokeBomb"}],"is_trial":false,"path_per_floor":["M","?","$","?","?","R","E","T","T","E","M","$","R","?","R","B",null,"M","M","$","?","M","E","R","$","T","E","?","$","T","M","R","B",null,"M","$","?","M","M","E","M","E","T","T","R","E","M","$","R","B",null],"character_chosen":"DEFECT","items_purchased":["Self Repair","Deep Breath","Storm+1","Amplify","HandOfGreed","Leap","Frozen Eye","Master of Strategy","Art of War","Echo Form+1","Seek","DollysMirror","StoneCalendar","Lockon"],"campfire_rested":0,"item_purchase_floors":[3,12,12,20,25,29,29,36,36,48,48,48,48,48],"current_hp_per_floor":[74,62,62,62,62,62,38,38,38,27,34,34,34,35,35,17,56,69,69,69,69,69,56,56,56,56,40,48,48,48,66,66,43,63,58,58,69,69,69,69,69,69,69,69,69,69,69,69,69,69],"gold":12,"neow_bonus":"TRANSFORM_CARD","is_prod":false,"is_daily":false,"chose_seed":false,"campfire_upgraded":6,"win_rate":0,"timestamp":1552719768,"path_taken":["M","?","$","?","?","R","E","?","T","E","M","$","R","?","R","BOSS","M","M","$","?","M","E","R","?","T","E","?","$","?","M","R","BOSS","M","$","?","M","M","E","M","E","T","?","R","E","M","$","R","BOSS"],"build_version":"2019-01-23","purchased_purges":1,"victory":true,"max_hp_per_floor":[75,75,75,69,69,69,69,69,69,69,69,69,69,69,69,69,69,69,69,69,69,69,69,69,69,69,69,69,69,69,69,69,69,69,69,69,69,69,69,69,69,69,69,69,69,69,69,69,69,69],"card_choices":[{"not_picked":["Compile Driver","Leap"],"picked":"Defragment","floor":1},{"not_picked":["Hello World","Blizzard"],"picked":"Darkness","floor":7},{"not_picked":["FTL","Go for the Eyes"],"picked":"Undo","floor":10},{"not_picked":["Skim","Auto Shields","Stack"],"picked":"SKIP","floor":11},{"not_picked":["Fission","Buffer+1"],"picked":"Electrodynamics+1","floor":16},{"not_picked":["Hologram","Steam"],"picked":"Conserve Battery","floor":18},{"not_picked":["Force Field","Darkness","Consume"],"picked":"SKIP","floor":19},{"not_picked":["Turbo","Self Repair+1"],"picked":"Chaos+1","floor":22},{"not_picked":["Ball Lightning","Gash","Streamline+1"],"picked":"SKIP","floor":23},{"not_picked":["BootSequence","Rebound"],"picked":"Thunder Strike","floor":27},{"not_picked":["Defragment+1","Fusion"],"picked":"Glacier+1","floor":31},{"not_picked":["Machine Learning+1","Thunder Strike"],"picked":"Seek","floor":33},{"not_picked":["Consume+1","Barrage+1"],"picked":"Leap+1","floor":35},{"not_picked":["Steam","Gash+1","Recycle+1"],"picked":"SKIP","floor":38},{"not_picked":["Go for the Eyes+1","Scrape+1","Static Discharge+1"],"picked":"SKIP","floor":39},{"not_picked":["Undo+1","Conserve Battery+1"],"picked":"Capacitor+1","floor":40},{"not_picked":["Redo","Streamline","Conserve Battery"],"picked":"SKIP","floor":41},{"not_picked":["Electrodynamics+1","BootSequence+1","Coolheaded+1"],"picked":"SKIP","floor":42},{"not_picked":["Aggregate+1","Redo"],"picked":"Rebound+1","floor":46},{"not_picked":["Conserve Battery+1","Sweeping Beam","Streamline"],"picked":"SKIP","floor":47}],"player_experience":356357,"relics_obtained":[{"floor":7,"key":"Frozen Egg 2"},{"floor":8,"key":"Tiny Chest"},{"floor":9,"key":"Smiling Mask"},{"floor":10,"key":"Ancient Tea Set"},{"floor":14,"key":"Odd Mushroom"},{"floor":23,"key":"Lantern"},{"floor":26,"key":"Dodecahedron"},{"floor":27,"key":"Regal Pillow"},{"floor":28,"key":"Old Coin"},{"floor":28,"key":"Symbiotic Virus"},{"floor":30,"key":"Juzu Bracelet"},{"floor":37,"key":"Unceasing Top"},{"floor":40,"key":"Pantograph"},{"floor":42,"key":"Peace Pipe"},{"floor":43,"key":"Cables"},{"floor":44,"key":"Happy Flower"},{"floor":46,"key":"MawBank"}],"event_choices":[{"damage_healed":0,"gold_gain":0,"player_choice":"Success","damage_taken":12,"relics_obtained":["Orichalcum"],"max_hp_gain":0,"max_hp_loss":0,"event_name":"Scrap Ooze","floor":2,"gold_loss":0},{"damage_healed":0,"gold_gain":0,"player_choice":"Lose Max HP","damage_taken":0,"relics_obtained":["Golden Idol"],"max_hp_gain":0,"max_hp_loss":6,"event_name":"Golden Idol","floor":4,"gold_loss":0},{"damage_healed":0,"gold_gain":0,"player_choice":"Ignored","damage_taken":0,"max_hp_gain":0,"max_hp_loss":0,"event_name":"Liars Game","floor":5,"gold_loss":0},{"damage_healed":0,"gold_gain":0,"player_choice":"Fought Mushrooms","damage_taken":0,"max_hp_gain":0,"max_hp_loss":0,"event_name":"Mushrooms","floor":14,"gold_loss":0},{"damage_healed":0,"gold_gain":100,"player_choice":"Pray","damage_taken":0,"max_hp_gain":0,"max_hp_loss":0,"event_name":"Golden Shrine","floor":21,"gold_loss":0},{"damage_healed":0,"gold_gain":0,"player_choice":"Fight","damage_taken":0,"max_hp_gain":0,"max_hp_loss":0,"event_name":"Colosseum","floor":28,"gold_loss":0},{"damage_healed":0,"gold_gain":0,"player_choice":"Fought Nobs","damage_taken":0,"max_hp_gain":0,"max_hp_loss":0,"event_name":"Colosseum","floor":28,"gold_loss":0},{"damage_healed":0,"gold_gain":0,"player_choice":"Fight","damage_taken":0,"max_hp_gain":0,"max_hp_loss":0,"event_name":"MindBloom","floor":37,"gold_loss":0}],"is_beta":false,"boss_relics":[{"not_picked":["Orrery","Snecko Eye"],"picked":"Pandora\u0027s Box"},{"not_picked":["Lizard Tail","Black Star"],"picked":"Sozu"}],"items_purged_floors":[48],"is_endless":false,"potions_floor_spawned":[7,11,14,22,23,28,31,35,40,47],"ascension_level":5}