{"gold_per_floor":[117,82,97,57,57,97,97,135,135,135],"floor_reached":10,"playtime":684,"items_purged":[],"score":74,"play_id":"931f835a-43f9-4a09-9a10-2885e2171fa5","local_time":"20190429115549","is_ascension_mode":true,"campfire_choices":[{"data":"Hello World","floor":7,"key":"SMITH"}],"neow_cost":"NONE","seed_source_timestamp":27765584140384,"circlet_count":0,"master_deck":["Strike_B","Strike_B","Strike_B","Strike_B","Defend_B","Defend_B","Defend_B","Defend_B","Zap","Dualcast","Cold Snap","Lockon","Hello World+1","Hologram","Rebound"],"relics":["Black Star","Golden Idol","Torii","Emotion Chip","Odd Mushroom","Mercury Hourglass"],"potions_floor_usage":[],"damage_taken":[{"damage":13,"enemies":"Jaw Worm","floor":1,"turns":4},{"damage":6,"enemies":"2 Louse","floor":3,"turns":3},{"damage":36,"enemies":"Lagavulin","floor":6,"turns":6},{"damage":25,"enemies":"The Mushroom Lair","floor":8,"turns":4},{"damage":8,"enemies":"3 Sentries","floor":10,"turns":2}],"seed_played":"1991001846682467695","potions_obtained":[{"floor":3,"key":"Weak Potion"},{"floor":6,"key":"EssenceOfSteel"},{"floor":8,"key":"Poison Potion"}],"is_trial":false,"path_per_floor":["M","?","M","$","?","E","R","?","T","E"],"character_chosen":"DEFECT","items_purchased":["Hello World"],"campfire_rested":0,"item_purchase_floors":[4],"current_hp_per_floor":[62,75,69,69,69,33,33,8,8,0],"gold":135,"neow_bonus":"BOSS_RELIC","is_prod":false,"is_daily":false,"chose_seed":false,"campfire_upgraded":1,"win_rate":0,"timestamp":1556502949,"path_taken":["M","?","M","$","?","E","R","?","T","E"],"build_version":"2019-01-23","purchased_purges":0,"victory":false,"max_hp_per_floor":[75,75,75,75,69,69,69,69,69,69],"card_choices":[{"not_picked":["FTL","Ball Lightning"],"picked":"Cold Snap","floor":1},{"not_picked":["Reprogram","Coolheaded"],"picked":"Lockon","floor":3},{"not_picked":["Recycle","Beam Cell"],"picked":"Hologram","floor":6},{"not_picked":["Stack","Recycle"],"picked":"Rebound","floor":8}],"player_experience":507343,"relics_obtained":[{"floor":6,"key":"Torii"},{"floor":6,"key":"Emotion Chip"},{"floor":8,"key":"Odd Mushroom"},{"floor":9,"key":"Mercury Hourglass"}],"event_choices":[{"damage_healed":18,"gold_gain":0,"player_choice":"Healed","damage_taken":0,"max_hp_gain":0,"max_hp_loss":0,"event_name":"The Cleric","floor":2,"gold_loss":35},{"damage_healed":0,"gold_gain":0,"player_choice":"Lose Max HP","damage_taken":0,"relics_obtained":["Golden Idol"],"max_hp_gain":0,"max_hp_loss":6,"event_name":"Golden Idol","floor":5,"gold_loss":0},{"damage_healed":0,"gold_gain":0,"player_choice":"Fought Mushrooms","damage_taken":0,"max_hp_gain":0,"max_hp_loss":0,"event_name":"Mushrooms","floor":8,"gold_loss":0}],"is_beta":false,"boss_relics":[],"items_purged_floors":[],"is_endless":false,"potions_floor_spawned":[3,6,8],"killed_by":"3 Sentries","ascension_level":3}