{"gold_per_floor":[118,10,10,10,26,57,75,103,103,50,74,74,99,119,119,194,194,204,219,144,59,72,72,16,16,65,91,91,104,104,121,121,200,200,212,192,210,41,58,91,48,61,137,137,148,176,187,221,221,221],"floor_reached":50,"playtime":4083,"items_purged":[],"score":1156,"play_id":"5c4139b7-1583-43ca-a549-628a86374919","local_time":"20190824080747","is_ascension_mode":true,"campfire_choices":[{"floor":12.0,"key":"REST"},{"data":"Bash","floor":15.0,"key":"SMITH"},{"data":"Corruption","floor":23.0,"key":"SMITH"},{"floor":30.0,"key":"REST"},{"data":"Metallicize","floor":32.0,"key":"SMITH"},{"floor":44.0,"key":"REST"},{"floor":49.0,"key":"REST"}],"neow_cost":"NONE","seed_source_timestamp":9490865605624,"circlet_count":0,"master_deck":["AscendersBane","Strike_R+1","Strike_R+1","Strike_R+1","Strike_R+1","Defend_R+1","Defend_R+1","Defend_R+1","Defend_R+1","Bash+1","Shrug It Off","Feel No Pain","Armaments+1","Cleave","Power Through","Metallicize+1","Rage","Dropkick","Metallicize","Corruption+1","Offering+1","Blood for Blood","Headbutt","Shrug It Off","Warcry","Havoc","Headbutt","Brutality","Sever Soul+1","Evolve","Disarm","Shrug It Off","Dropkick+1","Sentinel","Infernal Blade","Rampage","Warcry+1","Pommel Strike","Flex","Thunderclap+1"],"special_seed":0,"relics":["Burning Blood","NeowsBlessing","Boot","Mercury Hourglass","Red Skull","Odd Mushroom","Meat on the Bone","Busted Crown","War Paint","Thread and Needle","Dream Catcher","Letter Opener","Runic Pyramid","Magic Flower","Singing Bowl","Bag of Preparation","Ginger"],"potions_floor_usage":[50],"damage_taken":[{"damage":0.0,"enemies":"2 Louse","floor":1.0,"turns":1.0},{"damage":0.0,"enemies":"Jaw Worm","floor":5.0,"turns":1.0},{"damage":0.0,"enemies":"Gremlin Nob","floor":6.0,"turns":1.0},{"damage":9.0,"enemies":"Cultist","floor":7.0,"turns":5.0},{"damage":26.0,"enemies":"Lagavulin","floor":8.0,"turns":9.0},{"damage":10.0,"enemies":"The Mushroom Lair","floor":11.0,"turns":3.0},{"damage":27.0,"enemies":"Gremlin Nob","floor":13.0,"turns":5.0},{"damage":0.0,"enemies":"3 Louse","floor":14.0,"turns":2.0},{"damage":36.0,"enemies":"The Guardian","floor":16.0,"turns":14.0},{"damage":7.0,"enemies":"Chosen","floor":18.0,"turns":7.0},{"damage":23.0,"enemies":"2 Thieves","floor":19.0,"turns":5.0},{"damage":21.0,"enemies":"3 Cultists","floor":22.0,"turns":4.0},{"damage":24.0,"enemies":"Slavers","floor":27.0,"turns":6.0},{"damage":17.0,"enemies":"Centurion and Healer","floor":29.0,"turns":6.0},{"damage":6.0,"enemies":"Shelled Parasite and Fungi","floor":31.0,"turns":5.0},{"damage":46.0,"enemies":"Champ","floor":33.0,"turns":16.0},{"damage":0.0,"enemies":"3 Shapes","floor":35.0,"turns":5.0},{"damage":32.0,"enemies":"3 Darklings","floor":37.0,"turns":4.0},{"damage":9.0,"enemies":"Maw","floor":39.0,"turns":9.0},{"damage":22.0,"enemies":"Nemesis","floor":40.0,"turns":7.0},{"damage":32.0,"enemies":"Sphere and 2 Shapes","floor":42.0,"turns":7.0},{"damage":27.0,"enemies":"3 Darklings","floor":45.0,"turns":3.0},{"damage":52.0,"enemies":"Giant Head","floor":46.0,"turns":9.0},{"damage":8.0,"enemies":"Maw","floor":47.0,"turns":7.0},{"damage":51.0,"enemies":"Reptomancer","floor":48.0,"turns":7.0},{"damage":86,"enemies":"Donu and Deca","floor":50,"turns":6}],"seed_played":"-4574422898903144737","potions_obtained":[{"floor":5.0,"key":"LiquidBronze"},{"floor":6.0,"key":"Poison Potion"},{"floor":13.0,"key":"GamblersBrew"},{"floor":27.0,"key":"Fire Potion"},{"floor":31.0,"key":"Explosive Potion"},{"floor":33.0,"key":"FairyPotion"},{"floor":39.0,"key":"Swift Potion"},{"floor":42.0,"key":"PowerPotion"},{"floor":47.0,"key":"Strength Potion"},{"floor":48.0,"key":"FearPotion"}],"is_trial":false,"path_per_floor":["M","$","?","?","M","E","M","E","T","$","?","R","E","M","R","B",null,"M","M","?","?","M","R","$","T","T","E","?","M","R","M","R","B",null,"M","?","M","$","M","E","$","M","T","R","M","E","M","E","R","B"],"character_chosen":"IRONCLAD","items_purchased":["Feel No Pain","Armaments","SkillPotion","Headbutt","Evolve","Disarm","Shrug It Off","Infernal Blade"],"campfire_rested":4,"item_purchase_floors":[2,2,10,24,38,38,38,41],"current_hp_per_floor":[74,74,51,56,62,68,65,45,45,45,41,65,44,50,50,32,68,67,50,50,50,47,47,47,47,47,41,41,42,66,66,66,38,70,76,76,50,50,47,43,43,38,38,62,64,39,58,36,61,0],"gold":221,"neow_bonus":"THREE_ENEMY_KILL","is_prod":false,"is_daily":false,"chose_seed":false,"campfire_upgraded":3,"win_rate":0,"timestamp":1566598067,"path_taken":["M","$","?","?","M","E","M","E","T","$","?","R","E","?","R","BOSS","M","M","?","?","M","R","$","?","T","E","?","M","R","M","R","BOSS","M","?","M","$","M","E","$","?","T","R","M","E","M","E","R","BOSS"],"build_version":"2019-07-17","purchased_purges":0,"victory":false,"max_hp_per_floor":[75,75,75,80,80,80,80,80,80,80,80,80,80,80,80,80,80,80,80,80,80,80,80,80,80,80,80,80,80,80,80,80,80,80,80,80,80,80,80,80,80,80,80,80,82,82,82,84,84,84],"card_choices":[{"not_picked":["Clash","Rampage"],"picked":"Shrug It Off","floor":1.0},{"not_picked":["Dual Wield","Iron Wave"],"picked":"Cleave","floor":5.0},{"not_picked":["Combust","Warcry"],"picked":"Power Through","floor":6.0},{"not_picked":["Anger","Armaments"],"picked":"Metallicize","floor":7.0},{"not_picked":["Twin Strike","Fire Breathing"],"picked":"Rage","floor":8.0},{"not_picked":["Iron Wave","Cleave"],"picked":"Dropkick","floor":11.0},{"not_picked":["Bloodletting","Sentinel"],"picked":"Metallicize","floor":13.0},{"not_picked":["Clash","Reckless Charge"],"picked":"Corruption","floor":14.0},{"not_picked":["Barricade","Limit Break"],"picked":"Offering","floor":16.0},{"not_picked":["Corruption"],"picked":"SKIP","floor":18.0},{"not_picked":[],"picked":"Blood for Blood","floor":19.0},{"not_picked":["Body Slam"],"picked":"SKIP","floor":22.0},{"not_picked":[],"picked":"Shrug It Off","floor":27.0},{"not_picked":[],"picked":"Warcry","floor":29.0},{"not_picked":[],"picked":"Havoc","floor":30.0},{"not_picked":[],"picked":"Headbutt","floor":31.0},{"not_picked":[],"picked":"Brutality","floor":33.0},{"not_picked":[],"picked":"Sever Soul+1","floor":35.0},{"not_picked":["Pummel+1"],"picked":"SKIP","floor":37.0},{"not_picked":[],"picked":"Dropkick+1","floor":39.0},{"not_picked":[],"picked":"Sentinel","floor":40.0},{"not_picked":[],"picked":"Rampage","floor":42.0},{"not_picked":[],"picked":"Warcry+1","floor":44.0},{"not_picked":["Rage"],"picked":"Singing Bowl","floor":45.0},{"not_picked":[],"picked":"Pommel Strike","floor":46.0},{"not_picked":[],"picked":"Flex","floor":47.0},{"not_picked":["Shrug It Off"],"picked":"Singing Bowl","floor":48.0},{"not_picked":[],"picked":"Thunderclap+1","floor":49.0}],"player_experience":1208497,"relics_obtained":[{"floor":6.0,"key":"Boot"},{"floor":8.0,"key":"Mercury Hourglass"},{"floor":9.0,"key":"Red Skull"},{"floor":11.0,"key":"Odd Mushroom"},{"floor":13.0,"key":"Meat on the Bone"},{"floor":25.0,"key":"Thread and Needle"},{"floor":26.0,"key":"Dream Catcher"},{"floor":27.0,"key":"Letter Opener"},{"floor":40.0,"key":"Magic Flower"},{"floor":43.0,"key":"Singing Bowl"},{"floor":46.0,"key":"Bag of Preparation"},{"floor":48.0,"key":"Ginger"}],"event_choices":[{"damage_healed":0.0,"max_hp_gain":0.0,"max_hp_loss":0.0,"gold_gain":0.0,"event_name":"Shining Light","player_choice":"Entered Light","floor":3.0,"gold_loss":0.0,"damage_taken":23.0,"cards_upgraded":["Armaments","Strike_R"]},{"damage_healed":0.0,"max_hp_gain":5.0,"max_hp_loss":0.0,"gold_gain":0.0,"event_name":"Big Fish","player_choice":"Donut","floor":4.0,"gold_loss":0.0,"damage_taken":0.0},{"damage_healed":0.0,"max_hp_gain":0.0,"max_hp_loss":0.0,"gold_gain":0.0,"event_name":"Mushrooms","player_choice":"Fought Mushrooms","floor":11.0,"gold_loss":0.0,"damage_taken":0.0},{"cards_removed":["Strike_R"],"damage_healed":0.0,"max_hp_gain":0.0,"max_hp_loss":0.0,"gold_gain":0.0,"event_name":"Beggar","player_choice":"Gave Gold","floor":20.0,"gold_loss":75.0,"damage_taken":0.0},{"damage_healed":0.0,"max_hp_gain":0.0,"max_hp_loss":0.0,"gold_gain":0.0,"event_name":"Addict","player_choice":"Obtained Relic","floor":21.0,"gold_loss":85.0,"damage_taken":0.0,"relics_obtained":["War Paint"]},{"damage_healed":0.0,"max_hp_gain":0.0,"max_hp_loss":0.0,"gold_gain":0.0,"event_name":"Back to Basics","player_choice":"Simplicity","floor":28.0,"gold_loss":0.0,"damage_taken":0.0,"cards_upgraded":["Strike_R","Strike_R","Strike_R","Defend_R","Defend_R","Defend_R"]},{"damage_healed":0.0,"max_hp_gain":0.0,"max_hp_loss":0.0,"gold_gain":0.0,"event_name":"The Woman in Blue","player_choice":"Bought 1 Potion","floor":36.0,"gold_loss":0.0,"damage_taken":0.0}],"is_beta":false,"boss_relics":[{"not_picked":["Black Star","Velvet Choker"],"picked":"Busted Crown"},{"not_picked":["Tiny House","White Beast Statue"],"picked":"Runic Pyramid"}],"items_purged_floors":[],"is_endless":false,"potions_floor_spawned":[5,6,13,14,18,27,31,33,39,42,45,47,48],"killed_by":"Donu and Deca","ascension_level":18}