{"gold_per_floor":[115,40,40,40,60,94,94,108,190,224,236,236,265,277,277,354,354,372,384,394,309,327,327,360,360,360,389,402,402,10,41,41,113,113,131,131,146,0,0,34,34,34],"floor_reached":42,"playtime":3537,"items_purged":["Strike_B"],"score":1108,"play_id":"d7c38c66-0eab-4816-9391-8a9bf57ce64c","local_time":"20190827132347","is_ascension_mode":true,"campfire_choices":[{"data":"Defragment","floor":7,"key":"SMITH"},{"data":"Zap","floor":12,"key":"SMITH"},{"data":"Barrage","floor":15,"key":"SMITH"},{"floor":23,"key":"REST"},{"floor":29,"key":"REST"},{"floor":32,"key":"REST"}],"neow_cost":"NONE","seed_source_timestamp":2668136367553294,"circlet_count":0,"master_deck":["AscendersBane","Strike_B","Strike_B","Strike_B","Defend_B","Defend_B","Defend_B","Defend_B","Zap+1","Dualcast","Barrage+1","Go for the Eyes","Defragment+1","Core Surge","FTL","Cold Snap","Leap","Barrage+1","Multi-Cast","Beam Cell","Turbo","Chill+1","FTL+1","Capacitor","Beam Cell+1","Recycle","Defragment+1","Stack+1","Redo","Meteor Strike","Chaos+1","Chrysalis"],"relics":["Cracked Core","NeowsBlessing","PreservedInsect","Sundial","Bottled Tornado","Anchor","Runic Pyramid","Dream Catcher","Blood Vial","Gremlin Horn","Art of War","DollysMirror","Potion Belt","Omamori","Fusion Hammer","Red Mask","Question Card"],"potions_floor_usage":[10,14,16,20,27,28,31,33],"damage_taken":[{"damage":0,"enemies":"Small Slimes","floor":1,"turns":1},{"damage":0,"enemies":"Cultist","floor":5,"turns":1},{"damage":0,"enemies":"Gremlin Nob","floor":6,"turns":1},{"damage":2,"enemies":"Jaw Worm","floor":8,"turns":3},{"damage":5,"enemies":"Lagavulin","floor":10,"turns":5},{"damage":4,"enemies":"Exordium Wildlife","floor":11,"turns":2},{"damage":2,"enemies":"Gremlin Nob","floor":13,"turns":3},{"damage":0,"enemies":"2 Fungi Beasts","floor":14,"turns":2},{"damage":20,"enemies":"The Guardian","floor":16,"turns":11},{"damage":17,"enemies":"Shell Parasite","floor":18,"turns":6},{"damage":24,"enemies":"3 Byrds","floor":19,"turns":4},{"damage":0,"enemies":"Centurion and Healer","floor":20,"turns":6},{"damage":12,"enemies":"Snecko","floor":22,"turns":7},{"damage":16,"enemies":"Slavers","floor":24,"turns":6},{"damage":0,"enemies":"Gremlin Leader","floor":27,"turns":5},{"damage":15,"enemies":"Snake Plant","floor":28,"turns":5},{"damage":16,"enemies":"Book of Stabbing","floor":31,"turns":4},{"damage":39,"enemies":"Collector","floor":33,"turns":10},{"damage":21,"enemies":"3 Darklings","floor":35,"turns":8},{"damage":0,"enemies":"Orb Walker","floor":37,"turns":3},{"damage":23,"enemies":"Nemesis","floor":40,"turns":9},{"damage":24,"enemies":"Reptomancer","floor":42,"turns":3}],"seed_played":"8189706058946214766","potions_obtained":[{"floor":6,"key":"AttackPotion"},{"floor":8,"key":"AttackPotion"},{"floor":11,"key":"Weak Potion"},{"floor":14,"key":"SneckoOil"},{"floor":22,"key":"Dexterity Potion"},{"floor":24,"key":"Strength Potion"},{"floor":27,"key":"Swift Potion"},{"floor":28,"key":"SpeedPotion"},{"floor":37,"key":"LiquidBronze"}],"is_trial":false,"path_per_floor":["M","$","?","?","M","E","R","M","T","E","M","R","E","M","R","B",null,"M","M","M","?","M","R","E","?","T","E","M","R","$","E","R","B",null,"M","?","M","?","?","E","T","E"],"character_chosen":"DEFECT","items_purchased":["DollysMirror","Potion Belt"],"campfire_rested":3,"item_purchase_floors":[30,30],"current_hp_per_floor":[64,64,69,69,69,69,69,67,67,62,58,58,56,56,56,36,66,49,25,25,25,13,35,19,19,19,21,8,30,30,16,38,1,57,38,38,40,40,40,19,19,0],"gold":34,"neow_bonus":"THREE_ENEMY_KILL","is_prod":false,"is_daily":false,"chose_seed":false,"campfire_upgraded":3,"win_rate":0,"timestamp":1566926627,"path_taken":["M","$","?","?","?","E","R","M","T","E","M","R","E","M","R","BOSS","M","M","M","?","M","R","E","?","T","E","M","R","?","E","R","BOSS","M","?","M","?","?","E","?","E"],"build_version":"2019-07-17","purchased_purges":1,"victory":false,"max_hp_per_floor":[71,71,76,76,76,76,76,76,76,76,76,76,76,76,76,76,76,76,76,76,76,76,76,76,76,76,76,76,76,76,76,76,76,76,76,76,76,76,76,76,76,76],"card_choices":[{"not_picked":["Stack","Go for the Eyes"],"picked":"Barrage","floor":1},{"not_picked":["Gash","Streamline"],"picked":"Go for the Eyes","floor":5},{"not_picked":["Static Discharge","Barrage"],"picked":"Defragment","floor":6},{"not_picked":["Stack","Lockon"],"picked":"Core Surge","floor":8},{"not_picked":["White Noise","Consume"],"picked":"FTL","floor":10},{"not_picked":["Streamline","Heatsinks"],"picked":"Cold Snap","floor":11},{"not_picked":["Gash","Scrape"],"picked":"Leap","floor":13},{"not_picked":["BootSequence","Compile Driver"],"picked":"Barrage","floor":14},{"not_picked":["All For One","Thunder Strike"],"picked":"Multi-Cast","floor":16},{"not_picked":["Compile Driver","Gash"],"picked":"Beam Cell","floor":18},{"not_picked":["Beam Cell","Gash"],"picked":"Turbo","floor":19},{"not_picked":["Leap","Tempest"],"picked":"Chill+1","floor":20},{"not_picked":["Barrage","Go for the Eyes","Hologram"],"picked":"SKIP","floor":22},{"not_picked":["Sweeping Beam","Beam Cell"],"picked":"FTL+1","floor":23},{"not_picked":["Reinforced Body","Gash","Fission"],"picked":"SKIP","floor":24},{"not_picked":["Conserve Battery","Electrodynamics"],"picked":"Capacitor","floor":27},{"not_picked":["Stack+1","Redo"],"picked":"Beam Cell+1","floor":28},{"not_picked":["Scrape","Cold Snap"],"picked":"Recycle","floor":29},{"not_picked":["Turbo","Sweeping Beam"],"picked":"Stack+1","floor":31},{"not_picked":["Coolheaded","Leap"],"picked":"Redo","floor":32},{"not_picked":["Buffer","Thunder Strike"],"picked":"Meteor Strike","floor":33},{"not_picked":["Self Repair+1","Beam Cell+1"],"picked":"Chaos+1","floor":35},{"not_picked":["Turbo","Hologram","Beam Cell"],"picked":"SKIP","floor":37},{"not_picked":["Violence","Blind"],"picked":"Chrysalis","floor":39},{"not_picked":["Go for the Eyes+1","Hello World","Redo"],"picked":"SKIP","floor":40}],"player_experience":1866105,"relics_obtained":[{"floor":6,"key":"PreservedInsect"},{"floor":9,"key":"Sundial"},{"floor":10,"key":"Bottled Tornado"},{"floor":13,"key":"Anchor"},{"floor":24,"key":"Blood Vial"},{"floor":26,"key":"Gremlin Horn"},{"floor":27,"key":"Art of War"},{"floor":31,"key":"Omamori"},{"floor":40,"key":"Question Card"}],"event_choices":[{"damage_healed":0,"gold_gain":0,"player_choice":"Donut","damage_taken":0,"max_hp_gain":5,"max_hp_loss":0,"event_name":"Big Fish","floor":3,"gold_loss":0},{"damage_healed":0,"gold_gain":0,"player_choice":"Upgraded","damage_taken":0,"max_hp_gain":0,"max_hp_loss":0,"event_name":"Upgrade Shrine","floor":4,"gold_loss":0,"cards_upgraded":["Barrage"]},{"damage_healed":0,"gold_gain":0,"player_choice":"Obtained Relic","damage_taken":0,"relics_obtained":["Dream Catcher"],"max_hp_gain":0,"max_hp_loss":0,"event_name":"Addict","floor":21,"gold_loss":85},{"damage_healed":0,"gold_gain":0,"player_choice":"Ignored","damage_taken":0,"max_hp_gain":0,"max_hp_loss":0,"event_name":"Ghosts","floor":25,"gold_loss":0},{"damage_healed":0,"gold_gain":0,"player_choice":"Ignored","damage_taken":0,"max_hp_gain":0,"max_hp_loss":0,"event_name":"The Moai Head","floor":36,"gold_loss":0},{"damage_healed":0,"gold_gain":0,"player_choice":"Paid","damage_taken":0,"relics_obtained":["Red Mask"],"max_hp_gain":0,"max_hp_loss":0,"event_name":"Tomb of Lord Red Mask","floor":38,"gold_loss":146},{"damage_healed":0,"gold_gain":0,"player_choice":"Memory 1","damage_taken":0,"max_hp_gain":0,"max_hp_loss":0,"event_name":"SensoryStone","floor":39,"gold_loss":0}],"is_beta":false,"boss_relics":[{"not_picked":["Nuclear Battery","Sozu"],"picked":"Runic Pyramid"},{"not_picked":["Orrery","Lizard Tail"],"picked":"Fusion Hammer"}],"items_purged_floors":[2],"is_endless":false,"potions_floor_spawned":[6,8,11,14,22,24,27,28,37],"killed_by":"Reptomancer","ascension_level":20}