{"gold_per_floor":[115,129,141,151,171,191,191,205,232,48,48,48,11,11,11,106,106,120,137,153,153],"floor_reached":21,"playtime":848,"items_purged":[],"score":175,"play_id":"c43ee22b-9f83-4ebf-b697-0d4369a3561c","local_time":"20190326172107","is_ascension_mode":false,"campfire_choices":[{"floor":7,"key":"REST"},{"floor":12,"key":"REST"},{"floor":15,"key":"REST"}],"neow_cost":"PERCENT_DAMAGE","seed_source_timestamp":78772254472071,"circlet_count":0,"master_deck":["Strike_R","Strike_R","Strike_R","Strike_R","Strike_R","Defend_R","Defend_R","Defend_R+1","Defend_R","Bash","Barricade","Infernal Blade","Blood for Blood","Sentinel","Reckless Charge","Pommel Strike","Wild Strike","Anger","Infernal Blade+1","Heavy Blade","Reckless Charge","Bludgeon","Sword Boomerang","Flex","Disarm+1"],"relics":["Burning Blood","Ancient Tea Set","Black Star"],"potions_floor_usage":[5,18],"damage_taken":[{"damage":20,"enemies":"Cultist","floor":1,"turns":7},{"damage":6,"enemies":"Jaw Worm","floor":2,"turns":2},{"damage":15,"enemies":"Small Slimes","floor":3,"turns":4},{"damage":9,"enemies":"Blue Slaver","floor":4,"turns":4},{"damage":2,"enemies":"Gremlin Gang","floor":5,"turns":2},{"damage":25,"enemies":"Exordium Thugs","floor":6,"turns":6},{"damage":10,"enemies":"Looter","floor":8,"turns":3},{"damage":24,"enemies":"Slime Boss","floor":16,"turns":8},{"damage":15,"enemies":"2 Thieves","floor":18,"turns":4},{"damage":7,"enemies":"3 Byrds","floor":19,"turns":6},{"damage":42,"enemies":"Centurion and Healer","floor":20,"turns":6},{"damage":34,"enemies":"3 Cultists","floor":21,"turns":5}],"seed_played":"-3442879265483774589","potions_obtained":[{"floor":3,"key":"Strength Potion"},{"floor":4,"key":"Explosive Potion"},{"floor":6,"key":"Dexterity Potion"},{"floor":8,"key":"Explosive Potion"},{"floor":18,"key":"Ancient Potion"}],"is_trial":false,"path_per_floor":["M","M","M","M","M","M","R","M","T","$","?","R","?","$","R","B",null,"M","M","M","M"],"character_chosen":"IRONCLAD","items_purchased":["Infernal Blade","Heavy Blade","Reckless Charge"],"campfire_rested":3,"item_purchase_floors":[10,10,10],"current_hp_per_floor":[42,42,33,30,34,15,39,35,35,35,19,43,43,43,67,49,80,71,70,34,0],"gold":153,"neow_bonus":"THREE_RARE_CARDS","is_prod":false,"is_daily":false,"chose_seed":false,"campfire_upgraded":0,"win_rate":0,"timestamp":1553584867,"path_taken":["M","?","M","M","M","M","R","?","T","$","?","R","?","?","R","BOSS","M","M","M","?"],"build_version":"2019-01-23","purchased_purges":0,"victory":false,"max_hp_per_floor":[80,80,80,80,80,80,80,80,80,80,80,80,80,80,80,80,80,80,80,80,80],"card_choices":[{"not_picked":["Immolate","Brutality"],"picked":"Barricade","floor":0},{"not_picked":["Sword Boomerang","Body Slam"],"picked":"Infernal Blade","floor":1},{"not_picked":["Clash","Uppercut"],"picked":"Blood for Blood","floor":2},{"not_picked":["Warcry","Headbutt"],"picked":"Sentinel","floor":3},{"not_picked":["Headbutt","Burning Pact"],"picked":"Reckless Charge","floor":4},{"not_picked":["Armaments","Entrench"],"picked":"Pommel Strike","floor":5},{"not_picked":["Limit Break","Metallicize"],"picked":"Wild Strike","floor":6},{"not_picked":["Thunderclap","Armaments"],"picked":"Anger","floor":8},{"not_picked":["Fiend Fire","Feed"],"picked":"Bludgeon","floor":16},{"not_picked":["Disarm+1","Twin Strike"],"picked":"Sword Boomerang","floor":18},{"not_picked":["Uppercut","Headbutt"],"picked":"Flex","floor":19},{"not_picked":["Searing Blow","Twin Strike+1"],"picked":"Disarm+1","floor":20}],"player_experience":181743,"relics_obtained":[{"floor":9,"key":"Ancient Tea Set"}],"event_choices":[{"damage_healed":0,"gold_gain":0,"player_choice":"Entered Light","damage_taken":16,"max_hp_gain":0,"max_hp_loss":0,"event_name":"Shining Light","floor":11,"gold_loss":0,"cards_upgraded":["Defend_R","Infernal Blade"]},{"damage_healed":0,"gold_gain":0,"player_choice":"Left Gold","damage_taken":0,"max_hp_gain":0,"max_hp_loss":0,"event_name":"World of Goop","floor":13,"gold_loss":37}],"is_beta":false,"boss_relics":[{"not_picked":["Empty Cage","Busted Crown"],"picked":"Black Star"}],"items_purged_floors":[],"is_endless":false,"potions_floor_spawned":[3,4,6,8,16,18],"killed_by":"3 Cultists","ascension_level":0}