{"gold_per_floor":[112,132,132,148,148,148,183,198,243,243,269,288,288,300,300,403,403,421,421,441,454,467,498,510,522],"floor_reached":25,"playtime":1418,"items_purged":[],"score":353,"play_id":"c7e265cd-6f91-4cf7-9126-ee38c961aa23","local_time":"20181108011637","is_ascension_mode":true,"campfire_choices":[{"data":"Sunder","floor":6,"key":"SMITH"},{"data":"Gash","floor":10,"key":"SMITH"},{"data":"Hologram","floor":13,"key":"SMITH"},{"data":"Auto Shields","floor":15,"key":"SMITH"},{"floor":24,"key":"REST"}],"neow_cost":"NONE","seed_source_timestamp":969990539721970,"circlet_count":0,"master_deck":["AscendersBane","Strike_B","Defend_B","Defend_B","Defend_B","Defend_B","Zap","Dualcast","Echo Form","Sunder+1","Gash+1","Cold Snap","Auto Shields+1","Hologram+1","Seek","BootSequence","Glacier"],"relics":["Cracked Core","Pantograph","Ancient Tea Set","Strawberry","Sozu","MawBank"],"potions_floor_usage":[7,11,11],"damage_taken":[{"damage":3,"enemies":"Jaw Worm","floor":1,"turns":4},{"damage":14,"enemies":"Small Slimes","floor":2,"turns":4},{"damage":0,"enemies":"2 Louse","floor":4,"turns":2},{"damage":33,"enemies":"Gremlin Nob","floor":7,"turns":5},{"damage":5,"enemies":"Red Slaver","floor":8,"turns":4},{"damage":9,"enemies":"3 Sentries","floor":11,"turns":5},{"damage":9,"enemies":"3 Louse","floor":12,"turns":3},{"damage":0,"enemies":"Large Slime","floor":14,"turns":4},{"damage":44,"enemies":"Hexaghost","floor":16,"turns":11},{"damage":0,"enemies":"Chosen","floor":18,"turns":3},{"damage":4,"enemies":"3 Byrds","floor":20,"turns":5},{"damage":4,"enemies":"Centurion and Healer","floor":21,"turns":5},{"damage":11,"enemies":"3 Cultists","floor":22,"turns":5},{"damage":42,"enemies":"Slavers","floor":23,"turns":6},{"damage":25,"enemies":"Gremlin Leader","floor":25,"turns":6}],"seed_played":"949405362641515316","potions_obtained":[{"floor":1,"key":"Energy Potion"},{"floor":4,"key":"Dexterity Potion"},{"floor":7,"key":"Swift Potion"}],"is_trial":false,"path_per_floor":["M","M","?","M","?","R","E","M","T","R","E","M","R","M","R","B",null,"M","?","M","M","M","E","R","E"],"character_chosen":"DEFECT","items_purchased":[],"campfire_rested":1,"item_purchase_floors":[],"current_hp_per_floor":[65,51,44,44,69,69,36,31,31,31,29,20,20,20,20,1,62,62,62,58,54,43,1,25,0],"gold":522,"neow_bonus":"TRANSFORM_CARD","is_prod":false,"is_daily":false,"chose_seed":false,"campfire_upgraded":4,"win_rate":0,"timestamp":1541657797,"path_taken":["M","M","?","M","?","R","E","M","T","R","E","M","R","M","R","BOSS","M","?","M","M","M","E","R","E"],"build_version":"2018-11-01","purchased_purges":0,"victory":false,"max_hp_per_floor":[75,75,75,75,75,75,75,75,75,75,82,82,82,82,82,82,82,82,82,82,82,82,82,82,82],"card_choices":[{"not_picked":["Steam Power","Cold Snap"],"picked":"Sunder","floor":1},{"not_picked":["Ball Lightning","Compile Driver"],"picked":"Gash","floor":2},{"not_picked":["Stack","Ball Lightning","Go for the Eyes"],"picked":"SKIP","floor":4},{"not_picked":["Tempest","Hello World"],"picked":"Cold Snap","floor":7},{"not_picked":["Hologram","Steam"],"picked":"Auto Shields","floor":8},{"not_picked":["Go for the Eyes","Aggregate","Auto Shields"],"picked":"SKIP","floor":11},{"not_picked":["Leap","Cold Snap"],"picked":"Hologram","floor":12},{"not_picked":["Recycle","Conserve Battery","Blizzard"],"picked":"SKIP","floor":14},{"not_picked":["Thunder Strike","Machine Learning"],"picked":"Seek","floor":16},{"not_picked":["Stack","Melter","Storm"],"picked":"SKIP","floor":18},{"not_picked":["Hello World","Ball Lightning+1"],"picked":"BootSequence","floor":20},{"not_picked":["Reprogram","Turbo","Hello World+1"],"picked":"SKIP","floor":21},{"not_picked":["Loop","Aggregate","Rip and Tear"],"picked":"SKIP","floor":22},{"not_picked":["Lockon","Go for the Eyes+1"],"picked":"Glacier","floor":23}],"player_experience":641772,"relics_obtained":[{"floor":7,"key":"Pantograph"},{"floor":9,"key":"Ancient Tea Set"},{"floor":11,"key":"Strawberry"},{"floor":23,"key":"MawBank"}],"event_choices":[{"cards_removed":["Strike_B"],"damage_healed":0,"gold_gain":0,"player_choice":"Card Removal","damage_taken":7,"max_hp_gain":0,"max_hp_loss":0,"event_name":"Golden Wing","floor":3,"gold_loss":0},{"damage_healed":25,"gold_gain":0,"player_choice":"Banana","damage_taken":0,"max_hp_gain":0,"max_hp_loss":0,"event_name":"Big Fish","floor":5,"gold_loss":0},{"cards_removed":["Strike_B"],"damage_healed":0,"gold_gain":0,"player_choice":"Offered Basic","damage_taken":0,"max_hp_gain":0,"max_hp_loss":0,"event_name":"Bonfire Elementals","floor":19,"gold_loss":0}],"is_beta":false,"boss_relics":[{"not_picked":["Inserter","White Beast Statue"],"picked":"Sozu"}],"items_purged_floors":[],"is_endless":false,"potions_floor_spawned":[1,4,7,18,23],"killed_by":"Gremlin Leader","ascension_level":10}