{"gold_per_floor":[114,124,144,164,40,40,72,88,111,126,226,243,274,274,274,378,378,388,133,145,157,170,170,170,95,95,121,132,132],"floor_reached":29,"playtime":1278,"items_purged":["Strike_R","Strike_R"],"score":376,"play_id":"0fbdbeac-436a-4bfc-9256-b713ffc2095d","local_time":"20180905010100","is_ascension_mode":true,"campfire_choices":[{"data":"Inflame","floor":6,"key":"SMITH"},{"data":"Heavy Blade","floor":15,"key":"SMITH"},{"data":"Rampage","floor":23,"key":"SMITH"}],"neow_cost":"","seed_source_timestamp":1407877948723038,"circlet_count":0,"master_deck":["Strike_R","Defend_R","Defend_R","Defend_R","Bash","Heavy Blade+1","Inflame+1","Twin Strike","Rampage+1","Shrug It Off","Iron Wave","Spot Weakness","Shockwave","Flex","Offering","Shrug It Off","Ghostly Armor"],"relics":["Burning Blood","Bronze Scales","Oddly Smooth Stone","Omamori","Sozu","Regal Pillow","Bird Faced Urn","Happy Flower"],"potions_floor_usage":[7,16,29],"damage_taken":[{"damage":9,"enemies":"Jaw Worm","floor":1,"turns":6},{"damage":1,"enemies":"Cultist","floor":2,"turns":3},{"damage":0,"enemies":"Small Slimes","floor":3,"turns":4},{"damage":30,"enemies":"Gremlin Gang","floor":4,"turns":4},{"damage":17,"enemies":"Lagavulin","floor":7,"turns":7},{"damage":4,"enemies":"Red Slaver","floor":8,"turns":3},{"damage":9,"enemies":"2 Fungi Beasts","floor":10,"turns":3},{"damage":2,"enemies":"Looter","floor":12,"turns":3},{"damage":8,"enemies":"Gremlin Nob","floor":13,"turns":3},{"damage":3,"enemies":"Slime Boss","floor":16,"turns":8},{"damage":6,"enemies":"Shell Parasite","floor":18,"turns":3},{"damage":12,"enemies":"2 Thieves","floor":20,"turns":4},{"damage":21,"enemies":"Snake Plant","floor":21,"turns":3},{"damage":8,"enemies":"Snecko","floor":22,"turns":6},{"damage":38,"enemies":"Slavers","floor":27,"turns":4},{"damage":6,"enemies":"3 Cultists","floor":28,"turns":4},{"damage":0,"enemies":"Colosseum Slavers","floor":29,"turns":4},{"damage":64,"enemies":"Colosseum Nobs","floor":29,"turns":3}],"seed_played":"214017712576287375","potions_obtained":[{"floor":4,"key":"Regen Potion"},{"floor":7,"key":"FairyPotion"},{"floor":12,"key":"SneckoOil"},{"floor":16,"key":"SteroidPotion"}],"is_trial":false,"path_per_floor":["M","M","M","M","$","R","E","M","T","M","?","M","E","?","R","B",null,"M","$","M","M","M","R","?","?","T","E","M"],"character_chosen":"IRONCLAD","items_purchased":["Shrug It Off","Regal Pillow"],"campfire_rested":0,"item_purchase_floors":[5,19],"current_hp_per_floor":[69,74,80,56,56,56,60,62,62,59,59,63,61,61,61,64,76,76,76,70,55,53,53,53,53,53,23,25,0],"gold":132,"neow_bonus":"","is_prod":false,"is_daily":false,"chose_seed":false,"campfire_upgraded":3,"win_rate":0,"timestamp":1536123660,"path_taken":["M","M","M","M","$","R","E","M","T","M","?","M","E","?","R","BOSS","M","$","M","M","M","R","?","?","T","E","M","?"],"build_version":"2018-08-30","purchased_purges":2,"victory":false,"max_hp_per_floor":[80,80,80,80,80,80,80,80,80,80,80,80,80,80,80,80,80,80,80,80,80,80,80,80,80,80,80,80,80],"card_choices":[{"not_picked":["Havoc","Iron Wave"],"picked":"Heavy Blade","floor":1},{"not_picked":["True Grit","Rampage"],"picked":"Inflame","floor":2},{"not_picked":["Clash","Pommel Strike"],"picked":"Twin Strike","floor":3},{"not_picked":["Entrench","Armaments"],"picked":"Rampage","floor":4},{"not_picked":["Pommel Strike","Intimidate"],"picked":"Iron Wave","floor":7},{"not_picked":["Twin Strike","Thunderclap"],"picked":"Spot Weakness","floor":8},{"not_picked":["Disarm","Thunderclap"],"picked":"Shockwave","floor":10},{"not_picked":["Demon Form","Uppercut","Clothesline"],"picked":"SKIP","floor":12},{"not_picked":["Ghostly Armor","Perfected Strike"],"picked":"Flex","floor":13},{"not_picked":["Double Tap","Dark Embrace"],"picked":"Offering","floor":16},{"not_picked":["Havoc","Uppercut","Cleave"],"picked":"SKIP","floor":18},{"not_picked":["Flex","Headbutt"],"picked":"Shrug It Off","floor":20},{"not_picked":["Anger","Thunderclap","True Grit"],"picked":"SKIP","floor":21},{"not_picked":["Armaments+1","Infernal Blade+1","Wild Strike"],"picked":"SKIP","floor":22},{"not_picked":["Bludgeon","Anger","Fire Breathing+1"],"picked":"SKIP","floor":27},{"not_picked":["Wild Strike","Iron Wave"],"picked":"Ghostly Armor","floor":28}],"player_experience":521545,"relics_obtained":[{"floor":7,"key":"Bronze Scales"},{"floor":9,"key":"Oddly Smooth Stone"},{"floor":13,"key":"Omamori"},{"floor":26,"key":"Bird Faced Urn"},{"floor":27,"key":"Happy Flower"}],"event_choices":[{"event_name":"Golden Shrine","player_choice":"Pray","floor":11,"damage_taken":0},{"event_name":"Bonfire Elementals","player_choice":"BASIC","floor":14,"damage_taken":0},{"event_name":"Purifier","player_choice":"One Purge","floor":24,"damage_taken":0},{"event_name":"Beggar","player_choice":"Gave Gold","floor":25,"damage_taken":0},{"event_name":"Colosseum","player_choice":"Fight","floor":29,"damage_taken":0},{"event_name":"Colosseum","player_choice":"Fought Nobs","floor":29,"damage_taken":0}],"is_beta":false,"boss_relics":[{"not_picked":["Calling Bell","Orrery"],"picked":"Sozu"}],"items_purged_floors":[5,19],"is_endless":false,"potions_floor_spawned":[4,7,12,16,20,27],"killed_by":"Colosseum Nobs","ascension_level":9}