{"gold_per_floor":[118,133,133,3,15,15,15,46,46,46],"floor_reached":10,"playtime":366,"items_purged":[],"score":76,"play_id":"effaea1f-0360-43f1-a910-a1030ef66724","local_time":"20190425064248","is_ascension_mode":true,"campfire_choices":[{"data":"Barricade","floor":6,"key":"SMITH"}],"neow_cost":"CURSE","seed_source_timestamp":16292711579977,"circlet_count":0,"master_deck":["Strike_R","Strike_R","Strike_R","Strike_R","Defend_R","Defend_R","Defend_R","Defend_R","Bash","Shame","Barricade+1","True Grit","Spot Weakness","Feel No Pain","Burning Pact","Iron Wave","Armaments","Cleave"],"relics":["Burning Blood","Toxic Egg 2","Girya"],"potions_floor_usage":[8],"damage_taken":[{"damage":19,"enemies":"Jaw Worm","floor":1,"turns":4},{"damage":11,"enemies":"Small Slimes","floor":2,"turns":4},{"damage":10,"enemies":"Cultist","floor":5,"turns":4},{"damage":25,"enemies":"3 Sentries","floor":8,"turns":12},{"damage":58,"enemies":"Gremlin Nob","floor":10,"turns":5}],"seed_played":"-5138911022955712926","potions_obtained":[{"floor":5,"key":"LiquidBronze"}],"is_trial":false,"path_per_floor":["M","M","?","$","M","R","?","E","T","E"],"character_chosen":"IRONCLAD","items_purchased":["Burning Pact","Iron Wave"],"campfire_rested":0,"item_purchase_floors":[4,4],"current_hp_per_floor":[67,62,62,62,58,58,58,39,39,0],"gold":46,"neow_bonus":"THREE_RARE_CARDS","is_prod":false,"is_daily":false,"chose_seed":false,"campfire_upgraded":1,"win_rate":0,"timestamp":1556138568,"path_taken":["M","M","?","$","M","R","?","E","T","E"],"build_version":"2019-01-23","purchased_purges":0,"victory":false,"max_hp_per_floor":[80,80,80,80,80,80,80,80,80,80],"card_choices":[{"not_picked":["Berserk","Limit Break"],"picked":"Barricade","floor":0},{"not_picked":["Pommel Strike","Shrug It Off"],"picked":"True Grit","floor":1},{"not_picked":["Wild Strike","Blood for Blood"],"picked":"Spot Weakness","floor":2},{"not_picked":["Clothesline","Shrug It Off"],"picked":"Armaments","floor":5},{"not_picked":["Sword Boomerang","Body Slam"],"picked":"Cleave","floor":8}],"player_experience":466299,"relics_obtained":[{"floor":8,"key":"Toxic Egg 2"},{"floor":9,"key":"Girya"}],"event_choices":[{"damage_healed":0,"gold_gain":0,"cards_transformed":["Strike_R"],"player_choice":"Change","damage_taken":0,"max_hp_gain":0,"max_hp_loss":0,"event_name":"Living Wall","floor":3,"gold_loss":0,"cards_obtained":["Feel No Pain"]},{"damage_healed":0,"gold_gain":0,"player_choice":"Leave","damage_taken":0,"max_hp_gain":0,"max_hp_loss":0,"event_name":"The Cleric","floor":7,"gold_loss":0}],"is_beta":false,"boss_relics":[],"items_purged_floors":[],"is_endless":false,"potions_floor_spawned":[5],"killed_by":"Gremlin Nob","ascension_level":3}