{"gold_per_floor":[116,116,12,62,77,105,105,30,56,87,105,132,132,150,150,150],"floor_reached":16,"playtime":578,"items_purged":["Regret"],"score":266,"play_id":"359f47cf-1775-497c-96a1-815454121fc1","local_time":"20190117001028","is_ascension_mode":true,"campfire_choices":[{"data":"Neutralize","floor":7,"key":"SMITH"},{"data":"Terror","floor":13,"key":"SMITH"},{"data":"Blade Dance","floor":15,"key":"SMITH"}],"neow_cost":"NONE","seed_source_timestamp":675897531068647,"circlet_count":0,"master_deck":["AscendersBane","Defend_G","Defend_G","Defend_G","Defend_G","Defend_G","Strike_G","Strike_G","Strike_G","Strike_G","Survivor","Neutralize+1","Footwork","Cloak And Dagger","Blade Dance+1","Slice","Acrobatics","Terror+1","Heel Hook"],"relics":["Ring of the Snake","NeowsBlessing","Gremlin Horn","Ornamental Fan","Snake Skull","Singing Bowl","Anchor"],"potions_floor_usage":[10],"damage_taken":[{"damage":0,"enemies":"2 Louse","floor":1,"turns":2},{"damage":0,"enemies":"Jaw Worm","floor":5,"turns":1},{"damage":0,"enemies":"3 Sentries","floor":6,"turns":1},{"damage":31,"enemies":"Lagavulin","floor":10,"turns":10},{"damage":0,"enemies":"Cultist","floor":11,"turns":4},{"damage":0,"enemies":"3 Louse","floor":14,"turns":4},{"damage":31,"enemies":"Hexaghost","floor":16,"turns":11}],"seed_played":"-3236440073972872399","potions_obtained":[{"floor":1,"key":"FearPotion"},{"floor":11,"key":"Fire Potion"}],"is_trial":false,"path_per_floor":["M","?","$","?","M","E","R","?","T","E","M","T","R","M","R","B"],"character_chosen":"THE_SILENT","items_purchased":["Cloak And Dagger"],"campfire_rested":0,"item_purchase_floors":[3],"current_hp_per_floor":[59,59,59,59,59,59,59,59,59,28,28,28,28,28,28,0],"gold":150,"neow_bonus":"THREE_ENEMY_KILL","is_prod":false,"is_daily":false,"chose_seed":false,"campfire_upgraded":3,"win_rate":0,"timestamp":1547701828,"path_taken":["M","?","$","?","?","E","R","?","T","E","M","?","R","M","R","BOSS"],"build_version":"2019-01-10","purchased_purges":1,"victory":false,"max_hp_per_floor":[66,66,66,66,66,66,66,66,66,66,66,66,66,66,66,66],"card_choices":[{"not_picked":["Masterful Stab","Calculated Gamble"],"picked":"Footwork","floor":1},{"not_picked":["Catalyst","Tactician"],"picked":"Blade Dance","floor":5},{"not_picked":["Outmaneuver","Accuracy"],"picked":"Slice","floor":6},{"not_picked":["Prepared","PiercingWail"],"picked":"Acrobatics","floor":10},{"not_picked":["Deflect","Deadly Poison"],"picked":"Terror","floor":11},{"not_picked":["Calculated Gamble","Riddle With Holes"],"picked":"Heel Hook","floor":14}],"player_experience":1182084,"relics_obtained":[{"floor":6,"key":"Ornamental Fan"},{"floor":9,"key":"Snake Skull"},{"floor":10,"key":"Singing Bowl"},{"floor":12,"key":"Anchor"}],"event_choices":[{"damage_healed":0,"gold_gain":0,"player_choice":"Box","damage_taken":0,"relics_obtained":["Gremlin Horn"],"max_hp_gain":0,"max_hp_loss":0,"event_name":"Big Fish","floor":2,"gold_loss":0,"cards_obtained":["Regret"]},{"damage_healed":0,"gold_gain":50,"player_choice":"Pray","damage_taken":0,"max_hp_gain":0,"max_hp_loss":0,"event_name":"Golden Shrine","floor":4,"gold_loss":0},{"cards_removed":["Strike_G"],"damage_healed":0,"gold_gain":0,"player_choice":"Card Removal","damage_taken":0,"max_hp_gain":0,"max_hp_loss":0,"event_name":"The Cleric","floor":8,"gold_loss":75}],"is_beta":false,"boss_relics":[],"items_purged_floors":[3],"is_endless":false,"potions_floor_spawned":[1,11],"killed_by":"Hexaghost","ascension_level":20}