{"gold_per_floor":[219,71,71,87,106,106,181,216,216,249,249,259,275,304,304,379,379,390,403,421,421,67,67,97,97,97,108,108,108,136,149,149,220,220,233,311,324,379,390,416,416,450,450,470,118,132,142,142,142,142,142,142,16,42,42],"floor_reached":56,"playtime":4670,"items_purged":["Regret"],"score":2124,"play_id":"92794b21-9c4b-4a88-b361-ce4011d4e052","local_time":"20190520022619","is_ascension_mode":true,"campfire_choices":[{"data":"Barrage","floor":6.0,"key":"SMITH"},{"floor":11.0,"key":"REST"},{"data":"Beam Cell","floor":15.0,"key":"SMITH"},{"floor":23.0,"key":"RECALL"},{"floor":28.0,"key":"REST"},{"floor":32.0,"key":"REST"},{"floor":49,"key":"REST"},{"floor":52,"key":"REST"}],"neow_cost":"NONE","seed_source_timestamp":0,"circlet_count":0,"master_deck":["AscendersBane","Strike_B","Strike_B","Strike_B","Strike_B","Defend_B","Defend_B","Defend_B","Defend_B","Zap","Dualcast","Barrage+1","Doom and Gloom+1","Glacier","Genetic Algorithm","Auto Shields+1","Beam Cell+1","FTL","Hologram","Ball Lightning","Seek","Stack","Chill+1","Double Energy","BootSequence","Echo Form","Genetic Algorithm","Cold Snap+1","Fusion","Darkness+1","Echo Form","Core Surge+1","Steam","Defragment","Double Energy","Stack+1","Capacitor","Amplify+1","Barrage+1","Coolheaded"],"special_seed":0,"relics":["Cracked Core","Orichalcum","Pear","Dead Branch","Blood Vial","Fusion Hammer","Lee\u0027s Waffle","Oddly Smooth Stone","Omamori","Question Card","Pen Nib","Ancient Tea Set","Cursed Key","Mummified Hand","Prayer Wheel","PreservedInsect","Molten Egg 2","OrangePellets","War Paint"],"potions_floor_usage":[40,40,50,50,54,55,55],"damage_taken":[{"damage":3.0,"enemies":"2 Louse","floor":1.0,"turns":3.0},{"damage":0.0,"enemies":"Cultist","floor":4.0,"turns":2.0},{"damage":11.0,"enemies":"Small Slimes","floor":5.0,"turns":2.0},{"damage":24.0,"enemies":"Lagavulin","floor":8.0,"turns":6.0},{"damage":6.0,"enemies":"3 Sentries","floor":10.0,"turns":8.0},{"damage":0.0,"enemies":"3 Louse","floor":12.0,"turns":3.0},{"damage":12.0,"enemies":"Lots of Slimes","floor":13.0,"turns":3.0},{"damage":0.0,"enemies":"Lagavulin","floor":14.0,"turns":6.0},{"damage":0.0,"enemies":"Slime Boss","floor":16.0,"turns":6.0},{"damage":0.0,"enemies":"Spheric Guardian","floor":18.0,"turns":3.0},{"damage":7.0,"enemies":"Shell Parasite","floor":19.0,"turns":5.0},{"damage":3.0,"enemies":"Snecko","floor":20.0,"turns":6.0},{"damage":27.0,"enemies":"Slavers","floor":24.0,"turns":5.0},{"damage":13.0,"enemies":"Centurion and Healer","floor":27.0,"turns":5.0},{"damage":39.0,"enemies":"Gremlin Leader","floor":30.0,"turns":9.0},{"damage":0.0,"enemies":"Shelled Parasite and Fungi","floor":31.0,"turns":5.0},{"damage":44.0,"enemies":"Automaton","floor":33.0,"turns":11.0},{"damage":4,"enemies":"Orb Walker","floor":35,"turns":3},{"damage":0,"enemies":"3 Shapes","floor":37,"turns":5},{"damage":7,"enemies":"2 Orb Walkers","floor":38,"turns":3},{"damage":0,"enemies":"Spire Growth","floor":39,"turns":5},{"damage":0,"enemies":"Reptomancer","floor":40,"turns":7},{"damage":29,"enemies":"Nemesis","floor":42,"turns":5},{"damage":5,"enemies":"Maw","floor":44,"turns":7},{"damage":18,"enemies":"Transient","floor":46,"turns":5},{"damage":0,"enemies":"3 Darklings","floor":47,"turns":9},{"damage":28,"enemies":"Donu and Deca","floor":50,"turns":9},{"damage":14,"enemies":"Shield and Spear","floor":54,"turns":7},{"damage":7,"enemies":"The Heart","floor":55,"turns":6}],"seed_played":"6219475309723836531","potions_obtained":[{"floor":1.0,"key":"Explosive Potion"},{"floor":5.0,"key":"AttackPotion"},{"floor":8.0,"key":"Regen Potion"},{"floor":10.0,"key":"PowerPotion"},{"floor":13.0,"key":"GamblersBrew"},{"floor":18.0,"key":"Ancient Potion"},{"floor":29.0,"key":"SpeedPotion"},{"floor":30.0,"key":"LiquidBronze"},{"floor":38,"key":"Regen Potion"},{"floor":39,"key":"SkillPotion"},{"floor":44,"key":"Explosive Potion"},{"floor":46,"key":"SkillPotion"},{"floor":54,"key":"Ancient Potion"}],"is_trial":false,"path_per_floor":["M","$","?","M","M","R","?","E","T","E","R","M","M","E","R","B",null,"M","M","M","?","$","R","E","?","T","M","R","?","E","M","R","B",null,"M","T","M","?","M","E","?","E","T","M","$","M","M","?","R","B",null,"R","$","E","B",null],"character_chosen":"DEFECT","items_purchased":["Doom and Gloom","Glacier","Lee\u0027s Waffle","Oddly Smooth Stone","OrangePellets","Double Energy","Coolheaded","PowerPotion","Swift Potion"],"campfire_rested":5,"item_purchase_floors":[2,2,22,22,45,45,53,53,53],"current_hp_per_floor":[61,61,61,61,50,50,39,15,25,34,58,58,46,46,46,48,73,75,70,69,46,93,93,66,66,66,55,82,82,45,47,74,32,78,76,76,78,73,75,92,92,64,64,61,61,45,47,47,74,48,82,93,93,79,74],"gold":42,"neow_bonus":"HUNDRED_GOLD","is_prod":false,"is_daily":false,"chose_seed":false,"campfire_upgraded":2,"win_rate":0,"timestamp":1558333579,"path_taken":["M","$","?","?","M","R","?","E","T","E","R","M","M","E","R","BOSS","M","M","M","?","$","R","E","?","T","M","R","?","E","?","R","BOSS","M","?","M","?","M","E","?","E","T","M","$","M","?","?","R","BOSS","R","$","E","BOSS"],"build_version":"2019-01-23","purchased_purges":1,"victory":true,"max_hp_per_floor":[71,71,71,71,71,71,71,71,81,81,81,81,81,81,81,81,81,81,81,81,86,93,93,93,93,93,93,93,93,93,93,93,93,93,93,93,93,93,93,93,93,93,93,93,93,93,93,93,93,93,93,93,93,93,93],"card_choices":[{"not_picked":["Fusion","Redo"],"picked":"Barrage","floor":1.0},{"not_picked":["Go for the Eyes","FTL"],"picked":"Genetic Algorithm","floor":4.0},{"not_picked":["Hello World","Aggregate"],"picked":"Auto Shields","floor":5.0},{"not_picked":["Recycle","Darkness"],"picked":"Beam Cell","floor":8.0},{"not_picked":["Steam","Hyperbeam"],"picked":"FTL","floor":10.0},{"not_picked":["Darkness","Go for the Eyes"],"picked":"Hologram","floor":12.0},{"not_picked":["Gash","Auto Shields"],"picked":"Ball Lightning","floor":13.0},{"not_picked":["Leap","Barrage","Cold Snap"],"picked":"SKIP","floor":14.0},{"not_picked":["Buffer","Creative AI"],"picked":"Seek","floor":16.0},{"not_picked":["Leap","Coolheaded"],"picked":"Stack","floor":18.0},{"not_picked":["Stack","Gash"],"picked":"Conserve Battery","floor":19.0},{"not_picked":["Rip and Tear","Ball Lightning","Coolheaded"],"picked":"SKIP","floor":20.0},{"not_picked":["Recycle","Auto Shields"],"picked":"Chill+1","floor":24.0},{"not_picked":["Streamline","Leap","Stack"],"picked":"Double Energy","floor":27.0},{"not_picked":["Chaos+1","Recycle+1","Electrodynamics"],"picked":"BootSequence","floor":30.0},{"not_picked":["Capacitor","Blizzard","Gash","Compile Driver"],"picked":"SKIP","floor":31.0},{"not_picked":["Seek","Creative AI","Buffer"],"picked":"Echo Form","floor":33.0},{"not_picked":["Ball Lightning","Static Discharge","Coolheaded"],"picked":"Genetic Algorithm","floor":35},{"not_picked":["Compile Driver","Go for the Eyes+1","Turbo"],"picked":"Cold Snap+1","floor":37},{"not_picked":["Barrage","Streamline","Ball Lightning"],"picked":"Fusion","floor":39},{"not_picked":["Redo","Tempest","Streamline","Chaos"],"picked":"SKIP","floor":39},{"not_picked":["Undo","Beam Cell+1","Ball Lightning"],"picked":"Darkness+1","floor":40},{"not_picked":["Gash","Reinforced Body","Barrage"],"picked":"Core Surge","floor":42},{"not_picked":["Loop","Rebound+1","Compile Driver+1"],"picked":"Steam","floor":44},{"not_picked":["Leap","Coolheaded","Barrage+1"],"picked":"Defragment","floor":44},{"not_picked":["Tempest","Barrage+1","Coolheaded"],"picked":"Stack+1","floor":46},{"not_picked":["Hello World","Darkness","Turbo"],"picked":"Capacitor","floor":46},{"not_picked":["Streamline+1","Go for the Eyes+1","Chaos"],"picked":"Amplify","floor":47},{"not_picked":["Static Discharge","Coolheaded","Leap"],"picked":"Barrage+1","floor":47},{"not_picked":["Ball Lightning+1","Reprogram","Beam Cell+1","Thunder Strike+1"],"picked":"SKIP","floor":54}],"player_experience":1534510,"relics_obtained":[{"floor":8.0,"key":"Orichalcum"},{"floor":9.0,"key":"Pear"},{"floor":10.0,"key":"Dead Branch"},{"floor":14.0,"key":"Blood Vial"},{"floor":24.0,"key":"Omamori"},{"floor":26.0,"key":"Pen Nib"},{"floor":30.0,"key":"Ancient Tea Set"},{"floor":36,"key":"Mummified Hand"},{"floor":38,"key":"Prayer Wheel"},{"floor":40,"key":"PreservedInsect"},{"floor":42,"key":"Molten Egg 2"},{"floor":54,"key":"War Paint"}],"event_choices":[{"damage_healed":0.0,"max_hp_gain":0.0,"max_hp_loss":0.0,"gold_gain":0.0,"event_name":"Accursed Blacksmith","player_choice":"Forge","floor":3.0,"gold_loss":0.0,"damage_taken":0.0,"cards_upgraded":["Doom and Gloom"]},{"damage_healed":0.0,"max_hp_gain":0.0,"max_hp_loss":0.0,"gold_gain":75.0,"event_name":"World of Goop","player_choice":"Gather Gold","floor":7.0,"gold_loss":0.0,"damage_taken":11.0},{"damage_healed":0.0,"max_hp_gain":5.0,"max_hp_loss":0.0,"gold_gain":0.0,"event_name":"Forgotten Altar","player_choice":"Shed Blood","floor":21.0,"gold_loss":0.0,"damage_taken":28.0},{"damage_healed":0.0,"max_hp_gain":0.0,"max_hp_loss":0.0,"gold_gain":0.0,"event_name":"The Mausoleum","player_choice":"Opened","floor":25.0,"gold_loss":0.0,"damage_taken":0.0,"relics_obtained":["Question Card"],"cards_obtained":["Writhe"]},{"damage_healed":0.0,"max_hp_gain":0.0,"max_hp_loss":0.0,"gold_gain":0.0,"event_name":"Lab","player_choice":"Got Potions","floor":29.0,"gold_loss":0.0,"damage_taken":0.0},{"damage_healed":0,"gold_gain":0,"player_choice":"Fight","damage_taken":0,"max_hp_gain":0,"max_hp_loss":0,"event_name":"Mysterious Sphere","floor":38,"gold_loss":0},{"damage_healed":0,"gold_gain":0,"player_choice":"Copied","damage_taken":0,"max_hp_gain":0,"max_hp_loss":0,"event_name":"Duplicator","floor":41,"gold_loss":0,"cards_obtained":["Echo Form"]},{"cards_removed":["Conserve Battery"],"damage_healed":0,"gold_gain":0,"player_choice":"Removed Skill","damage_taken":0,"max_hp_gain":0,"max_hp_loss":0,"event_name":"Falling","floor":48,"gold_loss":0}],"is_beta":false,"boss_relics":[{"not_picked":["Black Star","Pandora\u0027s Box"],"picked":"Fusion Hammer"},{"not_picked":["Orrery","Lizard Tail"],"picked":"Cursed Key"}],"items_purged_floors":[45],"is_endless":false,"potions_floor_spawned":[1,5,8,10,13,18,19,30,38,39,44,46,54],"ascension_level":15}