{"gold_per_floor":[110,125,125,50,50,75,86,115,163,163,176,14,75,86,86,158,158,171,171,38,52,52,84,84,96,123,139,139,173,193,204,204,283,283,298,311,323,370,370,370,390,423,473,503,169,188,188,200,200,200,200],"floor_reached":51,"playtime":5520,"items_purged":["Writhe"],"score":1538,"play_id":"64da9f18-bfa4-4559-a28f-0a3e2310ca96","local_time":"20190805160520","is_ascension_mode":true,"campfire_choices":[{"floor":10.0,"key":"REST"},{"data":"Fusion","floor":15.0,"key":"SMITH"},{"floor":24.0,"key":"REST"},{"floor":28.0,"key":"REST"},{"floor":32.0,"key":"REST"},{"data":"Fission","floor":40.0,"key":"SMITH"},{"floor":49.0,"key":"RECALL"}],"neow_cost":"NONE","seed_source_timestamp":774808718131224,"circlet_count":0,"master_deck":["AscendersBane","Strike_B","Defend_B+1","Defend_B+1","Defend_B","Defend_B","Zap","Dualcast","Go for the Eyes","Doom and Gloom","Fusion+1","Leap","Sweeping Beam","Rebound","FTL","Conserve Battery","Fission+1","Coolheaded","Beam Cell+1","Buffer","Steam","Hologram+1","Compile Driver","BootSequence","Coolheaded","Machine Learning","Steam+1","White Noise","Reprogram","Skim","Conserve Battery","Redo","Compile Driver"],"special_seed":0,"relics":["Cracked Core","Oddly Smooth Stone","Vajra","Letter Opener","Dream Catcher","Bottled Flame","War Paint","PreservedInsect","Tiny Chest","Empty Cage","Anchor","Mercury Hourglass","Happy Flower","Bird Faced Urn","Philosopher\u0027s Stone","StoneCalendar","Art of War","Bag of Preparation","Bronze Scales","Runic Capacitor"],"potions_floor_usage":[50,51],"damage_taken":[{"damage":1.0,"enemies":"Jaw Worm","floor":1.0,"turns":4.0},{"damage":0.0,"enemies":"2 Louse","floor":2.0,"turns":3.0},{"damage":27.0,"enemies":"Gremlin Nob","floor":6.0,"turns":4.0},{"damage":0.0,"enemies":"Cultist","floor":7.0,"turns":3.0},{"damage":18.0,"enemies":"3 Sentries","floor":8.0,"turns":6.0},{"damage":4.0,"enemies":"Blue Slaver","floor":11.0,"turns":3.0},{"damage":0.0,"enemies":"Gremlin Nob","floor":13.0,"turns":2.0},{"damage":0.0,"enemies":"Exordium Wildlife","floor":14.0,"turns":2.0},{"damage":19.0,"enemies":"Slime Boss","floor":16.0,"turns":8.0},{"damage":8.0,"enemies":"2 Thieves","floor":18.0,"turns":5.0},{"damage":6.0,"enemies":"Shell Parasite","floor":21.0,"turns":8.0},{"damage":7.0,"enemies":"Book of Stabbing","floor":23.0,"turns":4.0},{"damage":27.0,"enemies":"Cultist and Chosen","floor":25.0,"turns":6.0},{"damage":1.0,"enemies":"Shelled Parasite and Fungi","floor":27.0,"turns":7.0},{"damage":0.0,"enemies":"Gremlin Leader","floor":29.0,"turns":4.0},{"damage":0.0,"enemies":"Centurion and Healer","floor":30.0,"turns":5.0},{"damage":6.0,"enemies":"Sentry and Sphere","floor":31.0,"turns":5.0},{"damage":30.0,"enemies":"Collector","floor":33.0,"turns":11.0},{"damage":0.0,"enemies":"Orb Walker","floor":35.0,"turns":3.0},{"damage":0.0,"enemies":"3 Shapes","floor":36.0,"turns":2.0},{"damage":1.0,"enemies":"3 Darklings","floor":37.0,"turns":5.0},{"damage":9.0,"enemies":"2 Orb Walkers","floor":38.0,"turns":4.0},{"damage":12.0,"enemies":"Sphere and 2 Shapes","floor":41.0,"turns":6.0},{"damage":14.0,"enemies":"Reptomancer","floor":42.0,"turns":7.0},{"damage":10.0,"enemies":"Nemesis","floor":44.0,"turns":7.0},{"damage":0.0,"enemies":"Maw","floor":46.0,"turns":7.0},{"damage":11.0,"enemies":"Spire Growth","floor":48.0,"turns":6.0},{"damage":31,"enemies":"Awakened One","floor":50,"turns":15},{"damage":36,"enemies":"Time Eater","floor":51,"turns":4}],"seed_played":"-5182749540966835090","potions_obtained":[{"floor":2.0,"key":"SkillPotion"},{"floor":6.0,"key":"Poison Potion"},{"floor":8.0,"key":"Swift Potion"},{"floor":13.0,"key":"Fire Potion"},{"floor":16.0,"key":"SteroidPotion"},{"floor":21.0,"key":"Explosive Potion"},{"floor":25.0,"key":"Weak Potion"},{"floor":27.0,"key":"SneckoOil"},{"floor":29.0,"key":"Block Potion"},{"floor":33.0,"key":"GamblersBrew"},{"floor":35.0,"key":"Fire Potion"},{"floor":42.0,"key":"FocusPotion"},{"floor":44.0,"key":"Block Potion"}],"is_trial":false,"path_per_floor":["M","M","?","?","T","E","M","E","T","R","M","$","E","M","R","B",null,"M","?","$","M","?","E","R","M","T","M","R","E","M","M","R","B",null,"M","M","M","?","T","R","M","E","T","E","$","M","?","M","R","B","B"],"character_chosen":"DEFECT","items_purchased":["PreservedInsect","Coolheaded","Runic Capacitor","Skim","Conserve Battery"],"campfire_rested":4,"item_purchase_floors":[12,20,45,45,45],"current_hp_per_floor":[63,63,52,52,52,25,25,7,7,28,24,24,24,24,24,5,55,47,47,47,41,21,14,36,9,9,8,30,30,32,28,50,22,63,67,67,70,65,65,65,57,49,49,45,45,51,51,46,46,21,0],"gold":200,"neow_bonus":"RANDOM_COMMON_RELIC","is_prod":false,"is_daily":false,"chose_seed":false,"campfire_upgraded":2,"win_rate":0,"timestamp":1565035520,"path_taken":["M","M","?","?","?","E","M","E","T","R","M","$","E","M","R","BOSS","M","?","$","M","?","E","R","M","T","M","R","E","M","M","R","BOSS","M","M","M","?","?","R","?","E","T","E","$","M","?","M","R","BOSS","BOSS"],"build_version":"2019-07-17","purchased_purges":1,"victory":false,"max_hp_per_floor":[71,71,71,71,71,71,71,71,71,71,71,71,71,71,71,71,71,71,71,71,71,76,76,76,76,76,76,76,76,76,76,76,76,76,76,76,76,76,76,76,76,76,76,76,76,76,76,76,76,76,76],"card_choices":[{"not_picked":["Leap","Chaos"],"picked":"Go for the Eyes","floor":1.0},{"not_picked":["Steam","Ball Lightning"],"picked":"Doom and Gloom","floor":2.0},{"not_picked":["Biased Cognition","Gash"],"picked":"Fusion","floor":6.0},{"not_picked":["Chill","Steam"],"picked":"Leap","floor":7.0},{"not_picked":["Darkness","Go for the Eyes"],"picked":"Sweeping Beam","floor":8.0},{"not_picked":["Turbo","Streamline"],"picked":"Rebound","floor":10.0},{"not_picked":["Gash","Hyperbeam"],"picked":"FTL","floor":11.0},{"not_picked":["Rebound","Barrage"],"picked":"Conserve Battery","floor":13.0},{"not_picked":["Turbo","Double Energy","Steam"],"picked":"SKIP","floor":14.0},{"not_picked":["Turbo","Double Energy","Steam"],"picked":"SKIP","floor":14.0},{"not_picked":["All For One","Creative AI"],"picked":"Fission","floor":16.0},{"not_picked":["Cold Snap","Steam","Double Energy"],"picked":"SKIP","floor":18.0},{"not_picked":["Sweeping Beam+1","Aggregate"],"picked":"Beam Cell+1","floor":21.0},{"not_picked":["Chill","BootSequence"],"picked":"Buffer","floor":23.0},{"not_picked":["Glacier","Rebound"],"picked":"Steam","floor":24.0},{"not_picked":["Self Repair","Barrage"],"picked":"Hologram+1","floor":25.0},{"not_picked":["Ball Lightning","Streamline","Reprogram"],"picked":"SKIP","floor":27.0},{"not_picked":["FTL","Glacier"],"picked":"Compile Driver","floor":29.0},{"not_picked":["Hologram","Sunder"],"picked":"BootSequence","floor":30.0},{"not_picked":["Conserve Battery","Skim"],"picked":"Coolheaded","floor":31.0},{"not_picked":["Electrodynamics","Hyperbeam"],"picked":"Machine Learning","floor":33.0},{"not_picked":["Compile Driver","Streamline","Rebound+1"],"picked":"SKIP","floor":35.0},{"not_picked":["Turbo","Sweeping Beam","Barrage"],"picked":"SKIP","floor":36.0},{"not_picked":["Lockon","Go for the Eyes","Streamline+1"],"picked":"SKIP","floor":37.0},{"not_picked":["Gash+1","Streamline+1"],"picked":"Steam+1","floor":38.0},{"not_picked":["Ball Lightning","Rebound"],"picked":"White Noise","floor":41.0},{"not_picked":["Steam Power","Scrape+1","Sunder"],"picked":"SKIP","floor":42.0},{"not_picked":["Ball Lightning","Beam Cell+1"],"picked":"Reprogram","floor":44.0},{"not_picked":["Core Surge","Blizzard"],"picked":"Redo","floor":46.0},{"not_picked":["Lockon","Rebound"],"picked":"Compile Driver","floor":48.0}],"player_experience":1707783,"relics_obtained":[{"floor":5.0,"key":"Letter Opener"},{"floor":6.0,"key":"Dream Catcher"},{"floor":8.0,"key":"Bottled Flame"},{"floor":9.0,"key":"War Paint"},{"floor":13.0,"key":"Tiny Chest"},{"floor":23.0,"key":"Mercury Hourglass"},{"floor":26.0,"key":"Happy Flower"},{"floor":29.0,"key":"Bird Faced Urn"},{"floor":38.0,"key":"StoneCalendar"},{"floor":39.0,"key":"Art of War"},{"floor":42.0,"key":"Bag of Preparation"},{"floor":44.0,"key":"Bronze Scales"}],"event_choices":[{"damage_healed":0.0,"max_hp_gain":0.0,"max_hp_loss":0.0,"gold_gain":0.0,"event_name":"Scrap Ooze","player_choice":"Success","floor":3.0,"gold_loss":0.0,"damage_taken":11.0,"relics_obtained":["Vajra"]},{"cards_removed":["Strike_B"],"damage_healed":0.0,"max_hp_gain":0.0,"max_hp_loss":0.0,"gold_gain":0.0,"event_name":"The Cleric","player_choice":"Card Removal","floor":4.0,"gold_loss":75.0,"damage_taken":0.0},{"damage_healed":0.0,"max_hp_gain":0.0,"max_hp_loss":0.0,"gold_gain":0.0,"event_name":"The Mausoleum","player_choice":"Opened","floor":19.0,"gold_loss":0.0,"damage_taken":0.0,"relics_obtained":["Anchor"],"cards_obtained":["Writhe"]},{"damage_healed":0.0,"max_hp_gain":5.0,"max_hp_loss":0.0,"gold_gain":0.0,"event_name":"Forgotten Altar","player_choice":"Shed Blood","floor":22.0,"gold_loss":0.0,"damage_taken":25.0},{"damage_healed":0.0,"max_hp_gain":0.0,"max_hp_loss":0.0,"gold_gain":0.0,"event_name":"Mysterious Sphere","player_choice":"Fight","floor":38.0,"gold_loss":0.0,"damage_taken":0.0},{"damage_healed":0.0,"max_hp_gain":0.0,"max_hp_loss":0.0,"gold_gain":0.0,"event_name":"SensoryStone","player_choice":"Memory 1","floor":47.0,"gold_loss":0.0,"damage_taken":0.0}],"is_beta":false,"boss_relics":[{"not_picked":["FrozenCore","Tiny House"],"picked":"Empty Cage"},{"not_picked":["Runic Dome","Cursed Key"],"picked":"Philosopher\u0027s Stone"}],"items_purged_floors":[20],"is_endless":false,"potions_floor_spawned":[2,6,8,13,16,21,25,27,29,33,35,42,44],"killed_by":"Time Eater","ascension_level":20}