{"gold_per_floor":[12,23,39,51,69,69,102,120,167,177,31,42,42,42,42,143,143,160,210,221,233,9,9,19,19,45,45],"floor_reached":27,"playtime":1086,"items_purged":[],"score":285,"play_id":"101ecf51-34f3-4a55-919e-9293fea0ebf7","local_time":"20180801164751","is_ascension_mode":true,"campfire_choices":[{"data":"Thunderclap","floor":6,"key":"SMITH"},{"floor":15,"key":"REST"},{"floor":23,"key":"REST"}],"neow_cost":"NO_GOLD","seed_source_timestamp":1805432576255533,"circlet_count":0,"master_deck":["Strike_R","Strike_R","Strike_R","Strike_R","Defend_R","Defend_R","Defend_R","Bash","Flame Barrier","Blood for Blood","Twin Strike","Thunderclap+1","Dual Wield","Spot Weakness","Impervious","Demon Form","Dropkick","Ghostly Armor","Intimidate","Body Slam","Impervious","Heavy Blade","Burning Pact","Whirlwind","Dropkick","Feel No Pain","Disarm+1","Warcry"],"relics":["Burning Blood","Bottled Lightning","Dream Catcher","Vajra","SsserpentHead","Mark of Pain","Smiling Mask","Art of War","Centennial Puzzle"],"potions_floor_usage":[7,12,16,16,24,27],"damage_taken":[{"damage":1,"enemies":"Cultist","floor":1,"turns":4},{"damage":0,"enemies":"Jaw Worm","floor":2,"turns":3},{"damage":7,"enemies":"2 Louse","floor":3,"turns":3},{"damage":10,"enemies":"2 Fungi Beasts","floor":4,"turns":3},{"damage":11,"enemies":"Red Slaver","floor":5,"turns":3},{"damage":34,"enemies":"Lagavulin","floor":7,"turns":7},{"damage":20,"enemies":"Exordium Thugs","floor":8,"turns":4},{"damage":20,"enemies":"Lots of Slimes","floor":10,"turns":3},{"damage":10,"enemies":"Large Slime","floor":12,"turns":4},{"damage":28,"enemies":"Slime Boss","floor":16,"turns":7},{"damage":22,"enemies":"Spheric Guardian","floor":18,"turns":4},{"damage":12,"enemies":"Shell Parasite","floor":20,"turns":5},{"damage":42,"enemies":"Snecko","floor":21,"turns":6},{"damage":9,"enemies":"Cultist and Chosen","floor":24,"turns":5},{"damage":31,"enemies":"Sentry and Sphere","floor":27,"turns":6}],"seed_played":"-6086238949652879421","potions_obtained":[{"floor":5,"key":"SkillPotion"},{"floor":8,"key":"Weak Potion"},{"floor":10,"key":"Dexterity Potion"},{"floor":12,"key":"Regen Potion"},{"floor":20,"key":"Poison Potion"},{"floor":21,"key":"Fire Potion"},{"floor":24,"key":"FearPotion"}],"is_trial":false,"path_per_floor":["M","M","M","M","M","R","E","M","T","M","$","M","$","?","R","B",null,"M","?","M","M","$","R","M","$","T"],"character_chosen":"IRONCLAD","items_purchased":["Vajra","Art of War","Dropkick","Warcry"],"campfire_rested":2,"item_purchase_floors":[11,22,22,25],"current_hp_per_floor":[77,80,79,75,70,70,42,28,28,14,14,10,10,10,34,27,67,51,51,45,9,9,33,30,30,30,0],"gold":45,"neow_bonus":"TRANSFORM_TWO_CARDS","is_prod":false,"is_daily":false,"chose_seed":false,"campfire_upgraded":1,"win_rate":0,"timestamp":1533156471,"path_taken":["M","M","M","M","M","R","E","M","T","?","$","?","$","?","R","BOSS","M","?","M","M","$","R","M","?","T","M"],"build_version":"2018-07-26","purchased_purges":0,"victory":false,"max_hp_per_floor":[80,80,80,80,80,80,80,80,80,80,80,80,80,80,80,80,80,80,80,80,80,80,80,80,80,80,80],"card_choices":[{"not_picked":["Perfected Strike","Wild Strike"],"picked":"Twin Strike","floor":1},{"not_picked":["Wild Strike","Fire Breathing"],"picked":"Thunderclap","floor":2},{"not_picked":["Heavy Blade","Havoc"],"picked":"Dual Wield","floor":3},{"not_picked":["Clash","Headbutt"],"picked":"Spot Weakness","floor":4},{"not_picked":["Perfected Strike","Spot Weakness"],"picked":"Impervious","floor":5},{"not_picked":["Corruption","Perfected Strike"],"picked":"Demon Form","floor":7},{"not_picked":["Warcry","Searing Blow"],"picked":"Dropkick","floor":8},{"not_picked":["Sword Boomerang","Cleave"],"picked":"Ghostly Armor","floor":10},{"not_picked":["Combust","Rupture"],"picked":"Intimidate","floor":12},{"not_picked":["Sword Boomerang","Wild Strike"],"picked":"Body Slam","floor":15},{"not_picked":["Exhume","Fiend Fire"],"picked":"Impervious","floor":16},{"not_picked":["Flex","Disarm"],"picked":"Heavy Blade","floor":18},{"not_picked":["Body Slam","Sever Soul"],"picked":"Burning Pact","floor":20},{"not_picked":["Thunderclap","Rampage"],"picked":"Whirlwind","floor":21},{"not_picked":["Cleave","Wild Strike"],"picked":"Feel No Pain","floor":23},{"not_picked":["Shrug It Off","Armaments"],"picked":"Disarm+1","floor":24}],"player_experience":333811,"relics_obtained":[{"floor":7,"key":"Bottled Lightning"},{"floor":9,"key":"Dream Catcher"},{"floor":26,"key":"Centennial Puzzle"}],"event_choices":[{"event_name":"FaceTrader","player_choice":"Trade","floor":14,"damage_taken":0},{"event_name":"The Mausoleum","player_choice":"Yes","floor":19,"damage_taken":0}],"is_beta":false,"boss_relics":[{"not_picked":["Astrolabe","Eternal Feather"],"picked":"Mark of Pain"}],"items_purged_floors":[],"is_endless":false,"potions_floor_spawned":[5,8,10,12,20,21,24],"killed_by":"Sentry and Sphere","ascension_level":6}