{"gold_per_floor":[109,128,142,154,171,199,215,215,215,240,296,296,7,28,28,123,123,142,158,178,178,178,178,178,178,178,219,70,86,124,140,140,140],"floor_reached":33,"playtime":1999,"items_purged":[],"score":601,"play_id":"0cd53bd1-2927-41d6-9270-d822ac298d96","local_time":"20181225032525","is_ascension_mode":true,"campfire_choices":[{"floor":8,"key":"REST"},{"floor":15,"key":"REST"},{"data":"Tempest","floor":23,"key":"SMITH"},{"data":"Stack","floor":25,"key":"SMITH"},{"data":"Thunder Strike","floor":32,"key":"SMITH"}],"neow_cost":"NONE","seed_source_timestamp":351807389047748,"circlet_count":0,"master_deck":["AscendersBane","Defend_B","Defend_B","Defend_B","Defend_B","Zap","Dualcast","Melter","Go for the Eyes","Leap","Beam Cell","Tempest+1","BootSequence","Conserve Battery","Hello World+1","Thunder Strike+1","Stack+1","Bite","Bite","Bite","Bite","Bite","Ghostly","Ghostly","Ghostly","Ghostly","Ghostly","Shame","Beam Cell+1"],"special_seed":0,"relics":["Cracked Core","NeowsBlessing","Potion Belt","Frozen Egg 2","Anchor","Matryoshka","Golden Idol","Bag of Preparation","Cursed Key","Blood Vial","Pen Nib","Bronze Scales","PreservedInsect","Symbiotic Virus"],"potions_floor_usage":[6,7,10,20,20,27,29,30],"damage_taken":[{"damage":0.0,"enemies":"Cultist","floor":1.0,"turns":1.0},{"damage":0.0,"enemies":"Jaw Worm","floor":2.0,"turns":1.0},{"damage":0.0,"enemies":"2 Louse","floor":3.0,"turns":1.0},{"damage":1.0,"enemies":"Looter","floor":4.0,"turns":3.0},{"damage":1.0,"enemies":"2 Fungi Beasts","floor":5.0,"turns":3.0},{"damage":34,"enemies":"Lagavulin","floor":6,"turns":10},{"damage":22,"enemies":"Exordium Thugs","floor":7,"turns":4},{"damage":22,"enemies":"3 Sentries","floor":10,"turns":8},{"damage":31,"enemies":"3 Sentries","floor":11,"turns":10},{"damage":0,"enemies":"Looter","floor":14,"turns":3},{"damage":12,"enemies":"Hexaghost","floor":16,"turns":13},{"damage":0,"enemies":"Spheric Guardian","floor":18,"turns":2},{"damage":9,"enemies":"Shell Parasite","floor":19,"turns":5},{"damage":0,"enemies":"Snake Plant","floor":20,"turns":3},{"damage":10,"enemies":"Colosseum Slavers","floor":21,"turns":5},{"damage":0,"enemies":"Book of Stabbing","floor":27,"turns":4},{"damage":2,"enemies":"Chosen and Byrds","floor":29,"turns":5},{"damage":9,"enemies":"Slavers","floor":30,"turns":5},{"damage":4,"enemies":"Centurion and Healer","floor":31,"turns":7},{"damage":39,"enemies":"Collector","floor":33,"turns":7}],"seed_played":"-1718978410584745702","potions_obtained":[{"floor":1.0,"key":"Regen Potion"},{"floor":2.0,"key":"Regen Potion"},{"floor":5.0,"key":"Dexterity Potion"},{"floor":7,"key":"Regen Potion"},{"floor":16,"key":"SteroidPotion"},{"floor":18,"key":"SkillPotion"},{"floor":19,"key":"Fire Potion"},{"floor":27,"key":"Energy Potion"}],"is_trial":false,"path_per_floor":["M","M","M","M","M","E","M","R","T","E","?","?","$","M","R","B",null,"M","M","M","?","?","R","?","R","T","E","$","M","E","M","R","B"],"character_chosen":"DEFECT","items_purchased":["Bag of Preparation","Hello World+1","Fire Potion","PreservedInsect"],"campfire_rested":2,"item_purchase_floors":[13,13,13,28],"current_hp_per_floor":[64,64,64,63,62,28,18,39,39,32,1,1,1,1,20,8,52,52,43,43,33,33,33,23,23,23,23,23,21,20,22,22,0],"gold":140,"neow_bonus":"THREE_ENEMY_KILL","is_prod":false,"is_daily":false,"chose_seed":false,"campfire_upgraded":3,"win_rate":0,"timestamp":1545726325,"path_taken":["M","M","M","?","M","E","M","R","T","E","?","?","$","M","R","BOSS","M","M","M","?","?","R","?","R","T","E","$","M","E","M","R","BOSS"],"build_version":"2018-12-20","purchased_purges":0,"victory":false,"max_hp_per_floor":[71,71,71,71,71,71,71,71,71,71,71,66,66,66,66,66,66,66,66,66,66,46,46,23,23,23,23,23,23,23,23,23,23],"card_choices":[{"not_picked":["Leap","Recycle"],"picked":"Melter","floor":1.0},{"not_picked":["Force Field","Rebound"],"picked":"Go for the Eyes","floor":2.0},{"not_picked":["Barrage","Hologram"],"picked":"Leap","floor":3.0},{"not_picked":["Undo","Scrape","Stack"],"picked":"SKIP","floor":4.0},{"not_picked":["Sweeping Beam","Barrage"],"picked":"Beam Cell","floor":5.0},{"not_picked":["Turbo","Steam Power"],"picked":"Tempest","floor":6},{"not_picked":["Doom and Gloom","Stack"],"picked":"BootSequence","floor":7},{"not_picked":["Beam Cell","Go for the Eyes"],"picked":"Conserve Battery","floor":10},{"not_picked":["Storm+1","Hello World+1","Streamline"],"picked":"SKIP","floor":14},{"not_picked":["Hyperbeam","Amplify"],"picked":"Thunder Strike","floor":16},{"not_picked":["Barrage","Go for the Eyes","Gash"],"picked":"SKIP","floor":18},{"not_picked":["Hello World+1","Conserve Battery"],"picked":"Stack","floor":19},{"not_picked":["Gash","Go for the Eyes","Leap"],"picked":"SKIP","floor":20},{"not_picked":["Skim+1","Streamline","Blizzard"],"picked":"SKIP","floor":27},{"not_picked":["Aggregate","Stack","Barrage"],"picked":"SKIP","floor":29},{"not_picked":["Self Repair+1","Rainbow","Sunder"],"picked":"SKIP","floor":30},{"not_picked":["Rebound","Coolheaded"],"picked":"Beam Cell+1","floor":31}],"player_experience":978113,"relics_obtained":[{"floor":6,"key":"Potion Belt"},{"floor":9,"key":"Frozen Egg 2"},{"floor":10,"key":"Anchor"},{"floor":26,"key":"Blood Vial"},{"floor":26,"key":"Pen Nib"},{"floor":27,"key":"Bronze Scales"},{"floor":30,"key":"Symbiotic Virus"}],"event_choices":[{"damage_healed":0,"gold_gain":0,"player_choice":"Searched \u00272\u0027 times","damage_taken":0,"relics_obtained":["Matryoshka"],"max_hp_gain":0,"max_hp_loss":0,"event_name":"Dead Adventurer","floor":11,"gold_loss":0},{"damage_healed":0,"gold_gain":0,"player_choice":"Lose Max HP","damage_taken":0,"relics_obtained":["Golden Idol"],"max_hp_gain":0,"max_hp_loss":5,"event_name":"Golden Idol","floor":12,"gold_loss":0},{"damage_healed":0,"gold_gain":0,"player_choice":"Fight","damage_taken":0,"max_hp_gain":0,"max_hp_loss":0,"event_name":"Colosseum","floor":21,"gold_loss":0},{"damage_healed":0,"gold_gain":0,"player_choice":"Fled From Nobs","damage_taken":0,"max_hp_gain":0,"max_hp_loss":0,"event_name":"Colosseum","floor":21,"gold_loss":0},{"damage_healed":0,"gold_gain":0,"player_choice":"Became a vampire","damage_taken":0,"max_hp_gain":0,"max_hp_loss":20,"event_name":"Vampires","floor":22,"gold_loss":0,"cards_obtained":["Bite","Bite","Bite","Bite","Bite"]},{"damage_healed":0,"gold_gain":0,"player_choice":"Became a Ghost","damage_taken":0,"max_hp_gain":0,"max_hp_loss":23,"event_name":"Ghosts","floor":24,"gold_loss":0,"cards_obtained":["Ghostly","Ghostly","Ghostly","Ghostly","Ghostly"]}],"is_beta":false,"boss_relics":[{"not_picked":["Sozu","Inserter"],"picked":"Cursed Key"}],"items_purged_floors":[],"is_endless":false,"potions_floor_spawned":[1,2,5,7,16,18,19,21,27],"killed_by":"Collector","ascension_level":14}