{"gold_per_floor":[364,374,374,391,405,438,450,462,474,486,533,568,580,19,19,95,95,112,112,17,34,51,51,63,63,63,74,74,19,69,69,69,141,141,151,151,163,18,18],"floor_reached":39,"playtime":1718,"items_purged":["Strike_R"],"score":741,"play_id":"2d17a1a1-2757-42f4-b1b0-b1172d5c7389","local_time":"20190811094553","is_ascension_mode":true,"campfire_choices":[{"data":"Uppercut","floor":8.0,"key":"SMITH"},{"floor":10.0,"key":"REST"},{"data":"Apotheosis","floor":15.0,"key":"SMITH"},{"floor":23,"key":"REST"},{"data":"Metallicize","floor":25,"key":"SMITH"},{"floor":28,"key":"REST"},{"floor":32,"key":"REST"}],"neow_cost":"TEN_PERCENT_HP_LOSS","seed_source_timestamp":7458441497205,"circlet_count":0,"master_deck":["AscendersBane","Bash","Cleave","Heavy Blade","Rage","Uppercut+1","Shrug It Off","Flame Barrier","Barricade","Dropkick","Metallicize+1","Apotheosis+1","Shrug It Off","Juggernaut","Sever Soul","Thunderclap","Intimidate","Infernal Blade","Juggernaut","Bloodletting","Limit Break","Wild Strike","Feel No Pain","Shrug It Off","Pommel Strike","Rampage","Thunderclap","Impervious","Anger","J.A.X.","Demon Form","Madness","Armaments+1","Inflame","Panacea"],"special_seed":0,"relics":["Burning Blood","MawBank","Anchor","Kunai","Odd Mushroom","Self Forming Clay","Oddly Smooth Stone","Pandora\u0027s Box","Dodecahedron","Philosopher\u0027s Stone"],"potions_floor_usage":[22,33,33,39,39],"damage_taken":[{"damage":11.0,"enemies":"2 Louse","floor":1.0,"turns":3.0},{"damage":2.0,"enemies":"Cultist","floor":2.0,"turns":4.0},{"damage":7.0,"enemies":"Small Slimes","floor":4.0,"turns":3.0},{"damage":6.0,"enemies":"Looter","floor":5.0,"turns":3.0},{"damage":26.0,"enemies":"Gremlin Nob","floor":6.0,"turns":4.0},{"damage":4.0,"enemies":"3 Sentries","floor":11.0,"turns":7.0},{"damage":21.0,"enemies":"The Mushroom Lair","floor":12.0,"turns":5.0},{"damage":5.0,"enemies":"The Guardian","floor":16.0,"turns":14.0},{"damage":21.0,"enemies":"2 Thieves","floor":18.0,"turns":5.0},{"damage":0,"enemies":"Chosen","floor":21,"turns":5},{"damage":21,"enemies":"Snake Plant","floor":22,"turns":4},{"damage":21,"enemies":"Cultist and Chosen","floor":24,"turns":6},{"damage":38,"enemies":"Snecko","floor":27,"turns":6},{"damage":20,"enemies":"Collector","floor":33,"turns":9},{"damage":6,"enemies":"3 Shapes","floor":35,"turns":6},{"damage":57,"enemies":"3 Darklings","floor":37,"turns":7},{"damage":19,"enemies":"Jaw Worm Horde","floor":39,"turns":3}],"seed_played":"673136515297679302","potions_obtained":[{"floor":1.0,"key":"Explosive Potion"},{"floor":5.0,"key":"Energy Potion"},{"floor":12.0,"key":"Energy Potion"},{"floor":21,"key":"Energy Potion"},{"floor":24,"key":"EssenceOfSteel"},{"floor":33,"key":"GamblersBrew"},{"floor":35,"key":"Energy Potion"}],"is_trial":false,"path_per_floor":["M","M","?","M","M","E","$","R","T","R","E","?","?","$","R","B",null,"M","?","$","M","M","R","M","R","T","M","R","$","?","?","R","B",null,"M","?","M","$","M"],"character_chosen":"IRONCLAD","items_purchased":["Oddly Smooth Stone","Metallicize","Apotheosis","Shrug It Off","Feel No Pain","Shrug It Off","Anger","Inflame","Panacea"],"campfire_rested":4,"item_purchase_floors":[14,14,14,14,20,20,29,38,38],"current_hp_per_floor":[63,67,67,66,66,46,46,46,46,66,68,53,48,48,48,49,63,48,48,48,54,39,59,44,44,44,12,32,32,32,32,52,38,61,61,61,10,10,0],"gold":18,"neow_bonus":"TWO_FIFTY_GOLD","is_prod":false,"is_daily":false,"chose_seed":false,"campfire_upgraded":3,"win_rate":0,"timestamp":1565480753,"path_taken":["M","M","?","M","?","E","?","R","T","R","E","?","?","$","R","BOSS","M","?","$","M","M","R","M","R","T","M","R","$","?","?","R","BOSS","M","?","M","$","M"],"build_version":"2019-07-17","purchased_purges":1,"victory":false,"max_hp_per_floor":[68,68,68,68,68,68,68,68,68,68,68,68,68,68,68,68,68,68,68,68,68,68,68,68,68,68,68,68,68,68,68,68,68,68,68,68,68,68,68],"card_choices":[{"not_picked":["Whirlwind","Rage"],"picked":"Cleave","floor":1.0},{"not_picked":["Rupture","Flex"],"picked":"Heavy Blade","floor":2.0},{"not_picked":["True Grit","Thunderclap"],"picked":"Uppercut","floor":4.0},{"not_picked":["Body Slam","Twin Strike"],"picked":"Shrug It Off","floor":5.0},{"not_picked":["Flex","Sever Soul"],"picked":"Flame Barrier","floor":6.0},{"not_picked":["Seeing Red","Iron Wave"],"picked":"Barricade","floor":11.0},{"not_picked":["Flame Barrier","Sever Soul"],"picked":"Dropkick","floor":12.0},{"not_picked":["Bludgeon","Feed"],"picked":"Juggernaut","floor":16.0},{"not_picked":["Rupture","Twin Strike"],"picked":"Wild Strike","floor":18.0},{"not_picked":["Havoc","Dropkick+1"],"picked":"Pommel Strike","floor":21},{"not_picked":["Sever Soul","Whirlwind"],"picked":"Rampage","floor":22},{"not_picked":["Clash","Shrug It Off"],"picked":"Thunderclap","floor":24},{"not_picked":["Uppercut","Sword Boomerang"],"picked":"Impervious","floor":27},{"not_picked":["Reaper","Impervious"],"picked":"Demon Form","floor":33},{"not_picked":["Pommel Strike","Perfected Strike+1","Heavy Blade"],"picked":"SKIP","floor":35},{"not_picked":["Swift Strike","HandOfGreed"],"picked":"Madness","floor":36},{"not_picked":["Cleave+1","Shrug It Off"],"picked":"Armaments+1","floor":37}],"player_experience":1184057,"relics_obtained":[{"floor":6.0,"key":"MawBank"},{"floor":9.0,"key":"Anchor"},{"floor":11.0,"key":"Kunai"},{"floor":12.0,"key":"Odd Mushroom"},{"floor":26,"key":"Dodecahedron"}],"event_choices":[{"damage_healed":0.0,"max_hp_gain":0.0,"max_hp_loss":0.0,"gold_gain":0.0,"event_name":"Match and Keep!","player_choice":"1 cards matched","floor":3.0,"gold_loss":0.0,"damage_taken":0.0,"cards_obtained":["Rage"]},{"damage_healed":0.0,"max_hp_gain":0.0,"max_hp_loss":0.0,"gold_gain":0.0,"event_name":"Mushrooms","player_choice":"Fought Mushrooms","floor":12.0,"gold_loss":0.0,"damage_taken":0.0},{"damage_healed":0.0,"max_hp_gain":0.0,"max_hp_loss":0.0,"gold_gain":0.0,"event_name":"Scrap Ooze","player_choice":"Success","floor":13.0,"gold_loss":0.0,"damage_taken":5.0,"relics_obtained":["Self Forming Clay"]},{"cards_removed":["Barricade"],"damage_healed":0,"gold_gain":0,"player_choice":"Elegance","damage_taken":0,"max_hp_gain":0,"max_hp_loss":0,"event_name":"Back to Basics","floor":19,"gold_loss":0},{"damage_healed":0,"gold_gain":50,"player_choice":"Stole From Cult","damage_taken":0,"max_hp_gain":0,"max_hp_loss":0,"event_name":"Nest","floor":30,"gold_loss":0},{"damage_healed":0,"gold_gain":0,"player_choice":"Obtain J.A.X.","damage_taken":0,"max_hp_gain":0,"max_hp_loss":0,"event_name":"Drug Dealer","floor":31,"gold_loss":0,"cards_obtained":["J.A.X."]},{"damage_healed":0,"gold_gain":0,"player_choice":"Memory 1","damage_taken":0,"max_hp_gain":0,"max_hp_loss":0,"event_name":"SensoryStone","floor":36,"gold_loss":0}],"is_beta":false,"boss_relics":[{"not_picked":["Orrery","Calling Bell"],"picked":"Pandora\u0027s Box"},{"not_picked":["White Beast Statue","Astrolabe"],"picked":"Philosopher\u0027s Stone"}],"items_purged_floors":[14],"is_endless":false,"potions_floor_spawned":[1,5,12,21,24,33,35],"killed_by":"Jaw Worm Horde","ascension_level":17}