{"gold_per_floor":[116,132,132,147,147,174,174,174],"floor_reached":8,"playtime":455,"items_purged":[],"score":98,"play_id":"6aac8d0d-714c-4f31-b2e7-5ef60df99461","local_time":"20190718133226","is_ascension_mode":true,"campfire_choices":[{"floor":7,"key":"REST"}],"neow_cost":"CURSE","seed_source_timestamp":11999689985408,"circlet_count":0,"master_deck":["AscendersBane","Strike_G","Strike_G","Strike_G","Strike_G","Defend_G","Defend_G","Defend_G","Defend_G","Defend_G","Survivor","Neutralize","Writhe","Sucker Punch","Dodge and Roll","Blur","Finisher","Dash"],"relics":["Ring of the Snake","Calipers","Pantograph"],"potions_floor_usage":[8],"damage_taken":[{"damage":3,"enemies":"Jaw Worm","floor":1,"turns":5},{"damage":3,"enemies":"Small Slimes","floor":2,"turns":5},{"damage":0,"enemies":"Cultist","floor":4,"turns":4},{"damage":46,"enemies":"3 Sentries","floor":6,"turns":19},{"damage":34,"enemies":"Lagavulin","floor":8,"turns":8}],"seed_played":"2260347055983160124","potions_obtained":[{"floor":6,"key":"Poison Potion"}],"is_trial":false,"path_per_floor":["M","M","?","M","?","E","R","E"],"character_chosen":"THE_SILENT","items_purchased":[],"campfire_rested":1,"item_purchase_floors":[],"current_hp_per_floor":[68,65,54,54,54,8,31,0],"gold":174,"neow_bonus":"TWENTY_PERCENT_HP_BONUS","is_prod":false,"is_daily":false,"chose_seed":false,"campfire_upgraded":0,"win_rate":0,"timestamp":1563420746,"path_taken":["M","M","?","M","?","E","R","E"],"build_version":"2019-07-17","purchased_purges":0,"victory":false,"max_hp_per_floor":[78,78,78,78,78,78,78,78],"card_choices":[{"not_picked":["Distraction","Cloak And Dagger"],"picked":"Sucker Punch","floor":1},{"not_picked":["Calculated Gamble","Riddle With Holes"],"picked":"Dodge and Roll","floor":2},{"not_picked":["Bane","Concentrate"],"picked":"Blur","floor":4},{"not_picked":["Blade Dance","Heel Hook"],"picked":"Dash","floor":6}],"player_experience":1017834,"relics_obtained":[{"floor":6,"key":"Pantograph"}],"event_choices":[{"damage_healed":0,"gold_gain":0,"player_choice":"Success","damage_taken":11,"relics_obtained":["Calipers"],"max_hp_gain":0,"max_hp_loss":0,"event_name":"Scrap Ooze","floor":3,"gold_loss":0},{"damage_healed":0,"gold_gain":0,"cards_transformed":["Strike_G"],"player_choice":"Transformed","damage_taken":0,"max_hp_gain":0,"max_hp_loss":0,"event_name":"Transmorgrifier","floor":5,"gold_loss":0,"cards_obtained":["Finisher"]}],"is_beta":false,"boss_relics":[],"items_purged_floors":[],"is_endless":false,"potions_floor_spawned":[6],"killed_by":"Lagavulin","ascension_level":15}