{"gold_per_floor":[116,134,134,150,164,164,164,30,30,30,58,58,93,103,103,176,176,189,189,203,253,10,10],"floor_reached":23,"playtime":1009,"items_purged":[],"score":378,"play_id":"d401b40f-cfc6-420d-83c1-3549009df10b","local_time":"20190906043130","is_ascension_mode":true,"campfire_choices":[{"floor":10.0,"key":"REST"},{"floor":12.0,"key":"REST"},{"floor":15.0,"key":"REST"}],"neow_cost":"TEN_PERCENT_HP_LOSS","seed_source_timestamp":58457515805757,"circlet_count":0,"master_deck":["AscendersBane","Strike_B","Strike_B","Strike_B+1","Strike_B","Defend_B+1","Defend_B","Defend_B","Defend_B","Zap","Dualcast","Cold Snap","Static Discharge+1","Ball Lightning","Sunder","Hologram","Loop","Consume","Echo Form","Steam","Core Surge","Go for the Eyes","Decay","Leap+1","Capacitor"],"special_seed":0,"relics":["Cracked Core","Calipers","Question Card","Mercury Hourglass","Boot","Busted Crown","Orichalcum"],"potions_floor_usage":[16,16],"damage_taken":[{"damage":7.0,"enemies":"Cultist","floor":1.0,"turns":4.0},{"damage":9.0,"enemies":"Small Slimes","floor":2.0,"turns":3.0},{"damage":14.0,"enemies":"2 Louse","floor":4.0,"turns":2.0},{"damage":10.0,"enemies":"Exordium Wildlife","floor":5.0,"turns":3.0},{"damage":29.0,"enemies":"Gremlin Nob","floor":11.0,"turns":4.0},{"damage":18.0,"enemies":"3 Sentries","floor":13.0,"turns":4.0},{"damage":12.0,"enemies":"2 Fungi Beasts","floor":14.0,"turns":3.0},{"damage":15,"enemies":"The Guardian","floor":16,"turns":9},{"damage":5,"enemies":"Spheric Guardian","floor":18,"turns":3},{"damage":30,"enemies":"Shell Parasite","floor":20,"turns":4},{"damage":16,"enemies":"Slavers","floor":23,"turns":1}],"seed_played":"-1728379124176393505","potions_obtained":[{"floor":1.0,"key":"Block Potion"},{"floor":5.0,"key":"Strength Potion"},{"floor":14.0,"key":"Dexterity Potion"}],"is_trial":false,"path_per_floor":["M","M","?","M","M","?","?","$","T","R","E","R","E","M","R","B",null,"M","?","M","?","$","E"],"character_chosen":"DEFECT","items_purchased":["Hologram","Loop","Orichalcum","Capacitor"],"campfire_rested":3,"item_purchase_floors":[8,8,22,22],"current_hp_per_floor":[57,48,48,34,24,5,26,26,26,45,16,35,17,5,24,9,50,45,45,15,15,15,0],"gold":10,"neow_bonus":"ONE_RARE_RELIC","is_prod":false,"is_daily":false,"chose_seed":false,"campfire_upgraded":0,"win_rate":0,"timestamp":1567708290,"path_taken":["M","M","?","M","?","?","?","?","T","R","E","R","E","M","R","BOSS","M","?","M","?","$","E"],"build_version":"2019-07-17","purchased_purges":0,"victory":false,"max_hp_per_floor":[64,64,64,64,64,64,64,64,64,64,64,64,64,64,64,64,64,64,64,64,64,64,64],"card_choices":[{"not_picked":["Go for the Eyes","Hologram"],"picked":"Cold Snap","floor":1.0},{"not_picked":["Ball Lightning","Steam"],"picked":"Static Discharge","floor":2.0},{"not_picked":["Go for the Eyes","Conserve Battery"],"picked":"Ball Lightning","floor":4.0},{"not_picked":["Rebound","Redo"],"picked":"Sunder","floor":5.0},{"not_picked":["Streamline","Force Field","Creative AI"],"picked":"Consume","floor":11.0},{"not_picked":["Steam","All For One","Conserve Battery"],"picked":"Echo Form","floor":13.0},{"not_picked":["Hologram","Reprogram","Ball Lightning"],"picked":"Steam","floor":14.0},{"not_picked":["Hyperbeam","Machine Learning","Reboot"],"picked":"Core Surge","floor":16},{"not_picked":["Beam Cell"],"picked":"Go for the Eyes","floor":18},{"not_picked":["Ball Lightning"],"picked":"Leap+1","floor":20}],"player_experience":1248561,"relics_obtained":[{"floor":9.0,"key":"Question Card"},{"floor":11.0,"key":"Mercury Hourglass"},{"floor":13.0,"key":"Boot"}],"event_choices":[{"damage_healed":0.0,"max_hp_gain":0.0,"max_hp_loss":0.0,"gold_gain":0.0,"event_name":"Upgrade Shrine","player_choice":"Upgraded","floor":3.0,"gold_loss":0.0,"damage_taken":0.0,"cards_upgraded":["Static Discharge"]},{"damage_healed":0.0,"max_hp_gain":0.0,"max_hp_loss":0.0,"gold_gain":0.0,"event_name":"Shining Light","player_choice":"Entered Light","floor":6.0,"gold_loss":0.0,"damage_taken":19.0,"cards_upgraded":["Strike_B","Defend_B"]},{"damage_healed":21.0,"max_hp_gain":0.0,"max_hp_loss":0.0,"gold_gain":0.0,"event_name":"Big Fish","player_choice":"Banana","floor":7.0,"gold_loss":0.0,"damage_taken":0.0},{"damage_healed":0,"gold_gain":0,"player_choice":"Smashed Altar","damage_taken":0,"max_hp_gain":0,"max_hp_loss":0,"event_name":"Forgotten Altar","floor":19,"gold_loss":0,"cards_obtained":["Decay"]},{"damage_healed":0,"gold_gain":100,"player_choice":"Bet on Murderer","damage_taken":0,"max_hp_gain":0,"max_hp_loss":0,"event_name":"The Joust","floor":21,"gold_loss":50}],"is_beta":false,"boss_relics":[{"not_picked":["Velvet Choker","Tiny House"],"picked":"Busted Crown"}],"items_purged_floors":[],"is_endless":false,"potions_floor_spawned":[1,5,14],"killed_by":"Slavers","ascension_level":18}