{"gold_per_floor":[116,130,141,141,157,157,177,177,222,222,253,270,339,389,389,485,485,499,749,9,29,98,129,129,2,2,52,102,102,166,216,216,216],"floor_reached":33,"playtime":1205,"items_purged":["Writhe"],"score":357,"play_id":"5017e8a5-ccab-4b4c-8149-00fe74ec42a7","local_time":"20190424183157","is_ascension_mode":true,"campfire_choices":[{"floor":6,"key":"REST"},{"data":"Armaments","floor":8,"key":"SMITH"},{"data":"Bash","floor":10,"key":"SMITH"},{"floor":15,"key":"REST"},{"floor":24,"key":"REST"},{"floor":29,"key":"REST"},{"data":"Metallicize","floor":32,"key":"SMITH"}],"neow_cost":"CURSE","seed_source_timestamp":8607002712028,"circlet_count":0,"master_deck":["Strike_R+1","Strike_R","Defend_R","Defend_R","Defend_R","Defend_R","Bash+1","Inflame","Body Slam+1","Blood for Blood","Infernal Blade","Armaments+1","Flame Barrier","Headbutt","Wild Strike","Offering+1","Heavy Blade+1","Perfected Strike+1","Perfected Strike+1","Metallicize+1","True Grit","Master of Strategy","Evolve+1","Armaments+1","Shrug It Off","Twin Strike+1","Flex","Shame","Warcry+1"],"relics":["Burning Blood","SsserpentHead","Bronze Scales","Letter Opener","Astrolabe","Frozen Egg 2","Medical Kit","Strawberry","Ancient Tea Set","Blood Vial","Magic Flower"],"potions_floor_usage":[3,11,16,18,33],"damage_taken":[{"damage":21,"enemies":"Jaw Worm","floor":1,"turns":4},{"damage":6,"enemies":"Cultist","floor":2,"turns":3},{"damage":7,"enemies":"Small Slimes","floor":3,"turns":3},{"damage":28,"enemies":"Exordium Wildlife","floor":5,"turns":6},{"damage":14,"enemies":"Red Slaver","floor":7,"turns":2},{"damage":15,"enemies":"Gremlin Nob","floor":11,"turns":3},{"damage":9,"enemies":"Large Slime","floor":12,"turns":7},{"damage":11,"enemies":"Blue Slaver","floor":13,"turns":3},{"damage":38,"enemies":"Slime Boss","floor":16,"turns":10},{"damage":22,"enemies":"3 Byrds","floor":18,"turns":4},{"damage":20,"enemies":"Shell Parasite","floor":21,"turns":2},{"damage":5,"enemies":"Snecko","floor":22,"turns":4},{"damage":66,"enemies":"Book of Stabbing","floor":23,"turns":7},{"damage":16,"enemies":"Snake Plant","floor":30,"turns":4},{"damage":73,"enemies":"Champ","floor":33,"turns":12}],"seed_played":"-1176299999611464436","potions_obtained":[{"floor":1,"key":"Poison Potion"},{"floor":7,"key":"SteroidPotion"},{"floor":13,"key":"Fire Potion"},{"floor":16,"key":"PowerPotion"},{"floor":21,"key":"Poison Potion"}],"is_trial":false,"path_per_floor":["M","M","M","?","M","R","M","R","T","R","E","M","M","?","R","B",null,"M","?","$","M","M","E","R","$","T","?","?","R","M","?","R","B"],"character_chosen":"IRONCLAD","items_purchased":["Frozen Egg 2","Medical Kit","True Grit","Master of Strategy","Evolve+1","Flex"],"campfire_rested":4,"item_purchase_floors":[20,20,20,20,20,25],"current_hp_per_floor":[81,81,80,80,58,86,78,78,78,78,69,66,61,42,70,38,96,80,80,80,66,67,14,44,44,44,44,44,74,70,70,70,0],"gold":216,"neow_bonus":"TWENTY_PERCENT_HP_BONUS","is_prod":false,"is_daily":false,"chose_seed":false,"campfire_upgraded":3,"win_rate":0,"timestamp":1556094717,"path_taken":["M","M","M","?","M","R","M","R","T","R","E","M","?","?","R","BOSS","M","?","$","M","?","E","R","$","T","?","?","R","?","?","R","BOSS"],"build_version":"2019-01-23","purchased_purges":1,"victory":false,"max_hp_per_floor":[96,96,96,96,96,96,96,96,96,96,96,96,96,96,96,96,96,96,96,96,96,96,103,103,103,103,103,103,103,103,103,103,103],"card_choices":[{"not_picked":["Perfected Strike","Pommel Strike"],"picked":"Inflame","floor":1},{"not_picked":["Havoc","Headbutt"],"picked":"Body Slam","floor":2},{"not_picked":["Sword Boomerang","Iron Wave"],"picked":"Blood for Blood","floor":3},{"not_picked":["Shrug It Off","Wild Strike"],"picked":"Infernal Blade","floor":5},{"not_picked":["Flex","Rupture"],"picked":"Armaments","floor":7},{"not_picked":["Perfected Strike","Combust"],"picked":"Flame Barrier","floor":11},{"not_picked":["Sword Boomerang","Clothesline"],"picked":"Headbutt","floor":12},{"not_picked":["Shockwave","Dual Wield"],"picked":"Wild Strike","floor":13},{"not_picked":["Demon Form","Barricade"],"picked":"Offering","floor":16},{"not_picked":["Perfected Strike+1","Havoc"],"picked":"Metallicize","floor":18},{"not_picked":["Clothesline+1","Headbutt"],"picked":"Armaments+1","floor":21},{"not_picked":["Clothesline","Armaments"],"picked":"Shrug It Off","floor":22},{"not_picked":["True Grit+1","Anger"],"picked":"Twin Strike+1","floor":23},{"not_picked":["Fire Breathing+1","Heavy Blade+1"],"picked":"Warcry+1","floor":30}],"player_experience":461474,"relics_obtained":[{"floor":9,"key":"Bronze Scales"},{"floor":11,"key":"Letter Opener"},{"floor":23,"key":"Strawberry"},{"floor":26,"key":"Ancient Tea Set"},{"floor":28,"key":"Magic Flower"}],"event_choices":[{"damage_healed":0,"gold_gain":0,"player_choice":"Trade","damage_taken":0,"relics_obtained":["SsserpentHead"],"max_hp_gain":0,"max_hp_loss":0,"event_name":"FaceTrader","floor":4,"gold_loss":0},{"damage_healed":0,"gold_gain":0,"player_choice":"Entered Light","damage_taken":19,"max_hp_gain":0,"max_hp_loss":0,"event_name":"Shining Light","floor":14,"gold_loss":0,"cards_upgraded":["Strike_R","Body Slam"]},{"damage_healed":0,"gold_gain":250,"player_choice":"Bet on Owner","damage_taken":0,"max_hp_gain":0,"max_hp_loss":0,"event_name":"The Joust","floor":19,"gold_loss":50},{"damage_healed":0,"gold_gain":0,"player_choice":"Stole Relic","damage_taken":0,"relics_obtained":["Blood Vial"],"max_hp_gain":0,"max_hp_loss":0,"event_name":"Addict","floor":27,"gold_loss":0,"cards_obtained":["Shame"]},{"damage_healed":0,"gold_gain":0,"player_choice":"Relic","damage_taken":0,"max_hp_gain":0,"max_hp_loss":0,"event_name":"Wheel of Change","floor":28,"gold_loss":0},{"damage_healed":0,"gold_gain":0,"player_choice":"Upgraded","damage_taken":0,"max_hp_gain":0,"max_hp_loss":0,"event_name":"Upgrade Shrine","floor":31,"gold_loss":0,"cards_upgraded":["Offering"]}],"is_beta":false,"boss_relics":[{"not_picked":["Lizard Tail","Coffee Dripper"],"picked":"Astrolabe"}],"items_purged_floors":[25],"is_endless":false,"potions_floor_spawned":[1,7,13,16,21],"killed_by":"Champ","ascension_level":3}