{"gold_per_floor":[115,95,110,128,148,148,4,4,29,29,39,56,69,87,87,166,166,178,12,62,72,72,72],"floor_reached":23,"playtime":741,"items_purged":[],"score":342,"play_id":"dfd51ba4-5500-4c20-9efe-e38618866bb8","local_time":"20190811120215","is_ascension_mode":true,"campfire_choices":[{"floor":6.0,"key":"REST"},{"data":"Genetic Algorithm","floor":8.0,"key":"SMITH"},{"data":"Zap","floor":10.0,"key":"SMITH"},{"floor":15,"key":"REST"}],"neow_cost":"NONE","seed_source_timestamp":16622352405298,"circlet_count":0,"master_deck":["AscendersBane","Strike_B","Strike_B","Strike_B","Strike_B","Defend_B","Defend_B","Defend_B","Defend_B","Zap+1","Dualcast","Double Energy","Gash","Genetic Algorithm+1","Melter","Capacitor","Ball Lightning","Cold Snap","Reinforced Body","Cold Snap","Hologram","Seek","Defragment","Self Repair","Glacier","Undo","Writhe"],"special_seed":0,"relics":["FrozenCore","Bronze Scales","Pen Nib"],"potions_floor_usage":[16],"damage_taken":[{"damage":10.0,"enemies":"Small Slimes","floor":1.0,"turns":3.0},{"damage":1.0,"enemies":"Cultist","floor":3.0,"turns":3.0},{"damage":0.0,"enemies":"2 Louse","floor":4.0,"turns":2.0},{"damage":24.0,"enemies":"Large Slime","floor":5.0,"turns":6.0},{"damage":12.0,"enemies":"Looter","floor":11.0,"turns":3.0},{"damage":11,"enemies":"2 Fungi Beasts","floor":12,"turns":3},{"damage":10,"enemies":"Gremlin Gang","floor":13,"turns":4},{"damage":12,"enemies":"3 Louse","floor":14,"turns":2},{"damage":32,"enemies":"Slime Boss","floor":16,"turns":7},{"damage":27,"enemies":"Shell Parasite","floor":18,"turns":6},{"damage":15,"enemies":"Chosen","floor":21,"turns":6},{"damage":27,"enemies":"Book of Stabbing","floor":23,"turns":5}],"seed_played":"-7438788875483607146","potions_obtained":[{"floor":2.0,"key":"FocusPotion"},{"floor":3.0,"key":"SteroidPotion"},{"floor":11,"key":"Ancient Potion"}],"is_trial":false,"path_per_floor":["M","?","M","M","M","R","$","R","T","R","M","M","M","M","R","B",null,"M","$","?","M","?","E"],"character_chosen":"DEFECT","items_purchased":["Capacitor","Ball Lightning","Self Repair","Glacier"],"campfire_rested":2,"item_purchase_floors":[7,7,19,19],"current_hp_per_floor":[61,61,60,60,36,59,59,59,59,59,47,36,26,14,37,5,60,33,33,33,25,25,0],"gold":72,"neow_bonus":"TEN_PERCENT_HP_BONUS","is_prod":false,"is_daily":false,"chose_seed":false,"campfire_upgraded":2,"win_rate":0,"timestamp":1565488935,"path_taken":["M","?","M","M","M","R","$","R","T","R","M","?","M","M","R","BOSS","M","$","?","M","?","E"],"build_version":"2019-07-17","purchased_purges":0,"victory":false,"max_hp_per_floor":[78,78,78,78,78,78,78,78,78,78,78,78,78,78,78,78,78,78,78,78,78,78,78],"card_choices":[{"not_picked":["Compile Driver","Rebound"],"picked":"Double Energy","floor":1.0},{"not_picked":["Force Field","Heatsinks"],"picked":"Gash","floor":3.0},{"not_picked":["Force Field","Stack"],"picked":"Genetic Algorithm","floor":4.0},{"not_picked":["Fusion","Beam Cell"],"picked":"Melter","floor":5.0},{"not_picked":["Gash","Darkness"],"picked":"Cold Snap","floor":11},{"not_picked":["Steam Power","Beam Cell"],"picked":"Reinforced Body","floor":12},{"not_picked":["Gash","Ball Lightning"],"picked":"Cold Snap","floor":13},{"not_picked":["Buffer","Leap"],"picked":"Hologram","floor":14},{"not_picked":["Fission","Meteor Strike"],"picked":"Seek","floor":16},{"not_picked":["Steam Power","Coolheaded+1"],"picked":"Defragment","floor":18},{"not_picked":["Streamline+1","Consume"],"picked":"Undo","floor":21}],"player_experience":1192762,"relics_obtained":[{"floor":9.0,"key":"Bronze Scales"}],"event_choices":[{"damage_healed":0.0,"max_hp_gain":0.0,"max_hp_loss":0.0,"gold_gain":0.0,"event_name":"The Woman in Blue","player_choice":"Bought 1 Potion","floor":2.0,"gold_loss":0.0,"damage_taken":0.0},{"damage_healed":0,"gold_gain":50,"player_choice":"Stole From Cult","damage_taken":0,"max_hp_gain":0,"max_hp_loss":0,"event_name":"Nest","floor":20,"gold_loss":0},{"damage_healed":0,"gold_gain":0,"player_choice":"Opened","damage_taken":0,"relics_obtained":["Pen Nib"],"max_hp_gain":0,"max_hp_loss":0,"event_name":"The Mausoleum","floor":22,"gold_loss":0,"cards_obtained":["Writhe"]}],"is_beta":false,"boss_relics":[{"not_picked":["Ectoplasm","Nuclear Battery"],"picked":"FrozenCore"}],"items_purged_floors":[],"is_endless":false,"potions_floor_spawned":[3,4,5,11,13],"killed_by":"Book of Stabbing","ascension_level":17}