{"gold_per_floor":[111,127,146,196,214,214,245,255,278,278],"floor_reached":10,"playtime":755,"items_purged":[],"score":133,"play_id":"019c5417-8e28-4ad8-86cf-390dcffb8a55","local_time":"20190717131946","is_ascension_mode":true,"campfire_choices":[{"data":"Armaments","floor":6,"key":"SMITH"}],"neow_cost":"NONE","seed_source_timestamp":399233854701136,"circlet_count":0,"master_deck":["AscendersBane","Strike_R","Strike_R","Strike_R","Strike_R","Strike_R","Defend_R","Defend_R","Defend_R","Defend_R","Bash+1","Heavy Blade","True Grit","Armaments+1","Cleave","Sword Boomerang","Seeing Red"],"relics":["Burning Blood","Orichalcum","Centennial Puzzle"],"potions_floor_usage":[7,7],"damage_taken":[{"damage":12,"enemies":"2 Louse","floor":1,"turns":4},{"damage":1,"enemies":"Cultist","floor":2,"turns":3},{"damage":8,"enemies":"Small Slimes","floor":3,"turns":4},{"damage":7,"enemies":"Red Slaver","floor":5,"turns":6},{"damage":54,"enemies":"Lagavulin","floor":7,"turns":9},{"damage":6,"enemies":"Exordium Wildlife","floor":8,"turns":4},{"damage":17,"enemies":"Exordium Thugs","floor":10,"turns":1}],"seed_played":"731663601964349850","potions_obtained":[{"floor":3,"key":"SteroidPotion"},{"floor":5,"key":"Block Potion"},{"floor":8,"key":"GamblersBrew"}],"is_trial":false,"path_per_floor":["M","M","M","?","M","R","E","M","T","M"],"character_chosen":"IRONCLAD","items_purchased":[],"campfire_rested":0,"item_purchase_floors":[],"current_hp_per_floor":[62,67,65,65,64,64,16,16,16,0],"gold":278,"neow_bonus":"UPGRADE_CARD","is_prod":false,"is_daily":false,"chose_seed":false,"campfire_upgraded":1,"win_rate":0,"timestamp":1563383986,"path_taken":["M","M","M","?","?","R","E","M","T","M"],"build_version":"2019-07-05","purchased_purges":0,"victory":false,"max_hp_per_floor":[75,75,75,75,75,75,75,75,75,75],"card_choices":[{"not_picked":["Burning Pact","Havoc"],"picked":"Heavy Blade","floor":1},{"not_picked":["Combust","Wild Strike"],"picked":"True Grit","floor":2},{"not_picked":["Pommel Strike","Carnage"],"picked":"Armaments","floor":3},{"not_picked":["True Grit","Ghostly Armor"],"picked":"Cleave","floor":5},{"not_picked":["True Grit","Limit Break"],"picked":"Sword Boomerang","floor":7},{"not_picked":["Dropkick","Rupture"],"picked":"Seeing Red","floor":8}],"player_experience":1608039,"relics_obtained":[{"floor":7,"key":"Orichalcum"},{"floor":9,"key":"Centennial Puzzle"}],"event_choices":[{"damage_healed":0,"gold_gain":50,"player_choice":"Pray","damage_taken":0,"max_hp_gain":0,"max_hp_loss":0,"event_name":"Golden Shrine","floor":4,"gold_loss":0}],"is_beta":false,"boss_relics":[],"items_purged_floors":[],"is_endless":false,"potions_floor_spawned":[3,5,8],"killed_by":"Exordium Thugs","ascension_level":18}