{"gold_per_floor":[111,121,140,155,155,190,190,222,270,299,319,349,80,45,45,124,124,138,228,240,240,21,56,75,75],"floor_reached":25,"playtime":2656,"items_purged":["Strike_B","Strike_B"],"score":502,"play_id":"34666bc7-16c3-4e7b-aded-339e14006314","local_time":"20190830083149","is_ascension_mode":true,"campfire_choices":[{"floor":7,"key":"REST"},{"data":"Go for the Eyes","floor":15,"key":"SMITH"}],"neow_cost":"TEN_PERCENT_HP_LOSS","seed_source_timestamp":715269649524832,"circlet_count":0,"master_deck":["AscendersBane","Defend_B","Defend_B","Defend_B","Zap","Dualcast","Streamline","Turbo","Glacier","Chill","Sweeping Beam","Barrage","Compile Driver","Go for the Eyes+1","FTL","Reboot","Seek","Hologram","Dark Shackles","Gash","Rebound","Beam Cell","Redo","Machine Learning","Consume+1"],"relics":["Cracked Core","Symbiotic Virus","Shuriken","Smiling Mask","Bag of Marbles","Du-Vu Doll","Potion Belt","White Beast Statue","Molten Egg 2"],"potions_floor_usage":[8,10,10,16,20,23,25],"damage_taken":[{"damage":0,"enemies":"Cultist","floor":1,"turns":3},{"damage":0,"enemies":"2 Louse","floor":2,"turns":4},{"damage":8,"enemies":"Small Slimes","floor":3,"turns":3},{"damage":6,"enemies":"Exordium Thugs","floor":4,"turns":4},{"damage":14,"enemies":"Lagavulin","floor":6,"turns":9},{"damage":6,"enemies":"Gremlin Nob","floor":8,"turns":3},{"damage":7,"enemies":"Lagavulin","floor":10,"turns":9},{"damage":0,"enemies":"Gremlin Gang","floor":11,"turns":3},{"damage":9,"enemies":"3 Sentries","floor":12,"turns":6},{"damage":12,"enemies":"The Guardian","floor":16,"turns":9},{"damage":5,"enemies":"Shell Parasite","floor":18,"turns":4},{"damage":0,"enemies":"3 Byrds","floor":20,"turns":4},{"damage":20,"enemies":"Slavers","floor":23,"turns":6},{"damage":1,"enemies":"Sentry and Sphere","floor":24,"turns":5},{"damage":14,"enemies":"Shelled Parasite and Fungi","floor":25,"turns":1}],"seed_played":"4725466525211791211","potions_obtained":[{"floor":3,"key":"Ancient Potion"},{"floor":6,"key":"SteroidPotion"},{"floor":8,"key":"FocusPotion"},{"floor":12,"key":"Weak Potion"},{"floor":18,"key":"Energy Potion"},{"floor":20,"key":"Fire Potion"},{"floor":23,"key":"SteroidPotion"},{"floor":24,"key":"Strength Potion"}],"is_trial":false,"path_per_floor":["M","M","M","M","?","E","R","E","T","E","M","E","$","?","R","B",null,"M","?","M","?","$","E","M","M"],"character_chosen":"DEFECT","items_purchased":["Potion Belt","SteroidPotion","Rebound","Beam Cell","Redo"],"campfire_rested":1,"item_purchase_floors":[13,13,22,22,22],"current_hp_per_floor":[64,64,56,50,50,36,55,49,49,42,42,33,33,49,49,37,57,52,34,34,34,34,14,13,0],"gold":75,"neow_bonus":"TRANSFORM_TWO_CARDS","is_prod":false,"is_daily":false,"chose_seed":false,"campfire_upgraded":1,"win_rate":0,"timestamp":1567168309,"path_taken":["M","M","?","M","?","E","R","E","T","E","M","E","$","?","R","BOSS","M","?","?","?","?","E","M","?"],"build_version":"2019-07-17","purchased_purges":2,"victory":false,"max_hp_per_floor":[64,64,64,64,64,64,64,64,64,64,64,64,64,64,64,64,64,64,64,64,64,64,64,64,64],"card_choices":[{"not_picked":["Stack","Rebound"],"picked":"Glacier","floor":1},{"not_picked":["Gash","Turbo"],"picked":"Chill","floor":2},{"not_picked":["Recycle","Storm"],"picked":"Sweeping Beam","floor":3},{"not_picked":["Aggregate","Amplify"],"picked":"Barrage","floor":4},{"not_picked":["Gash","Recycle","Reprogram"],"picked":"SKIP","floor":6},{"not_picked":["Darkness","Sweeping Beam"],"picked":"Compile Driver","floor":8},{"not_picked":["Force Field","Sweeping Beam"],"picked":"Go for the Eyes","floor":10},{"not_picked":["Reinforced Body","Scrape"],"picked":"FTL","floor":11},{"not_picked":["Hologram","Turbo"],"picked":"Reboot","floor":12},{"not_picked":["Reboot","Creative AI"],"picked":"Seek","floor":16},{"not_picked":["Cold Snap","Reprogram"],"picked":"Hologram","floor":18},{"not_picked":["Darkness","Cold Snap"],"picked":"Gash","floor":20},{"not_picked":["Ball Lightning","Rebound"],"picked":"Machine Learning","floor":23},{"not_picked":["Steam","Ball Lightning+1"],"picked":"Consume+1","floor":24}],"player_experience":1908782,"relics_obtained":[{"floor":6,"key":"Symbiotic Virus"},{"floor":8,"key":"Shuriken"},{"floor":9,"key":"Smiling Mask"},{"floor":10,"key":"Bag of Marbles"},{"floor":12,"key":"Du-Vu Doll"},{"floor":23,"key":"Molten Egg 2"}],"event_choices":[{"damage_healed":0,"gold_gain":0,"player_choice":"Ignored","damage_taken":0,"max_hp_gain":0,"max_hp_loss":0,"event_name":"Liars Game","floor":5,"gold_loss":0},{"damage_healed":16,"gold_gain":0,"player_choice":"Healed","damage_taken":0,"max_hp_gain":0,"max_hp_loss":0,"event_name":"The Cleric","floor":14,"gold_loss":35},{"damage_healed":0,"gold_gain":90,"player_choice":"GOLD CARD ","damage_taken":18,"max_hp_gain":0,"max_hp_loss":0,"event_name":"Knowing Skull","floor":19,"potions_obtained":[],"gold_loss":0,"cards_obtained":["Dark Shackles"]},{"cards_removed":["Strike_B"],"damage_healed":0,"gold_gain":0,"player_choice":"Elegance","damage_taken":0,"max_hp_gain":0,"max_hp_loss":0,"event_name":"Back to Basics","floor":21,"gold_loss":0}],"is_beta":false,"boss_relics":[{"not_picked":["Philosopher\u0027s Stone","Velvet Choker"],"picked":"White Beast Statue"}],"items_purged_floors":[13,22],"is_endless":false,"potions_floor_spawned":[3,6,8,12,18,20,23,24],"killed_by":"Shelled Parasite and Fungi","ascension_level":20}