{"path_per_floor":["M","M","M","M","$","E","M","M","T","E","$","?","R","T","R","B",null,"M","?","T","M","?","E","$","M","T","R","?","R","M","$","R","B",null,"M","M","?","?","M","R","$","R","T","M","?","M","?","M","R"],"character_chosen":"IRONCLAD","items_purchased":["Uppercut","Twin Strike","Armaments","Twin Strike","Shrug It Off","Clash","Heavy Blade","Rampage","Armaments","Vajra"],"gold_per_floor":[117,136,150,161,17,42,61,80,80,109,72,132,132,155,155,254,254,270,270,270,241,241,272,83,97,121,121,121,121,131,30,30,135,135,155,171,171,217,229,229,111,111,134,147,147,164,0,13,13,13],"floor_reached":50,"campfire_rested":5,"playtime":2548,"current_hp_per_floor":[72,70,71,64,64,52,56,53,53,32,32,32,56,56,56,41,80,62,62,62,54,54,57,57,27,27,51,43,67,72,72,72,54,80,80,80,80,59,40,64,64,64,64,27,27,24,24,22,61,0],"items_purged":["Strike_R"],"gold":13,"score":598,"play_id":"15c64b7d-cc0c-4241-92ae-26abe30e4ef6","local_time":"20180327182526","is_prod":false,"is_daily":false,"is_ascension_mode":true,"campfire_upgraded":3,"timestamp":1522189526,"path_taken":["M","M","M","M","?","E","M","?","T","E","$","?","R","?","R","BOSS","M","?","?","M","?","E","$","M","T","R","?","R","M","$","R","BOSS","M","M","?","?","M","R","?","R","T","M","?","M","?","M","R","BOSS"],"build_version":"2018-03-22v2","purchased_purges":2,"victory":false,"master_deck":["Strike_R","Defend_R","Defend_R","Defend_R","Bash","Dropkick","Ghostly Armor","Flame Barrier","Spot Weakness","Uppercut","Seeing Red","Body Slam","Demon Form+1","Pommel Strike","Feed","Twin Strike","Ghostly Armor","Shockwave+1","Corruption+1","Dual Wield+1","Pommel Strike+1","Shrug It Off+1","Armaments+1","Twin Strike","Shrug It Off","Clash","Heavy Blade+1","Twin Strike+1","Shrug It Off","Havoc","Rampage","Armaments","Limit Break","Heavy Blade+1","Carnage+1","Clumsy","Evolve+1","Shrug It Off+1","Havoc+1","Iron Wave"],"max_hp_per_floor":[80,80,80,80,80,80,80,80,80,80,80,80,80,80,80,80,80,80,80,80,80,80,80,80,80,80,80,80,80,80,80,80,80,80,80,80,80,80,80,80,80,80,80,80,80,83,83,83,83,83],"relics":["Burning Blood","Prayer Wheel","The Courier","Anchor","Happy Flower","Tiny Chest","Bag of Marbles","Astrolabe","Torii","Juzu Bracelet","Art of War","Cursed Key","Ginger","Vajra","Regal Pillow","Red Mask"],"card_choices":[{"not_picked":["Headbutt","Havoc"],"picked":"Dropkick","floor":1},{"not_picked":["Sword Boomerang","Twin Strike"],"picked":"Ghostly Armor","floor":2},{"not_picked":["Heavy Blade","Twin Strike"],"picked":"Flame Barrier","floor":3},{"not_picked":["Clothesline","Heavy Blade"],"picked":"Spot Weakness","floor":4},{"not_picked":["Cleave","Wild Strike"],"picked":"Seeing Red","floor":6},{"not_picked":["Anger","Second Wind"],"picked":"Body Slam","floor":7},{"not_picked":["Reckless Charge","Havoc"],"picked":"Demon Form","floor":8},{"not_picked":["Hemokinesis","Burning Pact"],"picked":"Pommel Strike","floor":9},{"not_picked":["Pommel Strike","Clash"],"picked":"Feed","floor":10},{"not_picked":["Perfected Strike","Inflame"],"picked":"Ghostly Armor","floor":14},{"not_picked":["Wild Strike","Havoc"],"picked":"Pommel Strike","floor":18},{"not_picked":["Disarm","Body Slam"],"picked":"Shrug It Off","floor":20},{"not_picked":["Inflame","Bludgeon"],"picked":"Twin Strike","floor":25},{"not_picked":["Dropkick","Heavy Blade"],"picked":"Shrug It Off","floor":26},{"not_picked":["True Grit","Entrench"],"picked":"Havoc","floor":30},{"not_picked":["Barricade","Exhume"],"picked":"Limit Break","floor":33},{"not_picked":["Thunderclap","Power Through"],"picked":"Heavy Blade","floor":36},{"not_picked":["Armaments","Twin Strike"],"picked":"Carnage","floor":39},{"not_picked":["Wild Strike","Perfected Strike"],"picked":"Evolve","floor":43},{"not_picked":["Thunderclap","Armaments"],"picked":"Havoc","floor":46},{"not_picked":["Clothesline","Disarm"],"picked":"Iron Wave","floor":48}],"player_experience":126826,"potions_floor_usage":[4,7,16,21,33,46,50,50],"damage_taken":[{"damage":14,"enemies":"Cultist","floor":1,"turns":5},{"damage":8,"enemies":"2 Louse","floor":2,"turns":3},{"damage":5,"enemies":"Small Slimes","floor":3,"turns":3},{"damage":28,"enemies":"Exordium Wildlife","floor":4,"turns":10},{"damage":18,"enemies":"Gremlin Nob","floor":6,"turns":4},{"damage":2,"enemies":"Large Slime","floor":7,"turns":7},{"damage":9,"enemies":"Blue Slaver","floor":8,"turns":3},{"damage":27,"enemies":"Lagavulin","floor":10,"turns":7},{"damage":21,"enemies":"Hexaghost","floor":16,"turns":7},{"damage":24,"enemies":"Chosen","floor":18,"turns":5},{"damage":23,"enemies":"2 Thieves","floor":21,"turns":5},{"damage":3,"enemies":"Book of Stabbing","floor":23,"turns":5},{"damage":36,"enemies":"Sentry and Sphere","floor":25,"turns":6},{"damage":1,"enemies":"Slaver and Parasite","floor":30,"turns":3},{"damage":24,"enemies":"Champ","floor":33,"turns":9},{"damage":1,"enemies":"3 Shapes","floor":35,"turns":4},{"damage":0,"enemies":"Orb Walker","floor":36,"turns":3},{"damage":27,"enemies":"Mysterious Sphere","floor":38,"turns":3},{"damage":25,"enemies":"Maw","floor":39,"turns":5},{"damage":43,"enemies":"3 Darklings","floor":44,"turns":3},{"damage":12,"enemies":"4 Shapes","floor":46,"turns":5},{"damage":8,"enemies":"Sphere and 2 Shapes","floor":48,"turns":5},{"damage":81,"enemies":"Awakened One","floor":50,"turns":7}],"event_choices":[{"event_name":"Dead Adventurer","player_choice":"Searched \u00273\u0027 times","floor":12,"damage_taken":0},{"event_name":"The Library","player_choice":"Read","floor":19,"damage_taken":0},{"event_name":"Back to Basics","player_choice":"Elegance","floor":22,"damage_taken":0},{"event_name":"Knowing Skull","player_choice":"","floor":28,"damage_taken":0},{"event_name":"Mysterious Sphere","player_choice":"Fight","floor":38,"damage_taken":0},{"event_name":"Duplicator","player_choice":"One dupe","floor":45,"damage_taken":0},{"event_name":"Tomb of Lord Red Mask","player_choice":"Paid","floor":47,"damage_taken":0}],"boss_relics":[{"not_picked":["Ectoplasm","Snecko Eye"],"picked":"Astrolabe"},{"not_picked":["Tiny House","Calling Bell"],"picked":"Cursed Key"}],"potions_floor_spawned":[3,6,10,18,23,33,35,38,39],"seed_played":"6740684795229000571","killed_by":"Awakened One","ascension_level":2,"is_trial":false}