{"gold_per_floor":[113,113,126,139,157,157,215,215,239,264,276,276,276,288,288,288],"floor_reached":16,"playtime":815,"items_purged":[],"score":179,"play_id":"3911a3f2-8e7b-4c23-8999-94613e213279","local_time":"20181206102947","is_ascension_mode":true,"campfire_choices":[{"data":"Tempest","floor":6,"key":"SMITH"},{"floor":8,"key":"REST"},{"floor":15,"key":"REST"}],"neow_cost":"NONE","seed_source_timestamp":205763561794193,"circlet_count":0,"master_deck":["AscendersBane","Strike_B","Strike_B","Strike_B","Strike_B","Defend_B","Defend_B","Defend_B","Defend_B","Zap","Dualcast","Fission+1","Conserve Battery","Tempest+1","Defragment","Chaos","Gash","Skim","Electrodynamics"],"relics":["Cracked Core","Tiny Chest","Strawberry","PreservedInsect"],"potions_floor_usage":[7,7,16],"damage_taken":[{"damage":10,"enemies":"Small Slimes","floor":1,"turns":3},{"damage":0,"enemies":"2 Louse","floor":3,"turns":2},{"damage":1,"enemies":"Cultist","floor":4,"turns":3},{"damage":10,"enemies":"2 Fungi Beasts","floor":5,"turns":3},{"damage":21,"enemies":"3 Sentries","floor":7,"turns":6},{"damage":21,"enemies":"Lagavulin","floor":10,"turns":8},{"damage":3,"enemies":"3 Louse","floor":11,"turns":2},{"damage":2,"enemies":"Exordium Wildlife","floor":14,"turns":2},{"damage":56,"enemies":"Hexaghost","floor":16,"turns":9}],"seed_played":"324283823292064222","potions_obtained":[{"floor":1,"key":"FocusPotion"},{"floor":4,"key":"SteroidPotion"},{"floor":14,"key":"Poison Potion"}],"is_trial":false,"path_per_floor":["M","?","M","M","M","R","E","R","T","E","M","?","?","M","R","B"],"character_chosen":"DEFECT","items_purchased":[],"campfire_rested":2,"item_purchase_floors":[],"current_hp_per_floor":[58,58,58,57,47,47,26,48,55,34,31,31,31,29,53,0],"gold":288,"neow_bonus":"ONE_RANDOM_RARE_CARD","is_prod":false,"is_daily":false,"chose_seed":false,"campfire_upgraded":1,"win_rate":0,"timestamp":1544110187,"path_taken":["M","?","M","M","M","R","E","R","T","E","M","?","?","M","R","BOSS"],"build_version":"2018-11-15","purchased_purges":0,"victory":false,"max_hp_per_floor":[75,75,75,75,75,75,75,75,82,82,82,82,82,82,82,82],"card_choices":[{"not_picked":["Static Discharge","Doom and Gloom"],"picked":"Conserve Battery","floor":1},{"not_picked":["Storm","Conserve Battery"],"picked":"Tempest","floor":3},{"not_picked":["Blizzard","Aggregate","Conserve Battery"],"picked":"SKIP","floor":4},{"not_picked":["Stack","Go for the Eyes"],"picked":"Defragment","floor":5},{"not_picked":["White Noise","Static Discharge","Doom and Gloom"],"picked":"SKIP","floor":7},{"not_picked":["Rebound","Consume"],"picked":"Chaos","floor":10},{"not_picked":["Reinforced Body","BootSequence"],"picked":"Gash","floor":11},{"not_picked":["Sweeping Beam","Conserve Battery","Consume"],"picked":"SKIP","floor":14}],"player_experience":812797,"relics_obtained":[{"floor":7,"key":"Tiny Chest"},{"floor":9,"key":"Strawberry"},{"floor":10,"key":"PreservedInsect"}],"event_choices":[{"damage_healed":0,"gold_gain":0,"player_choice":"Grow","damage_taken":0,"max_hp_gain":0,"max_hp_loss":0,"event_name":"Living Wall","floor":2,"gold_loss":0,"cards_upgraded":["Fission"]},{"damage_healed":0,"gold_gain":0,"player_choice":"Ignored","damage_taken":0,"max_hp_gain":0,"max_hp_loss":0,"event_name":"Liars Game","floor":12,"gold_loss":0},{"damage_healed":0,"gold_gain":0,"player_choice":"2 cards matched","damage_taken":0,"max_hp_gain":0,"max_hp_loss":0,"event_name":"Match and Keep!","floor":13,"gold_loss":0,"cards_obtained":["Skim","Electrodynamics"]}],"is_beta":false,"boss_relics":[],"items_purged_floors":[],"is_endless":false,"potions_floor_spawned":[1,4,5,14],"killed_by":"Hexaghost","ascension_level":12}