{"gold_per_floor":[115,115,129,140,140,174,174,193,193,212,212,231,251,251,251,349,349,367,367,380,295,295,319,319,18,18,18,36,36,49,63,63,164,164,175,175,187,287,302,302,315,334,334,283,283],"floor_reached":45,"playtime":32177,"items_purged":[],"score":494,"play_id":"6215d00f-a26d-44f8-a10c-2f7e7638fc04","local_time":"20190803223826","is_ascension_mode":false,"campfire_choices":[{"floor":7,"key":"REST"},{"data":"Inflame","floor":15,"key":"SMITH"},{"floor":24,"key":"REST"},{"data":"Barricade","floor":27,"key":"SMITH"},{"floor":32,"key":"REST"},{"floor":40,"key":"REST"}],"neow_cost":"NONE","seed_source_timestamp":330027906863515,"circlet_count":0,"master_deck":["Strike_R+1","Strike_R+1","Strike_R","Strike_R","Strike_R","Defend_R","Defend_R","Defend_R+1","Twin Strike","Iron Wave","Perfected Strike","Twin Strike","Shrug It Off+1","Inflame+1","Barricade+1","Perfected Strike+1","Shrug It Off+1","Metallicize","Perfected Strike+1","Body Slam+1","Juggernaut","Pommel Strike+1","Violence","Shrug It Off","Shrug It Off+1","Pommel Strike+1","Armaments","Pommel Strike+1","Pommel Strike+1","Perfected Strike+1"],"relics":["Burning Blood","Torii","Molten Egg 2","Lizard Tail","Mercury Hourglass","Happy Flower","War Paint","Whetstone","Eternal Feather","Prayer Wheel","Ice Cream"],"potions_floor_usage":[],"damage_taken":[{"damage":1,"enemies":"Cultist","floor":1,"turns":4},{"damage":4,"enemies":"2 Louse","floor":3,"turns":3},{"damage":1,"enemies":"Jaw Worm","floor":4,"turns":4},{"damage":40,"enemies":"Lagavulin","floor":6,"turns":9},{"damage":2,"enemies":"Lots of Slimes","floor":8,"turns":5},{"damage":1,"enemies":"Exordium Wildlife","floor":10,"turns":3},{"damage":0,"enemies":"2 Fungi Beasts","floor":12,"turns":3},{"damage":1,"enemies":"Blue Slaver","floor":13,"turns":3},{"damage":75,"enemies":"Hexaghost","floor":16,"turns":14},{"damage":34,"enemies":"Shell Parasite","floor":18,"turns":14},{"damage":25,"enemies":"3 Byrds","floor":20,"turns":7},{"damage":2,"enemies":"3 Cultists","floor":28,"turns":5},{"damage":11,"enemies":"Centurion and Healer","floor":30,"turns":6},{"damage":0,"enemies":"Cultist and Chosen","floor":31,"turns":6},{"damage":60,"enemies":"Automaton","floor":33,"turns":12},{"damage":32,"enemies":"3 Darklings","floor":35,"turns":7},{"damage":7,"enemies":"Orb Walker","floor":37,"turns":4},{"damage":25,"enemies":"Mind Bloom Boss Battle","floor":38,"turns":7},{"damage":66,"enemies":"Maw","floor":39,"turns":10},{"damage":7,"enemies":"Sphere and 2 Shapes","floor":41,"turns":6},{"damage":70,"enemies":"Spire Growth","floor":42,"turns":6},{"damage":30,"enemies":"Transient","floor":45,"turns":4}],"seed_played":"6701098355753514039","potions_obtained":[{"floor":1,"key":"FearPotion"},{"floor":8,"key":"AttackPotion"},{"floor":10,"key":"AttackPotion"},{"floor":31,"key":"Explosive Potion"}],"is_trial":false,"path_per_floor":["M","?","M","M","?","E","R","M","T","M","?","M","M","$","R","B",null,"M","?","M","?","?","T","R","$","T","R","M","?","M","M","R","B",null,"M","?","M","?","M","R","M","M","T","$","M"],"character_chosen":"IRONCLAD","items_purchased":["Perfected Strike+1","Shrug It Off","Metallicize","War Paint","Perfected Strike+1"],"campfire_rested":4,"item_purchase_floors":[25,25,25,25,44],"current_hp_per_floor":[80,73,75,80,85,51,76,80,80,85,85,85,85,85,85,16,85,57,57,38,38,38,38,63,63,63,63,67,51,46,52,79,25,90,64,64,63,44,31,73,72,8,8,8,0],"gold":283,"neow_bonus":"UPGRADE_CARD","is_prod":false,"is_daily":false,"chose_seed":false,"campfire_upgraded":2,"win_rate":0.0,"timestamp":1564889906,"path_taken":["M","?","M","M","?","E","R","M","T","M","?","M","?","$","R","BOSS","M","?","?","?","?","?","R","$","T","R","M","?","M","M","R","BOSS","M","?","M","?","M","R","M","M","T","$","M"],"build_version":"2019-07-17","purchased_purges":0,"victory":false,"max_hp_per_floor":[80,80,80,80,85,85,85,85,85,85,85,85,85,85,85,85,85,85,85,85,85,85,85,85,85,85,85,85,90,90,90,90,90,90,90,90,90,90,90,90,90,90,90,90,90],"card_choices":[{"not_picked":["Rupture","Pummel"],"picked":"Twin Strike","floor":1},{"not_picked":["Bloodletting","Burning Pact"],"picked":"Iron Wave","floor":3},{"not_picked":["Anger","Heavy Blade"],"picked":"Perfected Strike","floor":4},{"not_picked":["True Grit","Hemokinesis"],"picked":"Twin Strike","floor":6},{"not_picked":["Clash","Flex"],"picked":"Shrug It Off","floor":8},{"not_picked":["Rampage+1","Body Slam+1","Thunderclap+1"],"picked":"SKIP","floor":10},{"not_picked":["Sword Boomerang+1","Clothesline+1","Disarm"],"picked":"SKIP","floor":12},{"not_picked":["Reaper+1","Hemokinesis+1"],"picked":"Inflame","floor":13},{"not_picked":["Limit Break","Bludgeon+1"],"picked":"Barricade","floor":16},{"not_picked":["Spot Weakness","Sword Boomerang+1","Cleave+1"],"picked":"SKIP","floor":18},{"not_picked":["Clothesline+1","Cleave+1","Corruption+1"],"picked":"SKIP","floor":20},{"not_picked":["Clothesline+1","Heavy Blade+1"],"picked":"Perfected Strike+1","floor":28},{"not_picked":["Heavy Blade+1","Sword Boomerang+1"],"picked":"Body Slam+1","floor":30},{"not_picked":["Sever Soul+1","Sword Boomerang+1","Thunderclap+1"],"picked":"SKIP","floor":31},{"not_picked":["Double Tap","Limit Break"],"picked":"Juggernaut","floor":33},{"not_picked":["Headbutt+1","Fire Breathing+1"],"picked":"Pommel Strike+1","floor":35},{"not_picked":["Metamorphosis","Trip"],"picked":"Violence","floor":36},{"not_picked":["Spot Weakness","Heavy Blade+1","Headbutt+1"],"picked":"SKIP","floor":37},{"not_picked":["Clash+1","Spot Weakness+1"],"picked":"Shrug It Off","floor":38},{"not_picked":["Offering","Clash+1"],"picked":"Shrug It Off+1","floor":39},{"not_picked":["Fire Breathing","Sword Boomerang+1"],"picked":"Pommel Strike+1","floor":39},{"not_picked":["Double Tap","Headbutt+1"],"picked":"Armaments","floor":41},{"not_picked":["Body Slam+1","Rampage+1"],"picked":"Pommel Strike+1","floor":41},{"not_picked":["Headbutt+1","Body Slam+1"],"picked":"Pommel Strike+1","floor":42},{"not_picked":["Carnage+1","Warcry+1","Burning Pact"],"picked":"SKIP","floor":42}],"player_experience":53058,"relics_obtained":[{"floor":6,"key":"Torii"},{"floor":9,"key":"Molten Egg 2"},{"floor":23,"key":"Happy Flower"},{"floor":26,"key":"Whetstone"},{"floor":38,"key":"Prayer Wheel"},{"floor":43,"key":"Ice Cream"}],"event_choices":[{"cards_removed":["Bash"],"damage_healed":0,"gold_gain":0,"player_choice":"Card Removal","damage_taken":7,"max_hp_gain":0,"max_hp_loss":0,"event_name":"Golden Wing","floor":2,"gold_loss":0},{"damage_healed":0,"gold_gain":0,"player_choice":"Donut","damage_taken":0,"max_hp_gain":5,"max_hp_loss":0,"event_name":"Big Fish","floor":5,"gold_loss":0},{"damage_healed":0,"gold_gain":0,"player_choice":"Ignored","damage_taken":0,"max_hp_gain":0,"max_hp_loss":0,"event_name":"NoteForYourself","floor":11,"gold_loss":0},{"cards_removed":["Defend_R"],"damage_healed":0,"gold_gain":0,"player_choice":"Offered Basic","damage_taken":0,"max_hp_gain":0,"max_hp_loss":0,"event_name":"Bonfire Elementals","floor":19,"gold_loss":0},{"damage_healed":0,"gold_gain":0,"player_choice":"Obtained Relic","damage_taken":0,"relics_obtained":["Mercury Hourglass"],"max_hp_gain":0,"max_hp_loss":0,"event_name":"Addict","floor":21,"gold_loss":85},{"damage_healed":0,"gold_gain":0,"player_choice":"Ignored","damage_taken":0,"max_hp_gain":0,"max_hp_loss":0,"event_name":"Vampires","floor":22,"gold_loss":0},{"damage_healed":0,"gold_gain":0,"player_choice":"Shed Blood","damage_taken":21,"max_hp_gain":5,"max_hp_loss":0,"event_name":"Forgotten Altar","floor":29,"gold_loss":0},{"damage_healed":0,"gold_gain":0,"player_choice":"Memory 1","damage_taken":0,"max_hp_gain":0,"max_hp_loss":0,"event_name":"SensoryStone","floor":36,"gold_loss":0},{"damage_healed":0,"gold_gain":0,"player_choice":"Fight","damage_taken":0,"max_hp_gain":0,"max_hp_loss":0,"event_name":"MindBloom","floor":38,"gold_loss":0}],"is_beta":false,"boss_relics":[{"not_picked":["Runic Pyramid","Runic Cube"],"picked":"Lizard Tail"},{"not_picked":["Astrolabe","Black Star"],"picked":"Eternal Feather"}],"items_purged_floors":[],"is_endless":false,"potions_floor_spawned":[1,8,10,12,30,31,35,37,42],"killed_by":"Transient","ascension_level":0}