{"gold_per_floor":[18,33,33,49,49,74,74,105,105,140,140,152,171,171,171,171],"floor_reached":16,"playtime":787,"items_purged":[],"score":204,"play_id":"1aa96053-21ce-43f2-8a1b-2608bd6382c9","local_time":"20181220165643","is_ascension_mode":true,"campfire_choices":[{"data":"Unload","floor":7.0,"key":"SMITH"},{"floor":11.0,"key":"REST"},{"data":"Tactician","floor":15.0,"key":"SMITH"}],"neow_cost":"NO_GOLD","seed_source_timestamp":595329172503307,"circlet_count":0,"master_deck":["AscendersBane","Defend_G","Defend_G","Defend_G","Defend_G","Defend_G","Strike_G","Strike_G","Strike_G","Strike_G","Strike_G","Survivor","Neutralize","Unload+1","Skewer+1","Backflip","Tactician+1","Prepared","Reflex","Deflect","Dagger Throw","Heel Hook"],"special_seed":0,"relics":["Ring of the Snake","Question Card","Pear","Mummified Hand"],"potions_floor_usage":[16],"damage_taken":[{"damage":1.0,"enemies":"Jaw Worm","floor":1.0,"turns":4.0},{"damage":0.0,"enemies":"2 Louse","floor":2.0,"turns":2.0},{"damage":0.0,"enemies":"Small Slimes","floor":4.0,"turns":3.0},{"damage":16.0,"enemies":"Gremlin Nob","floor":6.0,"turns":4.0},{"damage":25.0,"enemies":"3 Sentries","floor":8.0,"turns":14.0},{"damage":15.0,"enemies":"Gremlin Nob","floor":10.0,"turns":4.0},{"damage":6.0,"enemies":"Looter","floor":12.0,"turns":5.0},{"damage":3.0,"enemies":"Lots of Slimes","floor":13.0,"turns":6.0},{"damage":35,"enemies":"Hexaghost","floor":16,"turns":11}],"seed_played":"3349488148343362702","potions_obtained":[{"floor":2.0,"key":"Explosive Potion"},{"floor":4.0,"key":"Dexterity Potion"},{"floor":8.0,"key":"Poison Potion"},{"floor":13.0,"key":"PowerPotion"}],"is_trial":false,"path_per_floor":["M","M","?","M","?","E","R","E","T","E","R","M","M","?","R","B"],"character_chosen":"THE_SILENT","items_purchased":[],"campfire_rested":1,"item_purchase_floors":[],"current_hp_per_floor":[58,58,58,58,63,47,47,32,32,17,41,35,32,32,32,0],"gold":171,"neow_bonus":"THREE_RARE_CARDS","is_prod":false,"is_daily":false,"chose_seed":false,"campfire_upgraded":2,"win_rate":0,"timestamp":1545343003,"path_taken":["M","M","?","M","?","E","R","E","T","E","R","M","M","?","R","BOSS"],"build_version":"2018-12-13","purchased_purges":0,"victory":false,"max_hp_per_floor":[66,66,66,66,71,71,71,81,81,81,81,81,81,81,81,81],"card_choices":[{"not_picked":["Malaise","After Image"],"picked":"Unload","floor":0.0},{"not_picked":["Poisoned Stab","Caltrops"],"picked":"Skewer","floor":1.0},{"not_picked":["Blade Dance","Bouncing Flask"],"picked":"Backflip","floor":2.0},{"not_picked":["Dash","Concentrate"],"picked":"Tactician","floor":4.0},{"not_picked":["Sucker Punch","Expertise"],"picked":"Prepared","floor":6.0},{"not_picked":["Deadly Poison","Slice","Malaise"],"picked":"Reflex","floor":8.0},{"not_picked":["Prepared","Slice","Poisoned Stab"],"picked":"Deflect","floor":10.0},{"not_picked":["Flechettes","Poisoned Stab","Heel Hook"],"picked":"Dagger Throw","floor":12.0},{"not_picked":["Poisoned Stab","Escape Plan","Blur"],"picked":"Heel Hook","floor":13.0}],"player_experience":931769,"relics_obtained":[{"floor":6.0,"key":"Question Card"},{"floor":8.0,"key":"Pear"},{"floor":10.0,"key":"Mummified Hand"}],"event_choices":[{"damage_healed":0.0,"max_hp_gain":0.0,"max_hp_loss":0.0,"gold_gain":0.0,"event_name":"Living Wall","player_choice":"Grow","floor":3.0,"gold_loss":0.0,"damage_taken":0.0,"cards_upgraded":["Skewer"]},{"damage_healed":0.0,"max_hp_gain":5.0,"max_hp_loss":0.0,"gold_gain":0.0,"event_name":"Big Fish","player_choice":"Donut","floor":5.0,"gold_loss":0.0,"damage_taken":0.0},{"damage_healed":0.0,"max_hp_gain":0.0,"max_hp_loss":0.0,"gold_gain":0.0,"event_name":"Liars Game","player_choice":"Ignored","floor":14.0,"gold_loss":0.0,"damage_taken":0.0}],"is_beta":false,"boss_relics":[],"items_purged_floors":[],"is_endless":false,"potions_floor_spawned":[2,4,8,13],"killed_by":"Hexaghost","ascension_level":14}