{"gold_per_floor":[115,91,104,104,12,44,44,44,44,62,62,74,100,112,112,214,214,227,238,257,277,294,294,307,507,507,535,535,535,555,589,589,686,686,706,718,718,728,728,728,760,778,778,81,101,10,10,28,28,28],"floor_reached":50,"playtime":3719,"items_purged":["Normality"],"score":803,"play_id":"44a7191a-0bf1-4d4c-be7a-028cbaed8edc","local_time":"20180813020134","is_ascension_mode":true,"campfire_choices":[{"data":"Bandage Up","floor":8,"key":"SMITH"},{"data":"Dagger Spray","floor":11,"key":"SMITH"},{"data":"Underhanded Strike","floor":15,"key":"SMITH"},{"floor":23,"key":"REST"},{"data":"Backstab","floor":29,"key":"SMITH"},{"data":"Backflip","floor":32,"key":"SMITH"},{"floor":40,"key":"REST"},{"data":"Jack Of All Trades","floor":47,"key":"SMITH"},{"data":"Endless Agony","floor":49,"key":"SMITH"}],"neow_cost":"NONE","seed_source_timestamp":2786440822780633,"circlet_count":0,"master_deck":["Defend_G","Defend_G","Defend_G","Defend_G","Defend_G","Strike_G","Strike_G","Strike_G","Strike_G","Strike_G","Survivor","Neutralize","Underhanded Strike+1","Backflip+1","Deflect","Bandage Up+1","Corpse Explosion","Dagger Spray+1","Prepared","Calculated Gamble","Tools of the Trade","Backflip+1","Endless Agony+1","Parasite","Backstab+1","Quick Slash+1","Bullet Time","Poisoned Stab+1","Madness","Madness","Prepared+1","Skewer+1","Jack Of All Trades+1"],"relics":["Ring of the Snake","NeowsBlessing","Dead Branch","Bronze Scales","Vajra","Singing Bowl","Cursed Key","Ninja Scroll","Lantern","Oddly Smooth Stone","Runic Pyramid","Smiling Mask","Dream Catcher","Du-Vu Doll","Lee\u0027s Waffle","Art of War"],"potions_floor_usage":[13,16,16,16,20,20,20,22,33,33,33,33,33,48,50,50],"damage_taken":[{"damage":0,"enemies":"Cultist","floor":1,"turns":1},{"damage":0,"enemies":"Jaw Worm","floor":3,"turns":1},{"damage":0,"enemies":"Lagavulin","floor":6,"turns":1},{"damage":0,"enemies":"2 Louse","floor":10,"turns":2},{"damage":8,"enemies":"Gremlin Gang","floor":12,"turns":3},{"damage":19,"enemies":"Gremlin Nob","floor":13,"turns":4},{"damage":2,"enemies":"Red Slaver","floor":14,"turns":4},{"damage":35,"enemies":"Slime Boss","floor":16,"turns":9},{"damage":15,"enemies":"Chosen","floor":18,"turns":5},{"damage":9,"enemies":"Shell Parasite","floor":19,"turns":3},{"damage":0,"enemies":"Cultist and Chosen","floor":20,"turns":6},{"damage":36,"enemies":"Sentry and Sphere","floor":21,"turns":6},{"damage":6,"enemies":"Centurion and Healer","floor":22,"turns":5},{"damage":0,"enemies":"3 Cultists","floor":24,"turns":2},{"damage":2,"enemies":"Book of Stabbing","floor":27,"turns":3},{"damage":0,"enemies":"Snake Plant","floor":30,"turns":3},{"damage":0,"enemies":"Gremlin Leader","floor":31,"turns":4},{"damage":90,"enemies":"Champ","floor":33,"turns":10},{"damage":24,"enemies":"Flame Bruiser 1 Orb","floor":35,"turns":4},{"damage":2,"enemies":"Orb Walker","floor":36,"turns":2},{"damage":9,"enemies":"Flame Bruiser 2 Orb","floor":38,"turns":3},{"damage":18,"enemies":"Giant Head","floor":41,"turns":7},{"damage":0,"enemies":"4 Shapes","floor":42,"turns":3},{"damage":0,"enemies":"3 Darklings","floor":45,"turns":1},{"damage":0,"enemies":"Transient","floor":48,"turns":5},{"damage":116,"enemies":"Awakened One","floor":50,"turns":16}],"seed_played":"-4793616682523882464","potions_obtained":[{"floor":1,"key":"EntropicBrew"},{"floor":3,"key":"Block Potion"},{"floor":13,"key":"SteroidPotion"},{"floor":16,"key":"Block Potion"},{"floor":18,"key":"EntropicBrew"},{"floor":19,"key":"EssenceOfSteel"},{"floor":22,"key":"Regen Potion"},{"floor":27,"key":"Block Potion"},{"floor":36,"key":"LiquidBronze"},{"floor":38,"key":"GhostInAJar"}],"is_trial":false,"path_per_floor":["M","$","M","T","$","E","$","R","T","M","R","M","E","M","R","B",null,"M","M","M","M","M","R","M","?","T","E","?","R","M","E","R","B",null,"M","M","?","M","?","R","E","M","T","$","M","$","R","M","R"],"character_chosen":"THE_SILENT","items_purchased":["Backflip","Bandage Up","Du-Vu Doll","Lee\u0027s Waffle","Art of War","Jack Of All Trades"],"campfire_rested":2,"item_purchase_floors":[2,5,44,44,44,46],"current_hp_per_floor":[63,63,63,63,63,67,67,67,67,70,70,68,51,55,55,26,61,54,53,74,42,42,65,67,67,67,71,71,71,79,82,82,10,64,46,46,35,34,34,59,49,55,55,95,95,95,95,97,97,0],"gold":28,"neow_bonus":"THREE_ENEMY_KILL","is_prod":false,"is_daily":false,"chose_seed":false,"campfire_upgraded":7,"win_rate":0,"timestamp":1534140094,"path_taken":["M","$","M","?","?","E","$","R","T","?","R","M","E","M","R","BOSS","M","M","M","M","M","R","M","?","T","E","?","R","?","E","R","BOSS","M","M","?","M","?","R","E","M","T","$","M","$","R","M","R","BOSS"],"build_version":"2018-08-09","purchased_purges":1,"victory":false,"max_hp_per_floor":[70,70,70,70,70,70,70,70,70,70,70,70,72,72,72,72,72,74,76,76,78,78,78,80,80,80,80,80,80,82,82,82,82,82,82,84,84,86,86,86,88,88,88,95,95,95,95,97,97,97],"card_choices":[{"not_picked":["Dodge and Roll","Prepared"],"picked":"Underhanded Strike","floor":1},{"not_picked":["Bane","Setup"],"picked":"Deflect","floor":3},{"not_picked":["Backstab","Acrobatics"],"picked":"Corpse Explosion","floor":6},{"not_picked":["Caltrops","Blade Dance","Dagger Spray"],"picked":"SKIP","floor":10},{"not_picked":["Caltrops","Blade Dance"],"picked":"Dagger Spray","floor":10},{"not_picked":["Finisher","Outmaneuver"],"picked":"Prepared","floor":12},{"not_picked":["Blur","Eviscerate","Wraith Form v2"],"picked":"Singing Bowl","floor":13},{"not_picked":["Noxious Fumes","Bouncing Flask"],"picked":"Calculated Gamble","floor":14},{"not_picked":["Malaise","Corpse Explosion"],"picked":"Tools of the Trade","floor":16},{"not_picked":["Well Laid Plans","Dagger Spray","Caltrops"],"picked":"Singing Bowl","floor":18},{"not_picked":["Sucker Punch","Setup+1","Prepared"],"picked":"Singing Bowl","floor":19},{"not_picked":["Dodge and Roll","Poisoned Stab"],"picked":"Backflip+1","floor":20},{"not_picked":["Calculated Gamble","Skewer","Acrobatics+1"],"picked":"Singing Bowl","floor":21},{"not_picked":["Backflip","Heel Hook"],"picked":"Endless Agony","floor":22},{"not_picked":["Outmaneuver+1","All Out Attack","Eviscerate"],"picked":"Singing Bowl","floor":24},{"not_picked":["Tools of the Trade","Cloak And Dagger"],"picked":"Reflex+1","floor":27},{"not_picked":["Acrobatics+1","Dodge and Roll+1","Slice"],"picked":"Singing Bowl","floor":30},{"not_picked":["Choke","Backflip"],"picked":"Quick Slash+1","floor":31},{"not_picked":["Phantasmal Killer","Malaise"],"picked":"Bullet Time","floor":33},{"not_picked":["PiercingWail","Well Laid Plans"],"picked":"Poisoned Stab+1","floor":35},{"not_picked":["Heel Hook+1","Slice+1","Predator"],"picked":"Singing Bowl","floor":36},{"not_picked":["Predator","Poisoned Stab+1","Setup+1"],"picked":"Singing Bowl","floor":38},{"not_picked":["Dash","Flying Knee+1","Masterful Stab"],"picked":"Singing Bowl","floor":41},{"not_picked":["Flying Knee+1","Cloak And Dagger"],"picked":"Prepared+1","floor":42},{"not_picked":["Flying Knee","Deadly Poison+1"],"picked":"Skewer+1","floor":45},{"not_picked":["Outmaneuver+1","Underhanded Strike","Prepared+1"],"picked":"Singing Bowl","floor":48}],"player_experience":422784,"relics_obtained":[{"floor":4,"key":"Dead Branch"},{"floor":6,"key":"Bronze Scales"},{"floor":9,"key":"Vajra"},{"floor":13,"key":"Singing Bowl"},{"floor":26,"key":"Ninja Scroll"},{"floor":27,"key":"Lantern"},{"floor":31,"key":"Oddly Smooth Stone"},{"floor":41,"key":"Smiling Mask"},{"floor":43,"key":"Dream Catcher"}],"event_choices":[{"event_name":"The Joust","player_choice":"Bet on Owner","floor":25,"damage_taken":0},{"event_name":"The Library","player_choice":"Read","floor":28,"damage_taken":0},{"event_name":"Winding Halls","player_choice":"Embrace Madness","floor":37,"damage_taken":0},{"event_name":"Falling","player_choice":"Removed Skill","floor":39,"damage_taken":0}],"is_beta":false,"boss_relics":[{"not_picked":["Orrery","Fusion Hammer"],"picked":"Cursed Key"},{"not_picked":["Pandora\u0027s Box","White Beast Statue"],"picked":"Runic Pyramid"}],"items_purged_floors":[44],"is_endless":false,"potions_floor_spawned":[1,3,13,16,18,19,22,27,31,36,38],"killed_by":"Awakened One","ascension_level":7}