{"gold_per_floor":[112,112,34,50,63,89,89,108,108,108],"floor_reached":10,"playtime":422,"items_purged":[],"score":109,"play_id":"f4a6b522-551f-4369-bed9-7b712e307b4e","local_time":"20181203020827","is_ascension_mode":true,"campfire_choices":[{"data":"Blizzard","floor":7,"key":"SMITH"}],"neow_cost":"NONE","seed_source_timestamp":26109367513356,"circlet_count":0,"master_deck":["AscendersBane","Strike_B","Strike_B","Strike_B","Defend_B","Defend_B","Defend_B","Defend_B","Zap","Dualcast","Beam Cell","Chill","Blizzard+1","Redo","Compile Driver","Coolheaded"],"relics":["Cracked Core","NeowsBlessing","Calipers","Pear"],"potions_floor_usage":[6,6],"damage_taken":[{"damage":0,"enemies":"Small Slimes","floor":1,"turns":1},{"damage":0,"enemies":"Cultist","floor":4,"turns":1},{"damage":0,"enemies":"2 Louse","floor":5,"turns":1},{"damage":41,"enemies":"Lagavulin","floor":6,"turns":8},{"damage":10,"enemies":"Exordium Wildlife","floor":8,"turns":5},{"damage":32,"enemies":"Gremlin Nob","floor":10,"turns":3}],"seed_played":"-8992669816284200650","potions_obtained":[{"floor":4,"key":"Swift Potion"},{"floor":5,"key":"Block Potion"}],"is_trial":false,"path_per_floor":["M","?","$","M","M","E","R","M","T","E"],"character_chosen":"DEFECT","items_purchased":["Chill"],"campfire_rested":0,"item_purchase_floors":[3],"current_hp_per_floor":[68,68,68,68,68,27,27,17,27,0],"gold":108,"neow_bonus":"THREE_ENEMY_KILL","is_prod":false,"is_daily":false,"chose_seed":false,"campfire_upgraded":1,"win_rate":0,"timestamp":1543820907,"path_taken":["M","?","?","M","M","E","R","M","T","E"],"build_version":"2018-11-15","purchased_purges":0,"victory":false,"max_hp_per_floor":[75,75,75,75,75,75,75,75,85,85],"card_choices":[{"not_picked":["Stack","Redo"],"picked":"Beam Cell","floor":1},{"not_picked":["Heatsinks","Sunder"],"picked":"Blizzard","floor":4},{"not_picked":["Heatsinks","Sweeping Beam"],"picked":"Redo","floor":5},{"not_picked":["Force Field","Sweeping Beam"],"picked":"Compile Driver","floor":6},{"not_picked":["Thunder Strike","Conserve Battery"],"picked":"Coolheaded","floor":8}],"player_experience":784893,"relics_obtained":[{"floor":6,"key":"Calipers"},{"floor":9,"key":"Pear"}],"event_choices":[{"cards_removed":["Strike_B"],"damage_healed":0,"gold_gain":0,"player_choice":"Purged","damage_taken":0,"max_hp_gain":0,"max_hp_loss":0,"event_name":"Purifier","floor":2,"gold_loss":0}],"is_beta":false,"boss_relics":[],"items_purged_floors":[],"is_endless":false,"potions_floor_spawned":[4,5],"killed_by":"Gremlin Nob","ascension_level":12}