{"gold_per_floor":[119,119,44,64,83,83,98,118,118,128,128,128,146,179,179,274,274,294,294,305,220,234,234,248,145,145,145,177,177,193,193],"floor_reached":31,"playtime":1027,"items_purged":["Strike_R"],"score":414,"play_id":"036f75cc-7701-4ca0-b681-6d3f906478ed","local_time":"20181202220650","is_ascension_mode":true,"campfire_choices":[{"data":"Flex","floor":6,"key":"SMITH"},{"data":"Bash","floor":11,"key":"SMITH"},{"data":"Pommel Strike","floor":15,"key":"SMITH"},{"floor":23,"key":"REST"},{"floor":27,"key":"REST"},{"data":"Cleave","floor":29,"key":"SMITH"}],"neow_cost":"NONE","seed_source_timestamp":11006704617555,"circlet_count":0,"master_deck":["AscendersBane","Strike_R","Strike_R","Strike_R","Strike_R","Defend_R+1","Defend_R+1","Defend_R","Defend_R","Bash+1","Twin Strike+1","Pommel Strike+1","Flex+1","Warcry","Flex","Burning Pact","Flex+1","Shrug It Off+1","Offering","True Grit+1","Sword Boomerang","Havoc+1","Cleave+1"],"relics":["Burning Blood","Juzu Bracelet","War Paint","Philosopher\u0027s Stone","Nilry\u0027s Codex","Question Card","Singing Bowl","Red Skull"],"potions_floor_usage":[16,16,28,28],"damage_taken":[{"damage":7,"enemies":"Jaw Worm","floor":1,"turns":3},{"damage":1,"enemies":"Cultist","floor":4,"turns":4},{"damage":5,"enemies":"Small Slimes","floor":5,"turns":2},{"damage":7,"enemies":"3 Louse","floor":7,"turns":3},{"damage":6,"enemies":"Looter","floor":8,"turns":2},{"damage":9,"enemies":"Exordium Thugs","floor":10,"turns":5},{"damage":8,"enemies":"Blue Slaver","floor":13,"turns":2},{"damage":14,"enemies":"3 Sentries","floor":14,"turns":7},{"damage":20,"enemies":"The Guardian","floor":16,"turns":9},{"damage":22,"enemies":"2 Thieves","floor":18,"turns":3},{"damage":6,"enemies":"Chosen","floor":20,"turns":4},{"damage":11,"enemies":"Centurion and Healer","floor":22,"turns":4},{"damage":47,"enemies":"Chosen and Byrds","floor":24,"turns":6},{"damage":20,"enemies":"Gremlin Leader","floor":28,"turns":3},{"damage":6,"enemies":"Snecko","floor":30,"turns":2},{"damage":31,"enemies":"Snake Plant","floor":31,"turns":3}],"seed_played":"-1252236244946079888","potions_obtained":[{"floor":4,"key":"Explosive Potion"},{"floor":8,"key":"Weak Potion"},{"floor":14,"key":"Strength Potion"},{"floor":24,"key":"SteroidPotion"},{"floor":28,"key":"Regen Potion"}],"is_trial":false,"path_per_floor":["M","?","$","M","M","R","M","M","T","M","R","?","M","E","R","B",null,"M","?","M","?","M","R","M","$","T","R","E","R","M","M"],"character_chosen":"IRONCLAD","items_purchased":["Cleave","AttackPotion"],"campfire_rested":2,"item_purchase_floors":[25,25],"current_hp_per_floor":[71,71,71,76,77,77,76,76,76,73,73,57,55,47,47,33,68,52,36,36,36,31,55,14,14,14,38,26,26,28,0],"gold":193,"neow_bonus":"THREE_CARDS","is_prod":false,"is_daily":false,"chose_seed":false,"campfire_upgraded":4,"win_rate":0,"timestamp":1543806410,"path_taken":["M","?","$","M","?","R","M","M","T","M","R","?","M","E","R","BOSS","M","?","M","?","M","R","M","$","T","R","E","R","M","M"],"build_version":"2018-11-15","purchased_purges":1,"victory":false,"max_hp_per_floor":[80,80,80,80,80,80,80,80,80,80,80,80,80,80,80,80,80,80,80,80,80,80,80,80,80,80,80,82,82,84,84],"card_choices":[{"not_picked":["Clothesline","Anger"],"picked":"Twin Strike","floor":0},{"not_picked":["Power Through","Wild Strike"],"picked":"Pommel Strike","floor":1},{"not_picked":["Clash","Anger"],"picked":"Flex","floor":4},{"not_picked":["Armaments","Iron Wave"],"picked":"Warcry","floor":5},{"not_picked":["True Grit","Clash"],"picked":"Flex","floor":7},{"not_picked":["Perfected Strike","Pommel Strike"],"picked":"Burning Pact","floor":8},{"not_picked":["Anger","Clash"],"picked":"Flex","floor":10},{"not_picked":["Infernal Blade","Flex"],"picked":"Shrug It Off","floor":13},{"not_picked":["Shrug It Off","Bludgeon","Combust"],"picked":"SKIP","floor":14},{"not_picked":["Barricade","Demon Form"],"picked":"Offering","floor":16},{"not_picked":["Warcry","Power Through"],"picked":"True Grit+1","floor":18},{"not_picked":["Anger","Flame Barrier"],"picked":"Sword Boomerang","floor":20},{"not_picked":["Searing Blow","Wild Strike","Armaments","Berserk"],"picked":"SKIP","floor":22},{"not_picked":["Iron Wave","Clothesline+1","Anger"],"picked":"Havoc+1","floor":24},{"not_picked":["Pommel Strike","Rampage+1","Twin Strike","Feel No Pain"],"picked":"Singing Bowl","floor":28},{"not_picked":["Havoc","True Grit","Spot Weakness","Pommel Strike"],"picked":"Singing Bowl","floor":30}],"player_experience":776108,"relics_obtained":[{"floor":9,"key":"Juzu Bracelet"},{"floor":14,"key":"War Paint"},{"floor":19,"key":"Nilry\u0027s Codex"},{"floor":26,"key":"Singing Bowl"},{"floor":28,"key":"Red Skull"}],"event_choices":[{"damage_healed":0,"gold_gain":0,"player_choice":"Forge","damage_taken":0,"max_hp_gain":0,"max_hp_loss":0,"event_name":"Accursed Blacksmith","floor":2,"gold_loss":0,"cards_upgraded":["Twin Strike"]},{"damage_healed":0,"gold_gain":0,"player_choice":"Entered Light","damage_taken":16,"max_hp_gain":0,"max_hp_loss":0,"event_name":"Shining Light","floor":12,"gold_loss":0,"cards_upgraded":["Defend_R","Flex"]},{"damage_healed":0,"gold_gain":0,"player_choice":"Obtained Book","damage_taken":16,"max_hp_gain":0,"max_hp_loss":0,"event_name":"Cursed Tome","floor":19,"gold_loss":0},{"damage_healed":0,"gold_gain":0,"player_choice":"Obtained Relic","damage_taken":0,"relics_obtained":["Question Card"],"max_hp_gain":0,"max_hp_loss":0,"event_name":"Addict","floor":21,"gold_loss":85}],"is_beta":false,"boss_relics":[{"not_picked":["Busted Crown","Empty Cage"],"picked":"Philosopher\u0027s Stone"}],"items_purged_floors":[3],"is_endless":false,"potions_floor_spawned":[4,8,14,24,28],"killed_by":"Snake Plant","ascension_level":12}